3050 4775
190 398 454 460 CONSTANTINI
472 396 698 471 BAPTISMVS,
718 394 921 459 SILVES'I'RI
939 398 1179 458 Mlssevnvu.
1228 396 1245 455 9

122 585 272 657 κάκεῖνός
299 610 348 651 σοι
375 586 428 651 καί
454 586 510 670 τὴν
536 584 638 669 λύμην
665 585 807 650 ἀκέσετοι
837 592 892 669 τῆς
923 583 1043 669 σαρκὸς
1074 586 1128 649 καὶ
1160 586 1246 669 ζωῆς

123 691 315 773 ἀνανλέθρου
331 690 517 763 καταξιώσει
532 688 600 753 σε.”
645 688 695 753 ἐπί
717 689 836 760 τούτοις
859 690 878 753 ὁ
899 690 1043 772 βασιλεὺς
1065 695 1120 753 τοῦ
1144 691 1245 754 ῦπνου
1256 700 1291 754 10

123 794 305 875 ἀνενεγκὼν
328 794 440 858 στέλλει
462 793 534 864 τοὺς
555 794 862 875 μεταπεμψομένους
881 792 937 857 σῦν
953 794 1041 858 αίθοῖ
1050 793 1104 858 τὸν
1119 794 1245 858 έπίσιιο-

123 920 196 961 πον.
243 896 296 960 καὶ
317 898 566 981 παραγενομένῳ
589 903 635 979 τῷ
658 896 736 978 ἱερῷ
750 895 932 979 Σιλβέστρῳ
954 896 1048 961 “εἰπέ
1069 898 1151 979 μοι”
1173 899 1289 981 {pull

22 994 311 1065 111¹ii“ezionoae·
346 1001 576 1083 θρησκεύονται
602 995 678 1081 παρ’
702 1000 777 1082 ῦμῖν
799 998 870 1063 θεολ
892 998 1017 1083 Πέτρος
1037 1000 1092 1063 καὶ
1114 999 1246 1071 Παῦλος

100 1102 401 1186 6ὀνομαζόμενοι;”
428 1104 447 1167 ὁ
471 1104 504 1169 δὲ
527 1103 597 1174 “είς
619 1104 694 1186 ἡμῖν
716 1100 794 1173 θεὸς
815 1102 1025 1184 γινώσκεται”
1047 1103 1244 1185 ἀπεκρίνατο,
1256 1113 1290 1167 12

125 1202 273 1288 ’Ἡέτρος
296 1205 330 1271 ῦέ
350 1206 404 1271 καί
419 1206 549 1277 Παῦλος
565 1206 757 1288 θεράποντες
773 1205 893 1269 ἐκείνου
909 1204 963 1269 καί
979 1205 1128 1289 ὑπηρέται
1143 1201 1246 1269 εἷσίν.”

125 1310 200 1391 ἑξῆς
224 1306 282 1373 οὖν
305 1310 323 1373 ὁ
346 1308 489 1392 βασιλεὺς
513 1309 657 1391 διηγεῖται
680 1309 769 1390 αὐτῷ
791 1306 826 1371 τὸ
850 1308 1002 1381 ἐνύπνιον,
1032 1308 1087 1371 καλ
1108 1307 1144 1373 τὸ
1166 1303 1243 1372 καθ’
1256 1306 1331 1363 130

125 1413 213 1494 ἡμᾶς
235 1406 311 1493 παρ’
335 1412 433 1477 αὐτοῦ
454 1417 575 1495 μυεῖται
589 1412 761 1494 μυστήριον
776 1410 829 1474 καί
844 1412 1029 1493 βαπτίζεται.
1064 1411 1118 1475 καὶ
1133 1410 1246 1475 ἄνεισιν
1257 1411 1291 1464 14

84 1516 163 1579 loen
187 1521 243 1597 τῆς
264 1520 426 1597 παταγοῦς
449 1514 679 1597 κολυμβήθρας
702 1512 791 1596 ὑγιὴς
813 1513 897 1594 ὅλος,
929 1513 983 1576 καί
1005 1514 1116 1577 αῦτίιια
1139 1513 1247 1577 ἄδειάν

124 1642 156 1681 τε
180 1618 325 1701 κηρύττει
347 1623 531 1701 χριστιανοῒς
553 1616 607 1680 καὶ
629 1615 701 1686 τοὺς
724 1615 820 1688 ναοὺς
835 1616 939 1698 σφίσιν
954 1616 1178 1680 ἀναπετάννυσι
1193 1615 1247 1679 καὶ

124 1722 217 1791 νέους
241 1720 363 1803 ἐφίησιν
385 1720 607 1803 ἀνεγείρεσθαι.
646 1720 736 1783 κλείει
760 1718 795 1783 δὲ
816 1720 990 1801 τοῦμπαλιν
1003 1718 1040 1781 τὰ
1057 1720 1166 1802 τεμένη
1182 1723 1247 1782 τιῦν
1258 1720 1290 1775 15

125 1823 354 1905 ψευὸωνύμων
376 1823 474 1903 θεῶν,
510 1822 613 1892 ἀδεῶς
635 1846 667 1884 τε
689 1823 829 1896 θεσπίζει
849 1824 1011 1905 προσιέναι
1032 1821 1105 1892 τοῦς
1131 1822 1245 1905 βουλο-

126 1926 244 2006 μένους
266 1932 304 2009 τῇ
324 1926 421 1989 πίστει
443 1930 498 1989 τοῦ
514 1923 664 2007 Χριστοῦ.
702 1926 867 2007 βιάζεσθαι
881 1926 1016 2009 μὲνγὰρ
1032 1925 1147 1989 οῦῦένο
1163 1926 1247 2006 ἔλεγε
1257 1926 1290 1981 16

86 2028 308 2109 15βούλεσθαι,
342 2026 414 2098 τοὺς
438 2023 467 2091 θ’
491 2026 619 2098 ἑκόντας
646 2028 913 2111 προστιθεμένους
939 2036 986 2111 τῷ
1008 2027 1139 2111 Χριστῷ
1166 2029 1246 2092 ἀπο-

127 2132 285 2213 δέχεσθαι.

212 2232 254 2298 ‘0
276 2233 334 2316 μέν
357 2230 414 2297 οῦν
438 2234 522 2297 οὕτω
545 2239 583 2317 τῇ
605 2234 701 2297 πίστει
724 2240 780 2297 τοῦ
796 2232 937 2315 Χριστοῦ
959 2234 1188 2317 προσελήλυθε·
1212 2231 1247 2298 τὸ
1258 2235 1291 2289 17

125 2338 278 2422 κήρυγμα
301 2332 330 2401 θ’
353 2336 536 2402 έτιλατύνετο
551 2336 605 2402 καί
619 2338 779 2422 παρρησία
795 2342 858 2408 τοῖς
873 2336 1102 2421 χριστωνῦμοις
1117 2336 1246 2403 έθίθοτο.

182 2607 197 2660 1
218 2605 265 2660 καί
284 2607 368 2676 prius
388 2605 479 2662 omi]
552 2606 577 2660 l.
595 2606 613 2659 2
631 2605 678 2676 τὴν
687 2607 818 2676 λύμην-
829 2606 987 2670 καταξιῶσαι
996 2605 1037 2675 σε]
1057 2604 1104 2660 De
1114 2606 1247 2662 chinsmo

180 2693 211 2731 v.
231 2677 272 2731 ad
290 2677 363 2732 XIII
380 2677 440 2746 2‚6
522 2676 664 2746 4ίερεῒΕ
748 2678 939 2747 tractionem
958 2676 1056 2733 omo
1141 2679 1205 2742 855
1216 2686 1248 2749 ἧς

182 2804 248 2867 (sic)
268 2802 294 2859 Α
420 2803 437 2858 9
455 2804 524 2872 ἡμᾶς
543 2803 617 2873 pr
628 2801 678 2868 Di,
706 2805 775 2872 ὑμᾶς
793 2802 821 2858 Α
944 2803 1090 2874 μυστήριον
1102 2770 1204 2859 ‘egestas
1224 2805 1248 2858 Ε

183 2876 219 2929 10
235 2873 404 2944 παναγέαςΕ
496 2875 531 2929 10
548 2874 607 2934 ὅλος
625 2875 699 2946 ῦγιὴς
718 2875 742 2929 Ε
841 2876 871 2928 11
893 2877 984 2943 σφίσιν
1003 2875 1077 2944 pr
1087 2873 1138 2940 Di,
1157 2884 1249 2945 σφῖσιν

182 2945 219 3012 Α,
237 2952 273 3001 ut
291 2947 368 3002 solet
512 2947 587 3006 νέους
607 2945 642 3014 Ι),
662 2949 727 3006 ίσως
746 2947 811 3010 (sic)
829 2945 909 3006 ναοὺς
928 2944 981 3006 Dm
1122 2947 1155 3002 13
1172 2969 1249 3016 προς-

182 3018 247 3072 ιέναι
268 3019 384 3082 θεσπίζει
404 3017 477 3087 pr
560 3018 594 3072 14
612 3027 658 3072 τοῦ
677 3017 736 3086 ΑΕ,
756 3026 788 3086 τῇ
806 3025 852 3072 τοῦ
871 3017 944 3086 pr
1025 3027 1136 3087 χριστοῦ
1156 3018 1249 3074 oin-C

217 3089 342 3156 pirrum.
362 3088 384 3145 C
440 3089 474 3144 15
493 3099 531 3157 τῷ
549 3099 652 3158 χριστῷ
670 3090 890 3158 προςτιθεμένους
909 3088 982 3156 pr
1048 3090 1080 3144 17
1098 3091 1158 3159 περὶ
1177 3096 1248 3145 ante

182 3169 215 3230 τῇ
233 3159 371 3216 additum
391 3160 471 3216 delet
489 3161 601 3216 lineola
620 3162 819 3232 intraposita
839 3160 864 3214 D
943 3161 977 3216 18
995 3161 1101 3216 ἐδέδοτο
1120 3161 1194 3232 pr

129 3421 197 3461 esse
228 3407 453 3474 arcessendum,
487 3407 538 3476 qni
565 3411 595 3462 st
622 3407 703 3462 luem
735 3409 871 3478 corporis
902 3408 1084 3544 degulsurus
1111 3412 1191 3462 esset
1218 3411 1249 3462 et

129 3479 224 3532 vitem
253 3478 393 3532 interitus
424 3484 580 3549 expertem
612 3481 897 3534 communicaturus.
964 3481 1055 3534 uibus
1087 3477 1125 3533 de
1156 3478 1249 3534 rebus
1259 3473 1294 3527 10

129 3554 328 3618 experrectus
356 3552 521 3620 imperator
549 3565 566 3606 e
594 3565 699 3606 somno
728 3552 904 3621 episcopum
933 3554 1109 3606 reverenter
1137 3551 1250 3604 arcessi

128 3621 212 3676 iubet
240 3625 334 3690 etque
359 3621 398 3675 ad
424 3619 453 3678 S.
472 3619 658 3690 silvestrum,
688 3637 755 3676 cnm
782 3623 915 3677 venisset
939 3621 1012 3690 „Die
1037 3620 1123 3676 mihi⁰¹
1151 3617 1291 3690 inquitll

131 3693 303 3762 „episcope3
331 3693 472 3747 coluntur
491 3693 573 3763 apud
599 3708 655 3748 vos
679 3694 729 3760 dii,
756 3694 808 3762 qui
829 3694 938 3749 Petrus
961 3699 992 3748 et
1014 3693 1129 3747 Paulus
1156 3693 1249 3748 nomi·

128 3762 257 3817 nantur'⁴
284 3761 451 3832 Respondit
476 3765 525 3819 ilie
549 3763 650 3831 „Unus
675 3781 693 3818 a
716 3765 804 3819 nobis
829 3765 905 3819 deus
929 3766 1115 3836 agnoscitur,
1140 3763 1249 3818 Petrus
1260 3757 1294 3811 12

130 3840 232 3889 autem
253 3839 282 3888 et
300 3833 414 3890 Pontus
434 3841 504 3890 sunt
523 3837 601 3890 illius
620 3835 725 3891 famuli
745 3842 776 3891 et
794 3836 948 3891 ministri“.
984 3835 1061 3889 Tum
1085 3837 1250 3904 imperator
1259 3830 1293 3883 13

130 3911 255 3960 narrato
275 3907 302 3960 ei
321 3908 438 3961 somnio
457 3909 577 3962 areanis
597 3913 718 3962 nostrae
739 3907 896 3977 religionis
918 3909 1077 3962 instruitur
1101 3912 1131 3960 et
1155 3906 1249 3977 bapti·

131 3985 227 4032 estur.
265 3976 366 4047 Atque
380 3994 397 4032 e
410 3979 598 4034 sanctissimo
612 3979 662 4034 illo
676 3980 786 4036 balneo
800 3995 893 4034 sanus
913 3985 944 4034 et
962 3981 1081 4048 integer
1099 3971 1294 4032 ascendit214

132 4048 308 4104 Christianis
333 4050 526 4104 securitatem
553 4065 607 4119 per·
632 4067 801 4120 praecones
829 4051 988 4105 ‹lciurntiat
1015 4055 1045 4104 et
1072 4049 1185 4116 temple
1213 4049 1249 4102 iis

131 4122 228 4190 sperit
254 4125 283 4174 ot
309 4125 343 4174 ut
370 4136 453 4175 nova
480 4121 651 4175 conduntur
676 4124 830 4192 permittit.
865 4120 910 4175 Ae
929 4122 1061 4175 vicissim
1080 4120 1159 4174 suuis
1177 4119 1249 4173 ticti-
1261 4113 1294 4168 16

132 4193 246 4246 ciorum
266 4191 391 4246 deorum
412 4191 522 4246 clausis
541 4193 665 4262 impune
688 4193 944 4248 Christianismum
965 4193 1090 4259 quosvis
1110 4190 1249 4260 amplecti

131 4263 207 4316 sinit.
246 4261 322 4316 Num
342 4278 373 4317 se
393 4264 454 4316 vim
474 4263 596 4332 quidem
615 4265 766 4319 iacturum
787 4279 853 4319 esse
869 4266 990 4331 nemini,
1010 4265 1062 4332 qui
1081 4278 1155 4316 vero
1168 4261 1248 4316 uitro
1260 4256 1293 4310 16

131 4333 169 4388 ad
189 4333 339 4389 Christum
358 4349 391 4389 se
411 4334 616 4401 eontulissent,
636 4349 668 4390 se
688 4349 739 4390 eos
758 4335 886 4390 laudare
905 4335 1113 4406 profitebatur.

218 4404 268 4462 Sic
296 4405 344 4462 ilie
372 4405 462 4462 fldem
486 4404 686 4465 Christianam
714 4407 847 4480 suscepit
874 4406 1054 4480 evangelico
1084 4405 1248 4480 praeconio
1258 4399 1293 4458 17
