3050 4775
334 392 630 455 CONSTANTINVS
649 390 864 453 csecs'ivn.
902 390 1006 452 ΡΑΡΑ
1024 392 1108 452 LEO.
1227 396 1279 453 299

157 575 227 645 κατ’
251 580 349 645 αὐτοῦ
372 581 426 645 καί
441 582 607 665 συσχάντες
621 579 718 645 αθτὸν
733 579 935 665 ἐλωβήσανιό
951 581 982 645 οἱ
996 580 1033 644 τὰ
1050 582 1187 664 ὄμματα,
1212 576 1278 644 ἀλλ’

159 686 219 748 οὐκ
242 685 472 768 ἐξετύφλωσαν.
518 687 549 749 οί
567 684 628 767 γὰρ
644 685 859 767 ἐπιτραπέντες
873 684 929 768 τὴν
944 685 1103 767 τύφλωσιν
1118 684 1279 767 ἐφείσαντο
1291 686 1324 742 12

157 796 214 853 τοῦ
237 788 355 870 ἀνδρὸς
377 787 472 852 αὐτὸν
495 789 757 869 κατοικτείραντες
780 788 833 852 καί
856 788 979 862 ἔξωθεν
1001 788 1194 871 ἐλυμήναντο
1217 794 1280 859 τοῖς

159 892 257 956 αὐτοῦ
272 890 463 974 ὀφθαλμοῖς,
486 897 542 956 τοῦ
559 891 594 956 θέ
617 890 725 973 φωτὸς
747 890 843 955 αὐτὸν
859 892 919 955 οὐκ
935 892 1110 975 ἐπέρησαν.
1157 892 1193 975 ὃς
1207 914 1279 975 μετ·
1291 893 1324 949 13

130 996 261 1061 neumata
284 1002 331 1077 τῷ
351 1000 416 1059 τῶν
431 994 591 1077 Φράγγων
613 994 685 1077 ρηγῖ
706 994 876 1076 προσρυεὶς
893 993 1052 1077 Καρούλῳ
1067 994 1144 1077 παρ’
1161 994 1280 1059 ἐκείνου

159 1098 203 1169 εἷς
224 1097 279 1162 τὸν
299 1104 354 1181 τῆς
366 1096 493 1181 Ῥώμης
507 1097 702 1179 ἀποκατέστη
718 1096 839 1178 θρόνον
857 1097 911 1161 καί
931 1096 1005 1169 τοὺς
1027 1097 1165 1181 ἐχθροὺς
1188 1098 1279 1181 άνιη-

158 1201 290 1283 μύνατο,
315 1200 424 1274 ἐξάτου
447 1199 501 1264 καί
523 1201 543 1283 ἡ
563 1198 672 1281 Ῥώμη
695 1198 759 1263 ὖπό
782 1200 854 1272 τοὺς
881 1199 1048 1283 Φράγγαυς
1071 1202 1200 1283 ἐγένετο,
1223 1206 1279 1264 τοῦ
1291 1203 1323 1257 14
1342 1202 1366 1257 Β

161 1302 331 1385 Καραύλου
358 1303 577 1374 ταινιωθένιος
604 1302 667 1367 ὑπὸ
696 1309 751 1367 τοῦ
779 1303 917 1375 Λέοντος
944 1304 998 1367 καί
1024 1304 1177 1387 βασιλέως
1200 1302 1278 1368 Ῥω-

158 1406 265 1487 μαίων
292 1406 534 1487 ὀνομααθέπος.
580 1406 630 1470 ἐπὶ
659 1405 719 1488 γὰρ
745 1412 801 1471 τοῦ
828 1409 984 1489 προτέρου
1003 1406 1219 1471 Ἰουοτινιανοῦ
1242 1412 1280 1490 τῇ
1292 1408 1324 1464 lb
1342 1406 1472 1464 WIII98

113 1507 266 1590 107de
289 1508 429 1592 ἐπῆλθον
451 1509 482 1573 οἱ
508 1508 658 1592 Φράγγοι,
692 1509 728 1572 ἐκ
757 1510 868 1592 γένους
895 1509 981 1581 ὄντες
1009 1514 1073 1573 τῶν
1095 1508 1280 1592 Γερμανῶν,

159 1611 207 1681 ῶς
231 1612 300 1675 ἅνω
328 1635 391 1675 που
423 1613 549 1695 εἴρηται,
581 1611 637 1676 καλ
658 1611 739 1695 ἦσαν
762 1618 825 1683 τοῖς
843 1612 1011 1695 Ῥωμαίοις
1032 1612 1184 1695 πολέμιοι.
1230 1611 1280 1676 ini
1291 1614 1325 1669 16

159 1712 195 1777 θέ
209 1714 348 1785 Λέοντος
362 1720 418 1779 τοῦ
432 1714 578 1797 Ἰσαύρου
601 1714 620 1779 ὀ
643 1715 710 1778 τότε
724 1716 833 1787 πάντας
850 1714 1026 1798 Ιρηγόριος
1049 1714 1100 1779 διὰ
1122 1714 1178 1798 τὴν
1200 1715 1278 1779 ἐκεί-

159 1840 217 1881 νου
239 1817 432 1892 κακοθοξίαν
454 1816 593 1889 ἀποστὰς
615 1824 671 1883 τοῦ
694 1819 831 1882 ὑπείκειν
852 1825 899 1901 τῷ
919 1818 1026 1901 ἀσεβεῖ
1036 1818 1158 1901 βασιλεῖ
1169 1818 1280 1901 ἐκείνῳ

159 1919 214 1983 καὶ
231 1920 446 2003 θασμοφορεῖν
461 1920 515 1984 καί
533 1926 589 1985 τοῦ
612 1927 774 1985 κοινωνεῖν
796 1926 860 1991 τοῖς
882 1920 1007 2004 ἀσεβῶς
1028 1925 1204 2002 προεστῶσι
1225 1926 1280 2003 τῆς

114 2022 326 2105 Ιόἐκκλησίας
352 2029 407 2106 τῆς
433 2023 807 2106 Κωνσταντινουπόλεως,
841 2022 1001 2087 ἐσπείσατο
1033 2029 1096 2094 τοῖς
1123 2021 1280 2105 Φράγγοις

159 2124 214 2188 καὶ
235 2124 290 2197 τὰς
312 2124 394 2207 πρὸς
416 2126 554 2196 ἐκείνους
575 2127 682 2209 μάχας
702 2126 878 2191 κατέλυσεν.
925 2125 975 2189 ἐπὶ
991 2125 1025 2190 δὲ
1043 2125 1279 2191 Κωνατανιίνου
1291 2128 1324 2183 17

159 2228 215 2292 καί
236 2226 377 2312 Εἰρήνης
398 2228 418 2291 ὁ
439 2228 548 2300 πάντας
571 2228 666 2293 Λέων
692 2229 746 2292 καί
773 2230 815 2300 εἶς
842 2228 898 2311 τὴν
917 2228 1044 2312 Ῥώμην
1066 2228 1181 2300 αὐτοὺς
1203 2226 1313 2295 rior-0

215 2424 229 2477 l
248 2422 280 2478 τά
299 2439 356 2478 om.
376 2424 401 2478 E
481 2424 711 2493 θάπετάφλωσαν
730 2423 754 2481 Ο
835 2424 860 2478 3.
880 2423 897 2478 4
915 2424 994 2480 αὐτὸν
1012 2422 1058 2478 καί
1076 2429 1145 2488 (om.
1164 2422 1202 2490 Α)
1220 2445 1280 2479 κατ·

213 2496 387 2562 οικτείραντες
414 2497 648 2564 (κατῳκτείραντες
670 2495 707 2561 Α)
736 2496 782 2549 καὶ
809 2496 912 2559 ἔξωθεν
935 2496 1096 2566 ἐλυμήναντο
1118 2504 1172 2556 τοῖς
1200 2496 1280 2551 αὐτοῦ

212 2567 364 2635 ὀφθαλμοῖς
382 2565 442 2630 ΑΕ,
470 2569 599 2636 eiusque
624 2568 738 2622 miserti
764 2570 954 2622 extrinsecus
983 2567 1087 2623 oculos
1113 2567 1279 2622 laeserunt:

218 2639 269 2693 We
288 2638 347 2707 lot,
366 2639 411 2693 καὶ
429 2640 483 2703 ἔξω
501 2647 556 2699 τοῖς
573 2639 725 2708 ὀφθαλμοῖς
737 2638 818 2693 αὐτοῦ
830 2639 992 2708 ἐλυμήναντο
1011 2638 1092 2708 Οιιρ,
1112 2639 1165 2703 ἐξω
1180 2639 1279 2694 deleto

213 2709 282 2762 add.
296 2708 361 2767 Dw:
379 2710 458 2765 αιἰτὸν
470 2712 691 2778 κατοικτείραντες
703 2711 806 2773 ἔξωθεν
873 2711 890 2765 7
910 2710 1087 2780 ρουῖέγίνετο
1105 2710 1174 2764 add.
1194 2710 1280 2764 τέλεον

214 2780 247 2846 Ο,
266 2797 405 2851 prorsus:
430 2783 480 2837 Wo
499 2782 549 2835 iat.
636 2782 723 2836 ὃθπὸ
742 2781 777 2848 Α,
796 2781 868 2850 παρὰ
886 2782 960 2851 pr
1047 2781 1072 2836 8.
1092 2782 1110 2836 9
1128 2782 1180 2836 ὑπὸ
1198 2789 1279 2836 τοῦ-

210 2851 313 2922 Ἰουσι.]
337 2853 409 2922 παρὰ
428 2854 602 2908 ἰουσιινιανοῦ
621 2852 657 2920 D,
687 2855 767 2907 ἰουστ.
792 2853 890 2908 θείοιο
916 2853 986 2907 edd.
1004 2852 1057 2913 Dw
1081 2855 1205 2909 omissa:
1234 2861 1280 2908 τοῦ

211 2924 523 2984 λίαντος-ἶουατινιανοῦ
605 2925 622 2980 9
640 2931 712 2980 ante
730 2924 780 2994 γὰρ
800 2925 869 2979 add.
887 2924 935 2993 μὲν
953 2924 1027 2993 pr
1105 2925 1213 2992 πρώτου
1231 2923 1280 2979 BC

215 2995 249 3048 10
267 3001 335 3064 posi
352 2997 384 3050 ἐκ
403 2997 472 3050 add.
491 3005 538 3051 τοῦ
558 2995 585 3049 D
662 2995 762 3066 γένους]
783 3003 828 3051 τοῦ
847 2997 943 3056 ἔθνους
962 2995 1009 3050 BC
1093 2997 1123 3048 ll
1143 2995 1205 3064 που]
1225 2995 1280 3050 XV

211 3066 238 3131 4,
259 3066 323 3121 lits.
400 3070 532 3136 ἱστόρηται
552 3066 605 3120 Bi)
682 3077 734 3127 τοῖς
752 3068 781 3121 ἐν
799 3076 830 3136 τῇ
849 3067 927 3136 ῥώμη
947 3067 995 3124 ΒΟ
1069 3068 1103 3122 13
1121 3075 1158 3135 τῷ
1177 3067 1283 3136 βασιλεῖ

212 3138 305 3207 άσεβεῖ
326 3140 330 3204 Ι
355 3139 450 3207 ἐκείνῳ
469 3139 501 3205 Ε,
528 3139 622 3207 ἐκείνῳ
641 3147 679 3207 τῷ
697 3139 790 3209 ἀσεβεῖ
807 3139 911 3210 βασιλεῖ
927 3138 1031 3208 Bpr,
1062 3147 1099 3208 τῷ
1117 3138 1222 3209 βασιλεῖ
1241 3138 1279 3199 ῶς

212 3209 306 3280 ἀσεβεῖ
320 3210 347 3264 Ι)
422 3211 455 3265 14
472 3211 576 3281 ἀσεβέσι
595 3211 751 3279 προστάταις
771 3210 794 3266 0
869 3211 902 3266 15
921 3219 966 3280 τῆς
986 3227 1042 3266 om.
1062 3210 1089 3264 D

158 3407 272 3477 populo
292 3413 398 3461 eontra
417 3407 498 3461 illurn
513 3409 665 3462 concitato
678 3409 705 3462 ei
718 3408 874 3463 laeserunt
888 3409 998 3474 oeulos,
1019 3412 1195 3462 nontamen
1210 3406 1276 3460 ade·

158 3483 287 3532 morunt.
324 3477 399 3533 Nam
420 3480 448 3545 ii,
476 3479 587 3547 quibus
606 3495 655 3533 res
674 3484 739 3532 eret
761 3479 914 3544 insudate,
944 3484 1145 3548 pepercerunt
1168 3466 1323 3531 miseri-12

159 3548 265 3603 cordis
283 3549 407 3604 adducti
426 3551 537 3604 homini
558 3555 588 3604 et
605 3550 710 3604 oeulos
723 3549 913 3604 extrinsecus
927 3549 1079 3604 laeserunt
1092 3549 1204 3602 lumine
1217 3563 1276 3602 non

158 3620 311 3690 adempto.
348 3620 405 3685 Qui
429 3637 497 3674 curn
521 3621 560 3674 ad
583 3621 733 3687 Carnium,
762 3621 947 3675 Francorum
972 3637 1083 3689 regem,
1112 3619 1223 3674 deinde
1246 3634 1279 3673 se
1292 3611 1323 3665 13

159 3692 343 3760 contulisset,
372 3693 412 3745 ab
436 3693 486 3746 iiio
509 3693 573 3747 sedi
595 3693 750 3747 Romanae
774 3693 930 3746 restitutus
952 3693 1088 3745 inimicos
1107 3707 1178 3744 suos
1197 3690 1278 3744 ultus

158 3769 219 3830 est;
232 3764 271 3817 ab
284 3764 382 3832 iisque
394 3765 582 3833 temporibus
596 3763 704 3817 Franci
718 3763 814 3818 Romo
828 3765 913 3833 potiti
928 3770 1006 3826 sunt,
1022 3762 1129 3817 Cereio
1144 3777 1162 3814 a
1176 3761 1279 3816 Leone
1290 3754 1323 3838 l}

159 3849 274 3888 corone
293 3840 399 3888 ornato
419 3841 450 3888 ei
468 3835 673 3889 Romanorum
697 3850 772 3904 rege
796 3835 956 3904 appellato.
994 3833 1068 3887 Nem
1094 3835 1150 3888 sub
1179 3833 1279 3902 priore
1291 3827 1324 3878 ln

159 3905 327 3959 iustiniano
347 3905 464 3971 Franci,
488 3905 668 3960 Germanica
689 3908 782 3975 stirpe
802 3906 932 3970 oriundi,
955 3905 1071 3959 ltaliam
1092 3906 1279 3970 invaserunt,

158 3981 194 4030 nt
211 3991 305 4046 supro
324 3983 369 4030 est
384 3979 565 4046 expositum,
584 3979 769 4043 suerunt-qne
783 3977 986 4030 Romanorum
1002 3978 1110 4031 hostes.
1148 3973 1207 4030 Sed
1221 3975 1278 4028 snb
1291 3969 1323 4023 16

160 4045 264 4101 Leone
276 4047 383 4102 Isauro
397 4047 573 4118 Gregorius,
593 4063 674 4116 papo
693 4049 773 4101 iliius
789 4050 940 4117 temporis,
960 4049 998 4102 ob
1018 4063 1192 4117 perversam
1212 4046 1278 4099 eius

160 4119 333 4186 opinionem
359 4120 399 4173 ob
421 4135 496 4188 rege
519 4120 569 4173 iiio
594 4120 686 4188 impio
714 4119 825 4172 ‹iei'eeit
853 4121 943 4188 eique
970 4121 1115 4174 tributum
1145 4117 1278 4188 pendere

159 4189 273 4244 destitit
292 4205 393 4260 neque
411 4193 468 4245 sibi
489 4193 650 4259 quiequam
672 4205 737 4244 esso
757 4191 801 4243 rei
821 4191 918 4244 voluit
938 4207 1004 4244 curn
1021 4191 1119 4256 impiis
1132 4189 1278 4243 ecelesiae

160 4259 339 4329 Cpoiitanee
355 4264 524 4331 praesectis,
544 4263 723 4328 omissisque
742 4261 827 4315 bellis
847 4277 952 4331 pacem
973 4277 1040 4314 eum
1054 4261 1178 4314 Francis
1197 4260 1277 4314 iecit.

160 4331 224 4387 Sub
243 4331 440 4387 Constantino
460 4349 551 4402 porro
571 4340 601 4387 et
616 4333 703 4385 Irene
723 4347 803 4402 pape
822 4332 884 4387 Leo
905 4347 957 4386 eos
977 4334 1065 4386 otiam
1083 4332 1208 4386 Romam
1228 4330 1277 4384 ed·
1290 4327 1323 4382 17

159 4404 252 4474 misit3
271 4405 317 4459 sie
336 4411 366 4460 et
384 4405 471 4461 italie
490 4407 635 4460 univorsa
654 4409 685 4458 et
704 4404 771 4476 ipso
791 4404 885 4460 Roma
904 4411 974 4458 sunt
994 4405 1089 4476 potiti.
