3050 4775
251 392 303 447 220
524 392 659 449 ZONAR.
680 392 778 449 EPIT.
797 393 866 450 XIV
888 395 927 463 19,
947 394 1061 461 2140,
1080 394 1106 449 2.

165 573 239 630 021
346 578 410 640 Τοῦ
438 576 633 659 πατριάρχου
662 578 696 639 δὲ
724 576 857 639 Παύλου
886 577 1013 640 δώδεκα
1042 578 1200 649 ἐνιαυτοὺς
1231 578 1368 648 ἀνοσίως

249 680 441 760 προστάντος
471 686 526 761 τής
555 680 729 761 ἐκκλησίας,
763 678 826 741 εἶτα
857 680 1020 752 θανόντος,
1053 681 1203 761 εἰσάγεται
1230 681 1322 743 πάλιν
1349 680 1368 743 ὁ

250 781 383 863 Πύρρος
415 783 458 851 εἰς
488 780 544 863 τήν
574 780 781 863 ποιμαντικήν
808 788 863 845 τοῦ
890 781 970 845 λαοῦ
997 782 1368 855 Κωνσταντινουπόλεως,

205 882 295 965 ἳλτῴ
319 884 492 965 δωδεκάτῳ
516 886 572 946 ἔτει
595 891 649 966 τῆς
671 884 826 966 βασιλείας
848 890 904 946 τοῦ
928 884 1142 955 Κώνσταντος.
1188 884 1280 956 οὗτος
1307 886 1367 968 γὰρ

250 986 418 1068 δΗόρρος
441 986 600 1059 ἐξωσθείς,
625 987 671 1056 ὡς
693 988 819 1068 εἴρηται,
842 994 897 1069 τῆς
915 988 1080 1069 ἐκκλησίας
1095 990 1138 1057 είς
1153 988 1279 1071 Ῥώμην
1293 988 1395 1070 cipi-t

250 1113 321 1153 κετο
349 1090 402 1152 καί
431 1089 587 1171 ἐλεγχθεὶς
609 1088 696 1169 παρὰ
720 1095 775 1151 τοῦ
799 1090 888 1170 ἁγίου
913 1090 1064 1171 Μαξίμου
1087 1097 1198 1161 κακῶς
1221 1091 1368 1164 δοξάζων

251 1192 406 1274 ἀπεκρίθη
430 1192 635 1273 μετατεθῆναι
658 1199 712 1274 τῆς
736 1191 831 1273 δόξης
853 1197 917 1255 τῶν
933 1193 1181 1275 Μονοθεληιῶν,
1204 1193 1257 1256 καί
1274 1194 1367 1256 ἀπαι-

250 1295 354 1376 τηθεὶς
377 1293 463 1375 παρὰ
487 1300 542 1356 τοῦ
565 1293 632 1357 τότε
654 1294 743 1355 πάπα
767 1294 905 1376 λίβελλον
926 1294 998 1375 περὶ
1019 1296 1153 1367 πίστεως
1176 1296 1298 1359 δέδωκε
1314 1295 1368 1358 καί

206 1396 241 1449 23
251 1398 377 1479 ἐδέχθη.
423 1396 485 1459 εἶτα
508 1404 562 1480 τῆς
577 1395 701 1479 Ῥώμης
724 1397 939 1479 ὑποχωρήσας
961 1397 1015 1460 καὶ
1037 1399 1080 1467 εἰς
1094 1398 1259 1480 Ῥάβενναν
1274 1398 1367 1461 ἀπελ-

207 1498 241 1552 94
251 1499 323 1563 θὼν
350 1500 496 1581 ἐγνώσθη
524 1506 579 1582 τῆς
601 1500 752 1581 αἱρέσεως
774 1498 818 1581 μὴ
843 1500 961 1570 ε’κστάς.
1007 1500 1085 1564 ὅθεν
1107 1501 1126 1563 δ
1148 1500 1256 1570 πάπας
1278 1506 1369 1564 τοῦτο
1383 1502 1414 1555 ¹0

250 1601 370 1684 μαθὼν
401 1601 455 1665 καί
481 1601 552 1671 τοὺς
579 1598 632 1665 ὑπ’
662 1601 758 1665 αὐτὸν
785 1601 975 1673 ἐπισκόπους
1002 1603 1156 1684 ἀθροίσας
1187 1604 1370 1683 καθαίρεσιν

161 1702 347 1767 Μῦαὐτοῦ
371 1704 486 1767 τελείαν
508 1705 752 1787 κατεψηφίσατο.
776 1702 869 1774 οὗτος
892 1703 949 1767 οὖν
970 1704 1006 1767 τδ
1026 1705 1171 1787 δεύτερον
1184 1712 1288 1788 μῆνας
1303 1707 1369 1769 τέσ-

207 1806 351 1890 26domoc
374 1807 427 1871 τδν
449 1808 570 1889 θρόνον
592 1815 646 1891 τῆς
665 1806 900 1871 Κωνοταντίνου
923 1807 1127 1889 κατεσχηκὼς
1149 1809 1293 1891 τέθνηκε·
1316 1808 1369 1871 καί

251 1910 472 1993 προεχειρίσθη
488 1910 682 1992 πατριάρχης
698 1909 831 1990 Πέτρος,
855 1909 1013 1991 δμόδοξος
1035 1910 1089 1972 καί
1112 1908 1204 1980 οὗτος
1226 1917 1292 1982 τοῖς
1306 1910 1370 1992 πρὸ

253 2013 360 2093 αὐτοῦ,
385 2012 438 2075 καί
461 2012 510 2075 ε’πλ
534 2012 660 2076 δώδεκα
683 2019 737 2094 τῆς
760 2012 926 2093 ἐκκλησίας
943 2013 1042 2093 ἄρξας
1057 2010 1215 2083 ἐνιαυτοὺς
1231 2014 1369 2096 θνήσκει.
1384 2014 1416 2068 ¹5

207 2114 241 2167 27
251 2114 326 2195 μεθ’
351 2115 388 2177 ὃν
409 2116 544 2196 προίοτη
568 2120 632 2177 τῶν
655 2114 845 2195 ἀρθοδόξων
865 2113 995 2196 Θσηιᾶς,
1019 2122 1073 2197 τῆς
1096 2116 1199 2197 ὀρθῆς
1221 2116 1371 2198 ἐχόμενος

253 2217 357 2299 δόξης,
386 2218 422 2287 ὃς
444 2217 520 2299 μετὰ
546 2218 605 2279 δύο
628 2218 678 2299 ἔτη
702 2217 756 2279 καὶ
779 2224 882 2299 μῆνας
904 2216 979 2279 ἑπτὰ
1002 2217 1056 2281 τὸν
1078 2218 1148 2300 βίον
1169 2218 1372 2301 μετηλλαχὼς

248 2318 399 2403 Ἰωάννην
422 2322 492 2403 ἔσχε
516 2320 673 2402 διάδοχον,

207 2421 243 2476 28
346 2420 447 2493 Οὗτος
475 2422 492 2484 δ
520 2423 663 2505 βασιλεὺς
690 2424 844 2493 Κώνστας
871 2421 925 2486 τὸν
952 2423 1032 2486 ίδων
1063 2425 1180 2487 ἀνεῖλεν
1211 2424 1370 2506 ὁμαίμονα

256 2523 429 2589 Θεοδόσιον
451 2524 504 2588 καὶ
528 2525 663 2608 ἐμισήθη
687 2523 750 2588 ὑπὸ
774 2531 838 2588 τῶν
859 2531 914 2608 τῆς
935 2525 1060 2596 πόλεως
1083 2526 1134 2589 διά
1156 2551 1188 2590 τε
1210 2532 1302 2591 τοῦτο
1317 2527 1419 2589 salto

256 2722 269 2771 1
288 2719 349 2786 περὶ
366 2727 538 2786 πατριαρχῶν
557 2719 602 2772 καί
621 2725 666 2772 τοῦ
685 2719 798 2786 Πύρρου
818 2720 914 2785 (πόρου
934 2719 968 2780 ll)
988 2718 1036 2773 ΟΕ
1113 2720 1146 2775 19
1164 2723 1237 2780 ὅπως
1254 2721 1370 2788 ἐμισήθη

253 2793 269 2843 δ
286 2792 414 2850 Κώνστας
432 2791 504 2858 παρὰ
523 2797 576 2844 τῶν
595 2791 726 2859 ὑπηκόων
744 2791 789 2844 καὶ
808 2792 845 2849 εἷς
863 2791 987 2844 Σικελίαν
1003 2791 1106 2860 ἀπάρας
1117 2792 1178 2846 ε’κεῖ
1186 2792 1304 2861 ἀνῃρέθη
1325 2791 1372 2846 ΟΕ

310 2983 322 3036 l
344 2982 463 3050 δώδεκα]
485 2999 512 3034 v.
527 2980 700 3036 Gudeolli‘m
722 2983 738 3034 1.
754 2997 777 3034 e.
798 2998 826 3051 p.
837 2981 922 3036 2438.
994 2982 1013 3035 4
1030 2983 1080 3036 ἔτει
1097 2992 1142 3053 τῆς
1158 2985 1289 3053 βασιλείας
1306 2984 1374 3037 κών-

308 3075 414 3114 οταντσς
435 3053 469 3119 l),
491 3062 535 3121 τῆς
548 3054 680 3122 βασιλείας
694 3061 738 3107 τοῦ
750 3055 917 3113 κώνοταντος
930 3054 980 3106 ἔτει
995 3055 1067 3123 Ewp
1139 3055 1156 3107 5
1175 3055 1285 3124 εἴρηται]
1306 3055 1374 3108 xlv

309 3127 350 3193 18,
369 3126 386 3178 9
465 3127 596 3192 ἱστόρηται
611 3124 732 3195 Bcltwp
812 3126 828 3179 ’ί
846 3126 1020 3194 μετατεθῆναι
1036 3125 1160 3195 Ονιρῦί,
1179 3129 1325 3195 μεταθήνοι
1339 3126 1373 3188 Α,

308 3197 374 3264 μετὰ
394 3197 501 3265 τεθῆναι
521 3197 544 3250 Ε
663 3196 696 3250 14
714 3196 777 3264 τοῖς]
797 3204 850 3250 τῶν
868 3197 892 3250 Β
1009 3198 1043 3251 15
1061 3198 1107 3251 καί
1126 3196 1251 3266 prDi‚
1272 3214 1328 3252 om.
1348 3197 1375 3251 A

310 3269 343 3322 17
362 3268 407 3322 καὶ
427 3283 483 3333 om.
504 3267 532 3320 D
603 3268 748 3337 μετήλλαχε
766 3268 812 3322 καί
832 3269 854 3322 Ε
927 3269 963 3323 20
981 3269 1026 3323 καὶ
1045 3269 1171 3323 alterum
1192 3285 1249 3323 om.
1270 3269 1292 3324 C

209 3457 242 3511 21
343 3463 520 3518 Patriaroha
547 3465 652 3531 Paulo,
682 3481 749 3520 cum
779 3466 938 3521 duodecim
967 3481 1064 3520 annos
1085 3465 1231 3520 ecclesiae
1258 3468 1375 3521 nefaris

255 3537 447 3606 praefuisset,
475 3541 594 3591 mortuo
622 3537 757 3606 Pyrrhus
778 3537 956 3592 duodecimo
986 3553 1066 3592 anuo
1095 3539 1183 3607 regni
1202 3537 1375 3594 Constantis

210 3602 286 3662 ltin
306 3607 409 3663 sedem
428 3607 512 3662 urbis
533 3609 714 3678 pastoralem
733 3615 904 3662 revocatur.
942 3608 1018 3663 Nam
1039 3623 1116 3674 cum,
1135 3614 1170 3662 ut
1189 3609 1373 3677 dictumest,

255 3680 384 3734 ecclesia
404 3679 574 3745 excidisset,
593 3679 719 3734 Romam
733 3682 887 3749 proiectus
906 3685 936 3735 et
955 3696 973 3733 a
992 3686 1097 3734 sancto
1108 3679 1240 3734 Maximo
1260 3695 1375 3750 pravae

256 3751 407 3820 opinionis
427 3752 585 3805 convictus
611 3767 643 3806 se
664 3752 834 3806 deseruisse
853 3751 1117 3805 Monothelitmum
1137 3753 1312 3820 opinionem
1340 3753 1374 3806 si-

256 3823 350 3876 mulat
368 3821 564 3891 libellumque
585 3823 622 3876 de
642 3823 701 3877 lide
721 3839 777 3878 sua
791 3837 890 3892 popae
908 3825 1022 3892 petenti
1042 3823 1138 3890 offert,
1158 3839 1176 3876 a
1195 3839 1256 3891 quo
1267 3839 1373 3893 appro-

210 3889 344 3947 23batus
364 3898 416 3948 ost.
455 3893 529 3948 Indo
549 3894 625 3948 clam
645 3893 823 3950 Ravennam
852 3894 1008 3964 digressus
1027 3895 1174 3949 haeresim
1194 3894 1295 3949 celare
1313 3911 1374 3949 non

210 3961 245 4014 24
257 3966 361 4034 potuit.
399 3965 465 4028 Quo
485 3981 567 4036 papa
587 3972 749 4035 comperto,
770 3966 946 4020 convocatis
963 3966 1026 4019 suis
1040 3966 1190 4034 episcopis
1209 3981 1278 4020 eum
1294 3967 1375 4036 peni-

210 4034 304 4090 thus
325 4037 514 4091 condemnat.
552 4037 806 4107 Isigitu1·denuo
826 4035 1067 4105 sedeCpolitana
1086 4053 1140 4106 per
1153 4053 1272 4092 menses
1292 4043 1376 4107 quat-

210 4105 325 4161 ‘litum
344 4108 457 4176 potitus
477 4111 612 4163 moritur.
651 4109 684 4162 Ili
713 4107 848 4163 succedit
876 4107 1050 4175 patriarcha
1068 4108 1185 4174 Petrus,
1215 4114 1246 4163 et
1273 4111 1339 4177 ipse
1357 4125 1376 4162 a

210 4177 244 4229 27
257 4179 407 4248 prioribus
428 4196 489 4233 non
500 4181 693 4247 dissentia11s3
713 4195 773 4248 quo
794 4184 864 4248 post
882 4194 978 4233 alanos
989 4178 1148 4234 duodecim
1169 4186 1288 4234 mortuo
1300 4179 1376 4234 Tho·

257 4265 320 4303 ilias
339 4266 432 4304 verae
443 4253 611 4306 sententiae
626 4251 768 4306 defensor
779 4250 956 4304 orthodoxis
967 4251 1111 4320 praefuit3
1130 4253 1182 4319 qui
1201 4257 1270 4321 post
1279 4267 1377 4306 annos

257 4321 334 4376 duos
354 4327 384 4376 et
402 4337 521 4376 menses
541 4329 654 4391 septem
674 4327 812 4375 niortuus
831 4321 977 4376 Ioannem
998 4321 1105 4377 habuit
1125 4338 1340 4378 successorem.

210 4391 245 4445 ⁴28
347 4391 458 4447 Verum
479 4410 532 4448 rex
552 4393 700 4448 Constans
720 4393 757 4449 ob
779 4408 901 4447 caesum
921 4393 1044 4448 fratrem
1064 4393 1268 4449 Theodosium
1288 4401 1318 4450 et
1337 4395 1376 4449 ob
