3050 4775
234 393 288 452 408
542 392 678 451 ZONAR.
699 393 797 449 EPIT.
817 393 886 449 XVI
904 394 930 462 6,
951 394 1045 449 1-14.

234 601 277 648 τις
300 582 364 641 τῶν
387 575 423 640 τὰ
447 577 517 660 περὶ
540 578 637 642 αὐτοῦ
662 577 927 661 έξιστορησάντιον
949 577 985 640 ἔτι
1007 582 1063 641 τοῦ
1084 580 1148 640 τῶν
1157 574 1355 658 Ἂρσακιόῶν

208 679 329 744 2αύτὸν
354 680 464 762 γένους
487 680 678 762 κατάγεσθαι
700 679 901 761 τερατεύεται.
947 685 1002 743 τοῦ
1028 679 1182 763 Κρούμου
1210 679 1246 742 δέ
1278 677 1355 760 (τῶν

234 782 433 864 Βουλγάριον
462 777 490 844 θ’
519 781 558 865 ήν
586 779 678 852 οὗτος
705 781 857 866 ἀρχηγός)
890 781 946 866 τήν
970 782 1227 865 Ἀθριανούπολιν
1257 804 1353 845 κατα-

235 885 372 967 σχόντος,
396 884 449 947 nul
473 885 503 946 οῖ
525 884 636 947 τούτου
660 885 842 968 γεννήτορες
860 885 1053 967 αἰχμάλωτοι
1068 884 1228 967 γεγονότες
1242 884 1285 954 εἷς
1299 883 1355 966 τήν

203 987 364 1050 Οέκείνων
395 987 506 1068 χώραν
537 988 750 1071 μετήχθησαν,
784 988 938 1069 όρτιγενὲς
965 994 1075 1051 τοῦτον
1102 987 1156 1051 καί
1178 987 1382 1068 ύπομόζιονό

208 1089 391 1171 3φέροντες.
436 1095 491 1152 τοῦ
527 1089 680 1172 Κρούμου
714 1089 749 1152 δὲ
780 1090 1038 1173 ἀποβεβιαικότσς
1072 1090 1133 1172 ήδη
1165 1090 1270 1171 ἕτερος
1301 1094 1356 1170 τῆς

236 1191 335 1274 ἀρχῆς
358 1196 422 1254 τῶν
441 1191 636 1274 Βουλγόριον
659 1192 831 1277 ἐπείληπτο,
855 1195 892 1263 ὃς
913 1193 1062 1263 πολλάκις
1080 1193 1114 1256 ἕν
1128 1192 1278 1274 πολέμοις
1292 1195 1356 1260 τοῖς

234 1293 316 1376 πρὸς
335 1293 512 1375 Ῥωμαίους
534 1295 710 1375 θραυσθεὶς
733 1295 873 1364 σπονδὰς
894 1295 976 1377 πρὸς
1004 1294 1058 1358 τὸν
1084 1294 1152 1358 τότε
1180 1299 1355 1374 κρατοῦντα

231 1395 400 1478 Ῥωμαίων
428 1396 589 1479 πεποίητο,
621 1397 675 1460 καὶ
703 1397 778 1468 τοὺς
805 1399 1025 1481 αἰχμαλώτους
1047 1397 1260 1478 ἐλευθερῶσαι
1282 1396 1393 1460 συν-Ι)
1406 1395 1449 1450 Ν
1460 1398 1494 1450 18

236 1498 336 1580 ἑθετο,
360 1496 414 1561 καί
436 1499 541 1580 μέντοι
563 1499 617 1562 καὶ
639 1500 719 1564 κατὰ
742 1499 797 1570 τὰς
820 1501 985 1583 συνθήκας
1008 1500 1185 1582 πεποίηκεν.
1231 1498 1354 1581 ἐφήβου
1369 1503 1403 1557 10

210 1601 265 1664 4ύ’
296 1599 335 1683 ἦν
363 1598 484 1683 ἡλικίας
516 1601 583 1666 τότε
615 1603 782 1687 ἁψόμενος
808 1605 827 1669 ό
856 1604 1024 1673 Βασίλειος.
1069 1603 1221 1685 νηπιόθεν
1251 1603 1356 1684 μέντοι

236 1702 335 1766 πολλὰ
360 1709 471 1786 σημεῖα
492 1706 637 1786 γενέσθαι
653 1705 730 1790 φασλ
744 1708 801 1790 τὴν
815 1707 972 1791 βασιλείαν
988 1706 1075 1787 αύτῷ
1089 1704 1355 1788 προσημαίνοντα,

210 1803 285 1870 noir
307 1809 342 1870 ἓν
365 1806 404 1888 ἦν
426 1807 480 1870 καὶ
502 1807 536 1870 τὸ
560 1809 790 1893 ῥηθησόμενον.
836 1810 947 1892 νήπιος
968 1809 1028 1891 μὲν
1043 1808 1082 1890 ἦν
1097 1808 1116 1871 ό
1132 1807 1304 1888 Βασίλειος,
1327 1805 1358 1869 οἱ

238 1908 272 1972 δὲ
295 1909 405 1972 τούτου
430 1916 528 1990 γονεῖς
550 1911 622 1992 περὶ
644 1911 741 1994 θέρος
764 1912 936 1995 ἠσχόληντο
959 1910 1070 1975 καὶτὸ
1096 1911 1207 1994 νήπιον
1233 1909 1356 1972 ύπνῶτ-

82 2019 167 2073 Wlll
177 2018 228 2073 132
237 2035 291 2076 τον
314 2009 376 2075 ὑπὸ
399 2011 453 2075 τὸν
475 2012 562 2096 ήλιον
584 2015 693 2078 ἔκειτο·
718 2014 807 2085 ἀετὸς
830 2015 865 2078 dd
884 2014 1054 2096 πετόμενος
1068 2012 1234 2096 πρόσγειος
1248 2010 1356 2093 ήπλω-
1368 2017 1402 2072 15

168 2121 196 2175 D
212 2115 346 2197 6μέναις
372 2120 438 2185 ταῖς
464 2115 590 2197 πτέρυξι
617 2123 663 2199 τῷ
689 2117 800 2199 βρέφει
831 2117 922 2182 σκιὰν
953 2116 1138 2199 έσχεόίαζεν.
1184 2115 1204 2197 ή
1232 2113 1268 2177 dd
1294 2113 1356 2196 μή·

238 2240 296 2300 τηρ
328 2217 375 2288 ὡς
407 2217 468 2280 εἶδε
499 2217 553 2282 τὸν
581 2218 671 2282 ἀετὸν
699 2227 745 2302 τῷ
772 2220 859 2283 παιὸὶ
884 2219 1136 2302 προσεγγίζοντα,
1169 2216 1228 2300 ήρέ
1248 2239 1281 2279 τε
1301 2215 1358 2297 τὴν

238 2319 353 2404 φωνήν
375 2319 428 2383 καὶ
450 2321 653 2405 προσέθραμε
676 2329 722 2405 τῷ
744 2323 807 2406 υῐῴ
828 2321 882 2386 καὶ
901 2321 1002 2393 λίθοις
1017 2319 1071 2384 τὸν
1086 2319 1177 2384 ἀετὸν
1192 2319 1357 2382 ἀπεθίωκε.

240 2570 403 2695 ἕλορῧημεῖον
420 2569 480 2637 περὶ
493 2570 537 2623 τόν
550 2570 688 2625 Βασίλειον
700 2572 803 2641 γεγονὸς
820 2572 972 2641 πρσόηλοῦν
990 2572 1099 2641 (δηλοῦν
1111 2566 1149 2634 Α)
1162 2568 1199 2628 ὡς
1211 2569 1358 2637 βασιλεύσει

297 2835 361 2891 1τᾶ
381 2853 437 2892 om.
457 2836 484 2891 D
563 2840 757 2908 ίστορησάντων
777 2840 804 2893 D
882 2839 1037 2907 ἀρσακιθῶν
1055 2834 1261 2907 DssssllwpDr',
1280 2836 1358 2905 ἄρσα-

293 2910 380 2962 κίόων
398 2908 449 2964 ΑΟ
548 2910 799 2978 3ἀνδριανούπολιν
818 2910 878 2977 ED,
899 2926 976 2965 corr.
995 2908 1047 2968 Dw
1141 2909 1312 2980 ’λγενήτσρες
1331 2907 1358 2961 D

293 2980 310 3035 5
329 2980 451 3049 ἀρτιγενῆ
467 2980 550 3050 pr,
569 2982 705 3051 ἀρτιγεννῆ
724 2982 775 3040 Dw
857 2984 874 3037 6
893 2990 938 3035 τοῦ
956 2982 1078 3049 κρούμου
1097 2979 1127 3035 δὲ
1145 2980 1359 3050 ἀποβεβιωκότος

293 3053 344 3120 ἤδη
365 3050 474 3123 AEwp,
493 3053 549 3107 ε’πεὶ
567 3054 591 3107 ‹l'
611 3054 627 3106 ό
644 3061 761 3122 κρσῦμος
781 3054 943 3122 κατέστρεφε
961 3052 1008 3121 τὴν
1026 3052 1101 3121 ζωήν
1120 3052 1144 3107 Ο
1246 3051 1279 3105 12
1296 3072 1359 3118 προ·

292 3124 425 3191 μηνύοντα
444 3124 516 3193 Ewp
591 3124 624 3178 13
643 3124 676 3194 ήν
694 3124 718 3193 ὁ]
737 3126 876 3194 ἐτύγχανεν
894 3125 952 3180 όΟ
1017 3125 1137 3191 βασιλευς
1156 3123 1192 3188 D,
1211 3138 1287 3177 coir.
1307 3123 1359 3179 Dw

296 3194 330 3248 14
342 3194 381 3263 oi]
395 3194 480 3263 γὰρΟ
555 3195 588 3249 15
600 3198 800 3265 περιπετόμενος
813 3196 885 3267 pr
960 3196 993 3248 16
1007 3214 1027 3247 τ.
1039 3196 1163 3262 πτέρυξιν
1175 3194 1309 3262 ε’σχεθίαζε
1321 3202 1359 3261 τῷ

295 3266 389 3355 βρέφει
408 3266 485 3393 onega
505 3267 577 3338 Ewp
652 3268 684 3322 ii
704 3288 730 3322 τε
749 3267 841 3323 om.0
917 3268 950 3323 18
967 3266 1028 3335 υἱῷ]
1047 3266 1116 3334 ἀετῷ
1135 3266 1163 3319 Ι)
1235 3264 1358 3335 ἀπεσόβει

294 3357 337 3391 τον
355 3358 430 3392 αετσν

241 3541 427 3609 Macedonia,
459 3544 635 3612 parentibus
655 3544 793 3599 obscuris
817 3549 909 3610 orius,
937 3544 993 3599 etsi
1013 3544 1136 3614 quidam
1164 3558 1265 3598 rerum
1294 3543 1360 3597 eius

242 3620 397 3682 gestarum
416 3616 544 3685 scriptor
563 3630 632 3670 aum
652 3630 751 3686 genus
764 3616 804 3669 ab
817 3614 972 3670 Arsacidis
991 3615 1103 3670 ducere
1117 3615 1360 3669 comminiscitur.

214 3683 397 3755 20ccupata
426 3701 499 3741 vero
524 3702 543 3740 a
561 3686 682 3756 Crumo,
712 3687 915 3757 Bulgarorum
943 3687 1030 3755 duce,
1058 3685 1266 3755 Adrianopoli‚
1295 3686 1360 3739 eius

242 3772 364 3825 quoque
384 3762 526 3826 parentes
545 3760 625 3827 capii
645 3761 675 3812 in
695 3758 870 3828 Bulgariam
889 3759 1092 3825 abducuntur,
1116 3758 1196 3812 hunc
1214 3758 1360 3810 infantem

215 3827 272 3883 {lei
286 3828 447 3883 lactantem
460 3844 562 3884 secum
580 3837 744 3900 gestantes.
782 3829 892 3885 Crumo
912 3830 1065 3897 defuncto,
1085 3843 1242 3883 successor
1261 3827 1361 3883 multis

242 3898 379 3953 cladibus
403 3916 423 3954 a
446 3899 588 3956 Romanis
615 3902 748 3972 acceptis
776 3917 882 3971 pacem
911 3915 979 3955 cum
1008 3902 1190 3971 imperatore
1217 3905 1282 3954 tum
1306 3898 1360 3953 Ro·

243 3986 331 4025 niano
345 3972 425 4039 iacit,
446 3974 582 4043 captivis,
603 3989 678 4041 quos
698 3972 831 4028 habebat
843 3974 897 4036 (ita
915 3974 993 4027 enirn
1008 3971 1205 4037 convenerat)
1219 3970 1360 4037 dimissis3

214 4040 302 4111 dquo
323 4047 459 4112 tempore
478 4044 657 4099 adulescens
677 4050 743 4099 crat
762 4044 899 4111 Basilius,
919 4046 968 4098 cui
987 4044 1096 4098 infanti
1114 4042 1216 4097 mullis
1236 4042 1360 4096 ostentis

242 4128 370 4183 regnum
391 4115 594 4185 significatum
615 4118 810 4183 sauciarunt,
835 4131 963 4185 quorum
992 4116 1022 4169 id
1040 4129 1162 4184 quoquo
1180 4113 1247 4180 iuli,
1277 4109 1360 4182 quod

215 4184 423 4239 5narraturus
442 4201 516 4241 sum.
554 4186 628 4242 Cum
644 4185 774 4241 Basilius
793 4192 873 4242 esset
891 4188 992 4241 iulans
1011 4202 1047 4241 uc
1066 4186 1244 4256 parentibus
1263 4199 1360 4239 musso

242 4258 397 4326 occupatis
411 4258 467 4312 sub
482 4258 544 4313 sole
558 4257 708 4325 dormiret,
729 4259 832 4327 aquila
845 4273 941 4329 propo
960 4263 1071 4313 terram
1090 4256 1198 4312 volans
1216 4255 1360 4326 expansis

215 4328 232 4379 6
243 4327 297 4381 alis
310 4328 448 4383 umbram
459 4330 485 4383 ei
497 4330 641 4399 faciebam
656 4345 746 4399 quam
757 4335 853 4384 mater
864 4345 931 4384 oum
945 4330 1053 4384 inianii
1064 4346 1083 4383 a
1105 4330 1360 4400 propinquantem

216 4399 375 4469 lvidissct,
403 4401 523 4455 sublata
542 4417 619 4457 voce
637 4403 769 4458 accurrit
789 4406 820 4456 el
841 4403 973 4472 aquilam
992 4346 1145 4471 lapidiDus
1167 4398 1279 4469 abegit.
1316 4397 1360 4451 Ea
