3050 4775
255 409 309 464 630
521 407 658 465 zonis.
678 407 776 463 EPIT.
796 406 880 464 XVII
898 408 941 477 23,
954 406 1068 475 33-24,
1082 407 1108 463 5.

255 590 540 674 σφενάονουμένων
554 590 635 655 κατὰ
656 594 721 655 τῶν
744 590 902 669 ἐναντίαιν,
926 590 968 661 είς
991 589 1041 654 ἐπί
1062 588 1117 654 τὸν
1139 588 1291 673 τύραννον
1313 588 1374 651 ἀπο

255 693 310 759 καί
335 699 392 757 τοῦ
418 692 478 776 μὲν
509 692 548 757 οὖ
580 692 742 775 καθίκετο,
776 692 888 757 δειλίαν
917 693 951 757 δὲ
977 692 1115 775 κάκείνῳ
1144 692 1197 756 καί
1219 698 1282 763 τοῖς
1303 690 1375 774 περί

256 795 352 860 αὐτὸν
375 796 544 879 ἐνεποίησε,
577 794 631 859 καί
656 796 803 866 λύσαντες
825 794 881 877 τήν
902 796 1075 878 παράταξιν
1097 794 1311 877 ἀπενόστησαν
1332 794 1375 863 είς

256 898 313 982 τήν
339 899 493 981 σφετέραν
518 897 724 981 παρεμβολὴν
750 896 805 960 καί
832 898 935 962 οὐκέτι
965 906 1003 982 τῇ
1034 898 1199 981 πολιορκίᾳ
1227 898 1374 978 ἐπικεχει-

212 1002 400 1085 34ρήκασιν.
446 999 524 1065 ἀλλά
546 1023 630 1071 τινας
651 1000 802 1083 βραχείας
824 1002 945 1084 ἡμέρας
962 1002 1154 1084 προσμείνας
1169 1001 1188 1065 ὅ
1203 1002 1404 1081 topos-votus

258 1104 324 1169 ἐπεὶ
350 1105 438 1187 ἐώρα
465 1103 539 1174 τοὺς
565 1102 625 1186 μὲν
651 1107 716 1167 τῶν
743 1104 869 1167 οἰκείων
891 1109 1159 1187 προσχωροῦντας
1181 1110 1227 1185 τῷ
1249 1102 1376 1185 βασιλεῖ,

258 1206 331 1279 τοὺς
354 1206 389 1271 ἀὲ
411 1206 638 1289 σκιάναμένους
659 1204 713 1268 καί
736 1204 1009 1287 ἐκάιάράσκοντας,
1033 1206 1233 1269 ἀπανίσταται
1249 1204 1309 1288 μίν
1323 1210 1378 1287 τῆς

258 1309 330 1392 περί
351 1308 387 1372 τὸ
409 1308 486 1372 doro
508 1307 722 1390 προσεθρείας,
747 1307 839 1391 ἀπῄει
863 1308 897 1372 ἀὲ
913 1308 960 1379 ῶς
975 1308 1113 1379 εὐπετῶς
1128 1314 1192 1372 τῶν
1207 1306 1378 1391 &Quantos

174 1412 429 1495 (ὶῧὸκρατήσων
450 1410 627 1493 φρουρίων,
651 1404 716 1472 ἀλλ’
741 1410 948 1493 ἀπεκρούσθη
971 1411 1135 1475 κάκείνων.
1182 1412 1215 1474 ἐν
1236 1410 1378 1492 τοσούτῳ

261 1514 296 1579 δέ
326 1520 473 1597 παρῆσαν
505 1514 538 1575 αἱ
563 1518 618 1595 τῆς
645 1509 730 1596 ἐῷας
757 1511 906 1595 δυνάμεις
932 1514 1182 1597 ἀνακεκλημένοι
1208 1510 1295 1595 παρὰ
1322 1517 1377 1575 τοῦ
1391 1516 1424 1571 10

215 1615 495 1697 36αὐτοκράτορος
525 1614 580 1678 καί
610 1613 691 1678 κατὰ
722 1620 779 1679 τοῦ
805 1622 1032 1698 τυραννοῦντος
1059 1615 1245 1701 ἀφείθησαν.
1291 1616 1321 1679 οἱ
1349 1610 1376 1679 θ’

261 1717 421 1800 αὐτῷτὴν
436 1717 627 1782 ἀποστασίαν
642 1722 886 1800 συγκροτοῦιαες
907 1719 954 1789 ῶς
976 1720 1077 1801 ἔγνων
1099 1725 1202 1800 τοῦτο,
1227 1718 1379 1787 ἀείσαντες
1389 1720 1415 1774 D
1432 1718 1472 1773 IV
1488 1717 1515 1771 16

260 1820 332 1903 περί
363 1821 477 1903 σφίσιν,
509 1819 586 1883 ἀλλὰ
619 1820 673 1884 καὶ
704 1826 760 1884 τοῦ
787 1825 852 1885 τῶν
880 1822 974 1904 ἐφ’ων
1000 1823 1169 1906 ταγμάτων
1193 1820 1380 1904 ἐξάρχοντος

260 1922 697 2006 παραστρατοπεδευσαμένου
712 1928 777 1994 τοῖς
792 1924 978 1995 ἀποστάταις
993 1926 1046 1989 καί
1064 1924 1137 1995 τοὺς
1157 1924 1217 2008 μίν
1240 1924 1380 2006 ὁμιλίαις,

260 2026 334 2097 τοὺς
357 2025 392 2089 δέ
414 2024 468 2089 καί
491 2025 653 2108 γράμμασι
674 2026 840 2096 πείθοντος
863 2026 1075 2110 αὐτομολῆσαι
1097 2034 1144 2109 τῷ
1164 2026 1380 2109 αὐτοκράτορι,
1392 2033 1425 2089 15

261 2128 373 2198 πάντες
389 2126 502 2211 σχεδὸν
516 2127 655 2198 λιπόντες
675 2126 730 2191 τὸν
751 2129 984 2211 τυραννήσαντα
1007 2130 1213 2215 προσήνωντο
1236 2134 1300 2198 τοῖς
1321 2129 1380 2211 βα-

263 2231 400 2312 σιλικοῖς,
433 2228 487 2292 καί
514 2229 552 2292 οὐ
580 2234 645 2293 τῶν
673 2230 810 2312 ἀσήμων
837 2230 939 2313 μόνον
961 2230 1042 2315 ήσαν
1065 2229 1150 2296 οὗτοι
1173 2234 1381 2314 στρατιωτῶν,

264 2331 341 2397 ἀλλὰ
357 2332 411 2397 καί
425 2336 489 2397 τῶν
505 2332 668 2415 ἐπιφανῶν
684 2332 738 2396 καί
754 2334 1031 2418 ἐστρατηγηκότων
1046 2334 1100 2398 καί
1114 2332 1384 2417 λαμπρυνθέντων

264 2437 385 2520 ἀρχαῖς,
409 2434 479 2507 ἐνὸς
495 2435 597 2518 μόνου
620 2441 685 2500 τῶν
707 2437 871 2520 ἐπισήμων
893 2437 1195 2520 παραμεμευηκότος
1218 2439 1306 2519 αὐτῷ
1327 2441 1383 2500 τοῦ

172 2542 200 2596 D
220 2538 419 2621 37Βατάτζη.
466 2538 514 2609 ῶς
537 2533 565 2601 δ’
590 2536 648 2602 οὖν
675 2540 899 2623 ἐγκατελείφθη
921 2539 1004 2622 πρὸς
1025 2545 1090 2604 τῶν
1111 2540 1272 2604 λοιπῶνά
1301 2539 1430 2620 Tap-so

317 2769 335 2824 ὃ
353 2769 488 2838 ἐνεποίησε
506 2767 632 2838 prDi,
652 2769 804 2838 ἐνεποίησεν
821 2769 848 2824 Α
867 2771 906 2838 (ν.
927 2770 966 2822 ad
985 2767 1057 2824 XIII
1078 2769 1101 2834 l,
1120 2769 1158 2834 ὃ),
1177 2769 1281 2838 ἐποίησε
1300 2767 1323 2822 Β

317 2840 335 2894 4
346 2838 496 2908 πολιορκίη]
503 2840 582 2907 ὀρκία
590 2839 688 2894 deleto
697 2841 1088 2911 antecedentemprpfloivtlj
1099 2840 1221 2904 (oblitus
1231 2847 1276 2896 est
1283 2841 1383 2894 scriba

318 2911 433 2967 addere
452 2927 507 2982 pro
527 2911 626 2966 deleto
646 2913 742 2966 verbo
759 2914 819 2966 πολι
837 2918 867 2966 et
880 2914 1077 2981 exstinguere
1090 2911 1228 2981 spiritum
1240 2911 1383 2965 vocabuli

318 2985 483 3054 sequentis)
555 2983 754 3052 προςήάρευσαν
773 2983 798 3039 Ο
870 2983 887 3036 5
905 2984 1030 3051 τύραννος
1048 2984 1120 3053 Ewp
1192 2985 1210 3037 8
1226 2984 1383 3051 προςτάρίας

319 3057 402 3124 Ewp,
421 3071 449 3107 v.
469 3055 509 3109 ad
527 3053 597 3108 XVI
615 3055 640 3122 8,
662 3055 694 3108 18
827 3055 861 3108 14
881 3055 1172 3122 στρατοπεδευσαμένου
1191 3053 1221 3120 C,
1241 3069 1316 3109 corr.
1337 3053 1384 3112 (ἐν

321 3127 354 3181 16
372 3127 541 3186 ἀπολιπόντες
559 3126 632 3195 Eup
706 3125 739 3178 17
756 3128 848 3194 μόνον
867 3126 948 3195 Ewp,
969 3141 997 3180 v.
1017 3126 1056 3180 ad
1075 3125 1144 3180 XIV
1163 3126 1187 3193 6,
1204 3125 1237 3180 31
1311 3125 1383 3181 οὗτοι

320 3214 377 3253 om.
397 3197 424 3251 D
496 3199 532 3254 20
551 3199 683 3265 reprimor
701 3196 776 3266 pr

267 3409 484 3475 emitterentur,
509 3421 605 3460 unum
628 3407 660 3460 in
683 3407 782 3476 ipsum
809 3406 957 3462 directum
982 3407 1137 3462 oberravit
1161 3406 1235 3461 illud
1254 3405 1385 3477 quidem,

267 3480 322 3534 sed
341 3485 371 3534 et
388 3479 446 3549 ipsi
464 3482 496 3533 ot
513 3479 580 3533 eius
599 3477 779 3533 satellitibus
799 3481 916 3532 tontum
935 3479 1061 3534 incussit
1077 3483 1231 3546 terrorem,
1249 3483 1284 3533 ut
1303 3478 1386 3534 dissi-

222 3546 341 3621 34pota
359 3552 426 3604 aoie
444 3550 475 3603 in
494 3554 594 3603 eastra
607 3551 722 3604 reversi
735 3550 775 3603 ab
795 3552 1024 3620 oppugnatione
1044 3550 1230 3604 desisterent.
1268 3549 1386 3605 Paucos

267 3623 362 3691 igitur
381 3621 446 3675 dies
468 3621 509 3676 ibi
529 3627 732 3676 commoratus
751 3626 901 3690 tyrannus
914 3635 981 3675 eurn
1002 3637 1041 3675 ex
1054 3623 1116 3676 suis
1130 3621 1205 3675 alios
1224 3621 1263 3674 ad
1281 3637 1386 3691 rogem

268 3693 407 3760 deficere,
426 3693 501 3746 alios
515 3692 650 3762 dispergi
663 3698 693 3746 et
706 3694 857 3763 aufugere
870 3693 995 3760 videret,
1015 3693 1118 3747 relicta
1131 3694 1215 3747 urbis
1229 3692 1386 3748 obsidione

268 3764 392 3820 castella
411 3763 559 3818 Thraciae
587 3779 620 3818 so
647 3765 737 3818 faoilo
764 3768 984 3834 occupaturum
1008 3769 1092 3820 ratus
1117 3765 1156 3818 ab
1182 3764 1238 3818 illis
1263 3779 1387 3834 quoque

224 3835 409 3906 35repulsus
428 3840 480 3889 est
517 3834 639 3890 Interea
658 3837 764 3906 oopioe
785 3836 945 3890 orientales
965 3837 1003 3890 ab
1023 3837 1204 3905 imperatore
1223 3841 1386 3891 revocatae

224 3907 381 3963 3liodsunt
399 3912 430 3961 et
448 3911 554 3960 contra
572 3912 736 3976 tyrannum
755 3909 924 3962 mittuntur.
962 3907 1028 3971 Quo
1048 3908 1227 3961 delectionis
1245 3908 1318 3962 socii
1339 3922 1386 3962 eo·

268 3980 355 4050 gnito
383 3978 440 4032 sibi
467 3981 645 4045 metuentes,
673 3994 741 4032 oum
771 3978 961 4033 orientalium
990 3993 1112 4048 quoquo
1140 3979 1293 4048 legionum
1322 3978 1386 4032 dux

270 4056 370 4105 eastra
396 4066 492 4120 prope
515 4049 582 4104 iilos
606 4052 757 4120 posuisset
781 4049 904 4105 stallos
924 4050 1089 4119 colloquiis,
1118 4049 1193 4104 alios
1211 4050 1317 4104 litteris
1336 4051 1388 4104 im-

271 4121 404 4192 pulisset,
431 4129 466 4175 ut
485 4121 525 4175 od
544 4122 757 4190 imperatorem
784 4122 1020 4191 transfugerent,
1051 4121 1116 4176 iere
1140 4135 1243 4176 omnes
1267 4119 1388 4178 desorto

270 4199 401 4260 tyranno
425 4207 494 4246 oum
518 4195 610 4263 regiis
634 4208 667 4248 se
690 4194 923 4258 coniunxerunt,
955 4205 1055 4260 neque
1074 4192 1094 4244 ii
1113 4192 1248 4262 gregarii
1271 4195 1390 4248 tantum

270 4264 387 4330 milites,
406 4264 562 4318 sedetiam
584 4266 642 4318 viri
654 4265 792 4332 illustres,
813 4264 905 4318 duces
919 4269 949 4318 et
961 4263 1166 4332 magistratus,
1185 4278 1246 4318 uno
1267 4264 1391 4332 quidem

226 4335 310 4390 etex
329 4335 548 4406 insignioribus
566 4335 692 4390 Botatze
709 4336 749 4388 ab
769 4336 819 4389 illo
839 4350 900 4389 non
924 4334 1091 4388 deficiente.
1129 4334 1275 4390 Tornioes
1297 4336 1392 4406 igitur

271 4409 310 4462 ab
331 4408 471 4463 omnibus
490 4407 660 4476 destitutus,
688 4406 773 4460 nulla
792 4421 845 4476 spe
864 4405 1015 4461 evadendi
1035 4405 1148 4474 relicto,
1178 4421 1245 4462 oum
1265 4405 1393 4463 Botatzs
