3050 4775
415 440 627 504 senooosn
646 440 852 527 ralnsrors
872 442 1036 505 samue.
1232 446 1284 505 aas

168 630 279 712 ἐκείνῳ
301 630 643 713 ύπεραπολοχήσαοδαι
668 636 724 695 τοῦ
752 630 870 714 ἀνδρὸς
898 630 1110 714 ὡρμηκότων,
1144 628 1212 695 οὐδ’
1238 630 1286 695 εἰτ’

168 733 306 804 ἐκείνους
337 738 392 817 τῆς
423 732 560 815 γλώττης
592 733 735 816 ἐφείσατο
768 734 838 797 οὔτε
868 732 934 817 μὴν
962 733 1057 798 αὐτόν
1083 734 1205 818 η’δέσύη
1234 733 1288 797 τὸν

168 833 350 919 Κομνηνόν.
395 840 490 899 ταῦτα
513 835 586 907 τοὺς
609 837 798 918 στρατιώτας
820 838 863 907 εἰς
886 837 1027 920 ἀθυμίαν
1056 837 1192 919 ἐνέβαλε,
1224 842 1315 907 τοῖς8

167 937 227 1021 μὲν
249 937 353 1009 ἄλλοις
375 936 611 1023 φιλοτιμότατον
634 938 777 1021 ὁρῶντας
799 938 853 1002 τὸν
868 940 1008 1023 Μιχαήλ,
1032 939 1137 1010 αὐτοῖς
1154 938 1188 1003 δὲ
1209 940 1286 1023 μηδ’

10 1046 37 1098 D
53 1046 159 1101 11184
169 1044 202 1107 ἕν
216 1041 321 1124 λόγοις
335 1041 371 1105 τό
386 1042 514 1125 εύμενίς
529 1042 775 1126 ἐνδεικνύμενον,
799 1042 891 1125 ὅμως
905 1045 1010 1126 μέντοι
1033 1044 1166 1127 ἐπέσχον
1188 1043 1289 1127 μηδέν

167 1170 194 1209 τι
221 1145 410 1229 νεωτερίσαι,
443 1145 520 1209 ἀλλὰ
547 1145 602 1209 καί
631 1146 779 1229 δευτέραν
806 1152 918 1230 πεῖραν
947 1148 1112 1229 ἐπαγαγεῖν
1141 1146 1287 1231 ἐβουλεύ-

168 1272 272 1315 οαντο.

252 1352 333 1416 Ἀλλ’
350 1352 457 1436 ἑτέραν
475 1351 555 1416 κατὰ
577 1357 633 1416 τοῦ
656 1352 810 1436 βασιλέως
832 1354 989 1436 προτέραν
1011 1352 1132 1419 τούτων
1154 1354 1173 1418 ό
1196 1352 1315 1436 λόγος9
1329 1357 1356 1412 Ι)

170 1457 377 1541 διηχηοάσύιο
399 1461 456 1520 νῦν
479 1456 692 1520 ἐπανάστασιν.
739 1457 758 1520 ό
782 1454 842 1539 γὰρ
864 1462 920 1521 τοῦ
942 1458 1097 1540 βασιλέως
1120 1456 1287 1521 Κωνσταν-
1299 1463 1334 1518 10

125 1560 253 1623 1οτίνου
278 1564 335 1623 τοῦ
358 1560 560 1642 Μονομάχου
588 1559 760 1643 ἐξάδελφος
783 1558 802 1623 δ
824 1559 982 1643 πρόεδρος
1009 1558 1187 1633 Θεοδόσιος,
1220 1560 1288 1642 ἄρτι

167 1668 223 1725 τοῦ
246 1660 377 1744 Μιχαὴλ
399 1662 642 1745 ἀναρρηθέντος,
675 1662 709 1726 ἕν
736 1663 830 1745 δεινῷ
855 1663 1067 1745 ποιησάμενος
1088 1660 1144 1744 τὴν
1167 1662 1287 1725 ἐκείνου

169 1764 350 1847 ἀνάρρησιν,
372 1763 446 1836 τοὺς
469 1765 604 1836 οἰκείους
625 1765 825 1848 θεράποντας
846 1765 1106 1849 προσλαβόμενος
1129 1765 1186 1829 καί
1204 1787 1288 1835 τινος

169 1868 282 1938 ἄλλους
298 1867 367 1932 ὅσοι
381 1864 449 1931 κατ’
467 1868 585 1933 ἐκεῖνον
601 1868 753 1952 ε’λαφρίαν
776 1867 907 1932 ἐνόσουν
930 1873 1067 1951 φρενῶν,
1090 1866 1161 1950 περὶ
1185 1865 1288 1951 δείλην

169 1970 266 2053 όφίαν
290 1969 340 2034 διὰ
361 1976 416 2055 τῆς
438 1969 557 2053 ἀγορᾶς
580 1971 681 2055 ἀπῄει,
713 1970 834 2042 τούτοις
861 1970 1151 2054 δορυφορούμενος,
1184 1970 1288 2051 ἑαυτῷ

126 2074 340 2156 15προσήκειν
361 2073 397 2137 τό
419 2073 536 2157 κράτος
558 2074 659 2157 λέγων
683 2074 733 2138 διὰ
755 2074 813 2157 τὴν
832 2072 913 2155 πρὸς
928 2072 982 2135 τὸν
998 2071 1197 2155 Μονομάχον
1212 2094 1287 2153 συγ-

169 2178 289 2258 γένειαν
315 2175 369 2239 καί
395 2177 571 2241 άδικεῒούαι
598 2177 824 2260 ἐπιβοώμενος.
872 2176 1039 2259 γενόμενος
1067 2175 1101 2239 δὲ
1130 2174 1209 2239 κατὰ
1232 2174 1330 2257 τίην11

170 2278 326 2361 δημοσίαν
348 2280 480 2362 εἱρκτήν,
511 2282 532 2361 ἣ
556 2277 760 2362 Προιτώριον
784 2279 939 2363 κέκληται,
971 2278 1009 2341 τὰ
1038 2278 1169 2360 κλεῖθρα
1199 2278 1356 2359 διαρ-ΡΙΙ
1363 2284 1449 2341 26411

169 2383 270 2466 ρήξας
294 2387 358 2453 τοῖς
381 2383 414 2446 ίν
436 2383 516 2468 αὐτῇ
538 2384 776 2467 καθειργμένοις
800 2383 908 2447 όνετον
930 2383 1067 2466 παρέσχε
1089 2380 1145 2464 τὴν
1168 2380 1287 2454 ἔξοδον.

169 2603 187 2658 8
205 2601 347 2659 ἀποστασία
365 2609 412 2659 τοῦ
429 2604 598 2675 Μονομάχου
619 2604 764 2661 Θεοδοσίου
785 2603 832 2660 ΟΕ

222 2809 241 2864 2
259 2807 381 2879 ἐφείσατο
399 2807 482 2882 pr,
502 2827 560 2866 om.
579 2809 659 2881 ADi,
677 2827 707 2865 v.
725 2809 813 2867 Psell.
833 2828 862 2882 p.
880 2811 942 2879 211,
961 2810 978 2866 2
1058 2810 1076 2865 4
1094 2805 1194 2871 ἑαυτοῖς
1212 2808 1287 2879 pr

223 2882 241 2934 ὁ
259 2888 328 2952 post
345 2882 544 2952 ἐνδεικνύμενον
563 2883 631 2937 add.
653 2896 733 2952 quae
751 2899 846 2954 supra
865 2884 963 2938 omisit
983 2882 1072 2946 (aad
1082 2899 1109 2952 p.
1121 2883 1181 2949 654,
1192 2882 1238 2946 19)
1251 2881 1287 2949 D,

224 2953 279 3007 sed
301 2954 386 3008 initio
411 2955 612 3024 supplementi
635 2955 728 3009 habet
751 2955 798 3009 καί
816 2955 879 3009 οὐδὲ
898 2955 1003 3024 ὕβρεων
1022 2953 1087 3022 πρὸς
1106 2954 1200 3012 αύτούς
1218 2953 1288 3021 ε’φεί-

224 3044 296 3093 σατο,
315 3027 401 3080 exitu
418 3025 537 3095 ἐνέβαλεν
638 3027 655 3080 6
672 3035 824 3095 νεωτερῖσαι
844 3027 909 3093 (sic)
926 3027 961 3093 A,
982 3042 1009 3080 v.
1029 3025 1069 3079 ad
1088 3025 1171 3078 XVII
1190 3025 1234 3089 27,
1253 3024 1288 3078 10

259 3097 400 3165 είςαγαγεῖν
419 3096 441 3152 C
513 3097 566 3151 8.9
583 3098 713 3166 προτέραν
731 3098 756 3151 δ’
775 3099 791 3151 ὁ
808 3099 885 3166 λόγος
902 3098 990 3165 ἑτέραν
1009 3095 1076 3150 κατὰ
1097 3103 1142 3150 τοῦ
1159 3096 1288 3168 βασιλέως

224 3169 399 3237 διηγησάσύω
411 3176 458 3222 νῦν
470 3168 653 3223 ἐπανάστασιν·
674 3169 721 3223 καί
733 3170 819 3230 οὕτως
838 3171 918 3232 (οὕτω
931 3168 1008 3238 w*p)
1024 3167 1090 3236 πρὸς
1108 3167 1156 3238 τὴν
1174 3174 1227 3220 τῶν
1245 3167 1288 3220 ἀν-

223 3240 296 3308 δρῶν
314 3241 414 3294 τούτων
431 3239 624 3294 ε’πσνελεύσεται
637 3238 733 3310 Bpr
807 3241 824 3295 9
842 3240 891 3310 γὰρ
910 3256 966 3294 om.
985 3238 1034 3295 BC
1107 3240 1139 3293 ll
1159 3237 1289 3308 δρρηιλίν-

223 3331 266 3370 τος
284 3310 312 3364 D
386 3311 421 3365 14
438 3312 536 3372 τούτοις
555 3327 612 3368 om.
632 3310 659 3365 D
733 3311 767 3367 l'l'
786 3313 909 3380 κέκτηται
929 3310 964 3379 Ι),
983 3312 1081 3380 λέγεται
1102 3311 1125 3364 Β

170 3527 236 3582 eius
254 3526 399 3595 collegae,
418 3526 568 3580 hominem
588 3526 744 3581 defensuri
763 3530 873 3594 essent,
897 3541 936 3581 ne
956 3531 1063 3582 contra
1081 3526 1146 3581 illos
1166 3525 1287 3596 quidem

169 3597 294 3667 linguae
317 3598 492 3652 moderatus
515 3603 569 3652 aut
592 3600 691 3667 ipsum
710 3597 896 3654 Comnenum
917 3599 1067 3653 reveritus
1086 3603 1139 3652 est.
1177 3598 1221 3652 Ea
1239 3600 1315 3654 resti

168 3671 295 3723 militum
311 3670 428 3724 animos
442 3669 559 3738 deiecit,
579 3670 630 3739 qui
644 3669 829 3736 Michaelem,
849 3671 881 3723 in
900 3674 1017 3724 eeteros
1037 3668 1287 3735 liberalissimum,

168 3755 201 3795 se
219 3756 259 3795 ne
278 3741 441 3795 verborum
462 3741 584 3810 quidem
603 3741 793 3812 benignitate
816 3742 937 3812 dignari
957 3741 1102 3807 viderent,
1132 3755 1232 3809 neque
1246 3745 1288 3794 ta-

167 3827 237 3866 men
255 3812 296 3866 ad
314 3827 363 3866 res
381 3812 542 3866 novandas
561 3813 704 3868 concitati
716 3818 795 3881 sunt,
815 3813 991 3883 priusquam
1005 3812 1106 3866 denuo
1121 3812 1289 3881 perieulum

168 3885 234 3939 eius
253 3885 397 3938 iacerent.

258 3953 318 4011 Sed
341 3959 505 4025 antequam
528 3956 568 4009 ad
592 3956 710 4011 illorum
734 3955 914 4010 seditionem
933 3955 1062 4020 veniam,
1093 3955 1170 4008 alius
1189 3957 1315 4012 motusil

169 4031 215 4081 est
233 4026 443 4097 exponendus.
480 4027 573 4097 Regis
592 4027 781 4082 Constantini
800 4026 988 4082 Monomaehi
1013 4024 1165 4097 patruelis,
1194 4025 1289 4079 Theo·
1300 4029 1334 4082 10

170 4099 273 4152 dosius
290 4113 423 4167 praeses,
442 4097 594 4152 Michaelis
614 4097 855 4167 designationem
875 4114 968 4168 aegre
987 4099 1096 4164 serens,
1118 4098 1218 4150 statim
1238 4097 1289 4149 mi-

170 4171 271 4224 nistris
289 4171 352 4224 suis
371 4172 532 4239 assumptis
552 4176 582 4224 et
601 4169 755 4223 nonnullis
774 4169 880 4224 eadem
900 4170 991 4223 animi
1008 4169 1133 4223 levitate
1150 4167 1288 4222 laboran-

170 4242 251 4295 tibus
270 4243 381 4306 ascitis,
407 4241 585 4311 orepuseulo
604 4241 641 4294 iis
660 4240 839 4295 satellitibus
859 4240 1063 4295 circumdatus
1083 4255 1137 4310 per
1156 4239 1288 4293 medium

170 4315 270 4367 sorum
289 4313 421 4380 incessit
439 4313 598 4382 imperium
617 4312 656 4366 ob
670 4311 860 4366 Monomaehi
880 4313 1093 4382 cognationem
1113 4311 1153 4365 ad
1171 4326 1205 4366 se
1224 4327 1289 4380 per·
1331 4367 1336 4378 ,

169 4385 267 4438 tinere
290 4384 395 4440 dicens
413 4388 507 4454 atque
526 4385 668 4438 iniuriam
690 4384 748 4438 sibi
771 4384 835 4438 fieri
859 4384 1024 4438 clamitans.
1062 4383 1136 4438 Cum
1156 4399 1229 4438 vero
1249 4382 1288 4436 ad
1300 4386 1332 4440 11

169 4456 323 4528 publicum
353 4470 514 4525 carcerem,
542 4457 594 4526 qui
619 4455 808 4511 Praetorium
836 4455 952 4524 dicitur,
979 4455 1121 4527 venisset,
1150 4455 1289 4509 claustris
