3050 4775
251 441 306 501 teu
543 438 886 501 represserit
907 444 948 513 16,
970 439 1081 500 19-34.

251 626 286 690 τδ
303 623 351 691 ἐπ’
368 627 474 690 αὐτῶν
488 627 621 690 καὶτῶν
640 627 673 690 ἐν
695 631 758 697 τοῖς
780 627 889 709 τείχεσι
910 626 1150 710 μηχανημάτων
1171 625 1207 690 τὸ
1230 625 1369 708 δαψιλές,

207 732 242 786 90
251 731 418 812 ἰλιγγιάσας
448 731 613 812 μετέπεσεν
641 730 684 799 εἰς
711 729 747 792 τὸ
770 729 944 811 Ἕβδομον,
977 731 1080 812 ζητῶν
1112 729 1305 792 σπείσασθαι.
1351 729 1371 793 δ

252 839 329 915 γοῦν
359 833 552 915 πατριάρχης
583 831 637 895 καί
664 832 694 895 ol
721 832 824 894 λοατοί
851 836 916 894 τῶν
944 830 1122 913 ἐπιτρόπων
1147 831 1295 914 λαβόντες
1316 830 1409 894 τδνΙ)
1423 838 1506 893 ivis

250 936 377 1016 βασιλέα
401 937 444 1004 εἰς
466 934 503 996 τά
524 935 558 997 ἒν
573 934 768 1017 Βλαχέρναις
790 933 892 1016 ήλθον
913 933 1063 1016 βασίλεια,
1086 933 1170 996 ὅπου
1192 933 1246 996 καὶ
1268 933 1369 996 ‹izi›-

214 1042 240 1095 D
249 1037 339 1120 μεὼν
361 1038 557 1120 παρεγένετο,
581 1037 724 1119 ὁμήρους
748 1036 823 1107 δοὺς
846 1035 899 1099 καί
922 1035 1040 1118 λαβών,
1062 1034 1116 1098 καλ
1133 1043 1180 1118 τῷ
1193 1035 1397 1118 πατριάρχηῦ

250 1139 357 1210 κλίνας
383 1139 439 1221 τήν
466 1139 608 1222 κεφαλήν
635 1139 800 1222 ηδλσγήθη
828 1134 905 1220 παρ’
936 1139 1057 1201 ἐκείνοιν
1088 1137 1142 1201 καί
1173 1137 1370 1220 συνειστιάθη

207 1248 237 1301 21
251 1249 296 1324 τῷ
311 1242 436 1324 βασιλεῖ.
482 1240 544 1305 εἶτα
559 1241 604 1323 μή
623 1241 768 1322 ἀρεσθεὶς
785 1247 850 1310 ταῖς
872 1241 1047 1323 συνθήκαις
1070 1240 1246 1322 ἐπανῆλθεν
1268 1239 1370 1321 όοόμ-

250 1346 356 1426 βατός,
381 1344 499 1426 δώροις
522 1344 683 1417 δεξιωθείς
707 1344 760 1406 καί
783 1343 877 1413 αὐτὸς
900 1344 953 1406 καί
977 1343 1008 1405 οῖ
1029 1343 1138 1412 παῖδες
1161 1343 1266 1405 αὐτοῦ.

207 1453 242 1506 22
336 1447 610 1529 Ἀνακαλοιηιίνου
644 1447 678 1509 δὲ
708 1446 814 1508 διόλου
841 1445 898 1528 τήν
924 1447 1037 1508 ἑαυτοῦ
1059 1447 1180 1528 μητέρα
1202 1451 1259 1508 τοῦ
1281 1446 1371 1527 βασι-

251 1549 331 1619 λέως
354 1548 407 1611 καί
430 1549 479 1611 ἐπὶ
502 1550 596 1632 ταύτῃ
621 1549 816 1629 δακρύοντος
849 1549 949 1630 (ἔψθγ
977 1547 1037 1630 γὰρ
1065 1549 1178 1630 ταύτην
1206 1553 1271 1610 τῶν
1293 1548 1370 1610 ‹ivu-
1383 1557 1418 1610 10

252 1651 378 1732 κτόρων
404 1657 590 1732 καταγαγεῖν
613 1651 631 1712 ό
651 1649 868 1732 Ἀλέξανδρος)
902 1650 1150 1733 ἠναγκάσθησαν
1173 1650 1271 1732 αι’ντήν
1293 1651 1370 1712 όνα-

207 1761 241 1815 23
252 1758 355 1835 γαγεῖν
388 1755 418 1816 ol
449 1754 618 1835 ἐπίτροποι.
666 1755 685 1836 ή
710 1754 744 1816 δὲ
768 1753 945 1816 ἀνελθοῦσα
974 1759 1028 1835 τής
1055 1753 1240 1835 διοικήσεως
1262 1754 1370 1835 εἴχετο,

250 1855 475 1938 προσλαβοῦσα
500 1857 552 1918 καί
576 1856 629 1918 τόν
651 1857 942 1937 παρακοιμώμενον
964 1855 1201 1918 Κωνσταντῖνον
1222 1854 1275 1918 καί
1297 1854 1372 1924 τοὺς

206 1967 242 2020 24
252 1956 469 2038 αὕταδέλφους
492 1957 593 2040 ἄμφω
617 1957 689 2027 τοὺς
704 1957 738 2020 Γ
734 1957 910 2040 ογγυλίους·
935 1959 989 2022 καί
1010 1963 1139 2039 πρῶτον
1160 1959 1219 2040 μὲν
1240 1958 1294 2022 τὸν
1308 1981 1370 2020 πα-

251 2059 401 2141 τριάρχην
424 2059 535 2142 ἀπάγει
558 2065 622 2122 τῶν
644 2061 820 2142 βασιλείων,
843 2060 906 2124 εἶτα
929 2060 982 2123 καί
1005 2061 1077 2129 τοὺς
1091 2065 1147 2123 τοῦ
1159 2060 1417 2141 Ἀλεξάνδραυὶῧ

92 2161 450 2241 ΡΙΙΙὸοΑθεράποντας
485 2162 612 2242 ἐξωθεῖ,
647 2163 701 2225 τὸν
736 2163 898 2245 ῥοίκτωρα
932 2163 986 2225 τὸν
1012 2162 1197 2244 Βαοιλίτζην
1230 2162 1283 2226 καί
1316 2162 1371 2224 τδν

251 2374 324 2467 {dn
343 2374 449 2499 ἀχήχθη
469 2375 486 2445 ή
505 2381 551 2431 τοῦ
569 2376 700 2445 βασιλέως
717 2377 807 2447 μήτηρ
825 2376 862 2435 είς
880 2375 911 2431 τὰ
932 2377 1050 2447 βασίλεια
1074 2377 1120 2431 καί
1143 2384 1188 2446 τῆς
1210 2375 1371 2445 διοικήσεως

251 2467 334 2515 ειχετο
368 2482 377 2499 ,

306 2624 499 2684 1τοῑςοπι.Ε
572 2626 626 2681 1.2
646 2627 738 2695 τείχεσι
758 2666 1214 2684 ..........................
1231 2628 1370 2696 μετέπεσεν

306 2696 342 2761 Ι),
363 2698 417 2750 luc.
428 2697 524 2766 suppl.
535 2696 586 2755 Dw
658 2699 675 2751 2
694 2699 835 2769 ἰλιγγιάσας
849 2698 964 2765 AllDw,
982 2699 1127 2769 ίλιγγιάοας
1144 2700 1195 2766 w*,
1214 2700 1371 2768 ιίλιγγιάοας

306 2770 371 2833 (sic)
389 2767 425 2837 p*
510 2769 527 2821 4
545 2770 659 2838 βλασερα
675 2778 680 2837 Ι
698 2772 817 2839 punctis
835 2776 972 2825 notatum
993 2770 1028 2838 l),
1045 2772 1203 2840 βλαχέρναις
1222 2787 1297 2825 corr.
1319 2770 1370 2829 De

350 2842 430 2895 νόθον
440 2839 475 2907 Ι),
495 2840 580 2908 ήλθαν
590 2857 667 2895 eurr.
677 2840 728 2897 Du
783 2842 809 2895 4.
819 2842 836 2895 ὃ
852 2842 897 2895 καί
906 2842 1036 2911 όουμεὼν
1044 2844 1197 2911 παρεγίνετο
1207 2842 1369 2912 AEDwu'p,

305 2911 338 2981 δή
357 2914 510 2982 παρεγένετο
529 2914 678 2979 (παρέκειτο
697 2912 735 2973 D)
755 2914 800 2966 καί
818 2915 834 2966 ό
850 2913 958 2982 ουμεὼν
977 2913 1001 2968 Ο
1104 2915 1122 2966 Ι)
1141 2915 1158 2966 ό
1176 2954 1368 2969 ........

305 2986 351 3040 καί
370 2993 407 3053 τῷ
428 2984 462 3051 D,
482 2984 536 3036 lac.
556 2984 652 3052 suppl.
672 2983 722 3041 l)w
808 2984 825 3037 6
842 2984 905 3052 παρ’
923 2984 1026 3038 ἐκείνου
1044 2984 1183 3055 ηόλογήθη
1203 2986 1267 3051 (etl.
1286 2985 1325 3051 D)
1345 2984 1369 3039 Ο

338 3057 402 3125 παρ’
414 3056 517 3109 ἐκείνου
536 3054 668 3124 εὐλογήθη
685 3056 730 3109 καί
743 3056 899 3124 συνεστιάθη
914 3055 950 3122 Ι),
969 3056 1014 3109 καί
1034 3056 1132 3109 deleto
1146 3056 1215 3110 add.
1228 3056 1292 3125 παρ’
1304 3057 1369 3111 ἐκεί-

304 3150 351 3182 νου
370 3128 416 3182 ιιαί
435 3127 486 3185 De·
559 3126 649 3180 λείτα
664 3166 832 3181 ..........
845 3136 900 3186 τοῖς
920 3126 955 3195 Ι),
976 3129 1029 3181 luc.
1049 3128 1146 3197 suppl.
1166 3127 1216 3185 l)w
1288 3128 1369 3196 όσόμ·

303 3202 389 3271 βοπος
407 3198 442 3265 Ι),
463 3214 538 3252 coru.
558 3196 609 3255 Dw
691 3199 721 3250 ll
744 3219 812 3252 κατα
827 3198 899 3267 αγὼν
918 3197 945 3250 Ι)
1022 3199 1126 3269 ἀγαγεῖν
1147 3198 1173 3251 Ι)
1246 3200 1280 3252 13
1299 3207 1370 3254 aule

305 3272 351 3325 καί
365 3275 447 3341 prius
461 3269 529 3324 add.
544 3268 613 3322 δὲΙ)
677 3269 711 3321 ll
724 3221 926 3339 όμῳωλίίμαΒ
980 3271 1153 3339 στρογγύλους
1168 3270 1203 3337 Ι),
1218 3286 1294 3325 corr.
1308 3271 1369 3338 De,

304 3344 444 3412 γογγύλους
457 3358 494 3395 ex
509 3341 681 3409 στρογγύλους
694 3341 804 3395 mut.B
874 3348 967 3409 πρῶτα
983 3341 1026 3408 {C
1100 3342 1133 3395 15
1149 3343 1291 3411 βασιλειῶν
1304 3342 1369 3413 w*p

306 3415 407 3467 invitis
426 3412 480 3466 riu
552 3418 597 3464 τοῦ
617 3411 710 3465 οιαΒ
784 3412 818 3465 16
836 3412 960 3481 ῥαίκτορα
976 3412 1065 3479 ullw,
1085 3415 1197 3482 Ραίτορο
1217 3414 1252 3483 p*
1322 3417 1370 3484 βο·

305 3486 433 3553 σιλιίτζην
451 3482 556 3553 Cllwp,
574 3484 731 3552 βασιλείτζιν
749 3481 786 3549 Ι),
805 3500 833 3537 v.
853 3483 980 3539 cdxvi
1000 3485 1041 3549 15,
1063 3484 1096 3537 13

251 3664 386 3717 dentium
406 3670 436 3718 et
455 3664 630 3732 trequentes
649 3662 679 3715 in
699 3662 735 3717 iis
754 3662 918 3730 machinae,
937 3662 1022 3717 velut
1040 3663 1190 3732 vertigine
1207 3664 1315 3719 oberte
1328 3665 1368 3719 ad

206 3734 242 3787 20
251 3735 442 3790 Hebdomum
468 3749 625 3804 regressus
650 3748 755 3803 pacem
781 3737 883 3788 lucere
910 3734 1034 3789 studuit.
1070 3734 1247 3789 Petrlarclra
1274 3738 1368 3806 igitur

251 3812 281 3860 et
295 3808 386 3862 ceteri
400 3812 516 3861 tutores
530 3822 632 3876 regem
647 3820 748 3859 secum
764 3807 793 3858 iu
808 3805 1017 3859 Blachernisnr
1030 3807 1146 3875 regiam
1162 3806 1368 3875 adduxeruut,

251 3893 312 3947 quo
326 3884 356 3932 et
369 3876 500 3948 Symeon
518 3880 608 3946 venit,
628 3876 785 3932 obsidibus
804 3877 882 3932 datis
901 3884 931 3931 ct
949 3879 1090 3947 acceptis,
1110 3882 1140 3931 et
1158 3892 1177 3931 α
1195 3880 1369 3947 patriarche

250 3950 399 4003 submisso
419 3951 518 4019 capite
538 3950 639 4003 latreia
659 3950 901 4017 comprecatioue
920 3954 1054 4019 accepta,
1082 3962 1150 4002 euru
1170 3965 1245 4019 rege
1266 3951 1367 4005 cibum

206 4019 238 4073 21
251 4022 338 4089 cepit.
377 4020 436 4076 Sed
456 4036 523 4075 cum
544 4022 571 4074 ei
591 4023 674 4091 pacis
698 4019 892 4074 condiciones
913 4020 1115 4090 displicerent,
1143 4020 1280 4075 discessit
1302 4024 1368 4076 sine

251 4094 450 4161 pactionibus,
471 4092 647 4146 muneribus
666 4096 696 4146 et
715 4092 780 4159 ipse
799 4093 913 4146 eteius
932 4092 1017 4145 liberi
1037 4092 1149 4146 donati.

205 4163 241 4217 22
340 4164 402 4217 Iam
423 4165 495 4233 quie
512 4179 567 4217 rex
586 4178 672 4217 suem
692 4169 827 4230 matrem,
846 4178 936 4232 quem
952 4162 1126 4217 Alexander
1145 4165 1231 4233 regis
1251 4164 1367 4233 pridem

249 4234 407 4302 eduxerat,
432 4240 579 4305 perpetuo
599 4236 764 4289 revocabat
784 4237 910 4304 eiusque
929 4236 1095 4289 absentiam
1115 4236 1296 4305 deploraret,
1324 4241 1368 4291 tu·

206 4306 241 4359 23
250 4312 332 4359 tores
359 4307 504 4362 reducere
530 4313 601 4360 suut
626 4308 735 4360 eonati.
773 4306 908 4360 Reverere
931 4322 1034 4361 curem
1058 4321 1157 4361 rerum
1177 4310 1310 4376 suscepit
1329 4316 1366 4376 ct,

251 4378 437 4431 cubiculario
465 4377 660 4432 Constantino
690 4378 872 4447 duobusque
898 4378 1042 4431 iratribus
1068 4378 1228 4447 Gongylils
1256 4381 1366 4447 escitis,

205 4446 379 4519 diprirnum
403 4450 604 4519 patriercham
632 4451 718 4519 regis
744 4456 853 4518 movet,
882 4450 991 4503 deiude
1014 4449 1180 4506 Alexandri
1206 4452 1366 4523 ministros,
