3050 4775
273 474 327 535 628
555 472 692 533 ΖΟΝΑΒ.
711 470 809 531 ΕΡΙΤ.
830 470 913 531 XVII
932 470 974 542 23,
995 470 1108 529 19-33.

273 660 329 733 τὰς
352 660 536 744 Βλαχέρνας
563 660 686 733 δνοῖξαί
712 660 742 722 οἱ
768 658 823 728 τάς
849 657 950 727 πύλας
973 656 1063 739 ἠξίου
1086 655 1159 725 τοὺς
1182 654 1283 736 ἔνδον,
1312 654 1391 717 ύπο-

242 767 395 847 Οσχέσεσι
425 764 555 832 τούτους
585 761 667 843 πρὸς
698 761 754 843 τὴν
786 763 899 843 πρᾶξιν
929 759 1193 842 παραθαρρύνων
1224 757 1392 839 λαμπραῖς.

229 872 338 931 abiba
371 867 406 930 δὲ
433 865 509 948 μηδ’
539 866 813 947 έπιστρεφομένων
845 864 951 935 αὐτοῦ,
984 861 1061 925 ἀλλὰ
1093 861 1147 925 καὶ
1178 858 1394 943 χλευαζόντων

231 978 263 1032 21
274 970 328 1033 καλ
342 968 424 1052 πρὸς
440 969 559 1031 ἐκεῖνον
574 967 859 1042 ἀποσκωπτόντων,
881 967 1028 1049 ἐπεχείρει
1043 972 1080 1049 τῇ
1095 964 1267 1049 προσβολῇ.
1313 964 1393 1025 ἀντι-

274 1072 476 1154 παρετάττετο
505 1068 615 1133 δὲκαὶ
638 1068 657 1131 ό
678 1069 823 1152 βασιλεὺς
850 1070 1049 1151 στρατιώταις
1079 1067 1191 1150 ὀλίγοις
1221 1065 1274 1128 καλ
1307 1065 1421 1147 ὄχλῳδ

276 1174 438 1257 δημοτικῷ
465 1173 521 1235 καί
544 1194 619 1234 τισιν
647 1172 751 1242 ἄλλοις
780 1172 929 1254 ἀνδράσιν
952 1172 1044 1235 ἐνίων
1067 1175 1130 1233 τῶν
1153 1176 1207 1253 τῆς
1230 1170 1395 1252 γερουσίας

274 1276 497 1356 θεραπεύουσι,
529 1279 593 1336 τῶν
621 1274 748 1337 πάντων
775 1275 844 1337 οὐδ’
873 1276 916 1344 είς
944 1274 1061 1357 ἀκριβῆ
1088 1272 1395 1354 συναριθμουμένων

231 1378 440 1461 ἳῖχιλιοστύν·
473 1377 527 1439 καὶ
549 1376 678 1446 τούτους
699 1376 763 1458 πρὸ
786 1382 841 1440 τοῦ
864 1375 1033 1458 περιβόλου
1057 1376 1172 1458 στήσας
1195 1380 1249 1457 τῆς
1271 1373 1394 1443 πόλεως

276 1481 507 1563 άντιμετώπους
534 1484 598 1550 τοῖς
623 1483 679 1541 τοῦ
705 1479 860 1560 τυράννου
889 1480 969 1560 ᾤετο
999 1478 1205 1560 καταπλήξειν
1232 1476 1337 1546 αὐτοῖς
1358 1475 1394 1539 τό

231 1583 449 1647 κδάντιπαλον.
494 1582 549 1645 καλ
563 1580 657 1652 αὐτὸς
677 1580 711 1645 δὲ
734 1582 752 1644 ὁ
776 1581 983 1663 αὐτοκράτωρ
1007 1582 1040 1643 έν
1061 1604 1116 1643 τινι
1138 1583 1201 1643 τῶν
1223 1578 1395 1662 βασιλικῶν
1407 1587 1441 1641 10

239 1684 435 1767 ὓθαλάμων
461 1683 712 1766 προβεβλημένῳ
739 1688 803 1746 τῶν
832 1682 936 1745 ἄλλων
963 1676 1016 1745 καλ
1044 1682 1093 1744 ἐπὶ
1116 1680 1151 1745 τὸ
1173 1680 1237 1763 πρὸ
1260 1688 1314 1763 τῆς
1336 1681 1394 1743 πό-

276 1788 356 1856 λεως
383 1786 590 1868 ἐστραμμένην
617 1785 725 1847 πεδίον
751 1785 895 1867 καθῆστο
927 1784 1106 1867 βασιλικῶς,
1139 1781 1176 1847 ἵν’
1206 1782 1295 1866 ὁρῴη
1323 1782 1395 1851 τοὺς

232 1898 268 1952 24
277 1888 434 1956 ἐναντίους
465 1888 519 1949 καὶ
550 1887 655 1968 ὁρῷτο
687 1887 801 1957 αὐτοῖς.
847 1888 877 1950 ολ
909 1886 943 1949 δὲ
975 1885 1162 1955 Μακεδόνες
1193 1885 1397 1967 βωμολοχίας

278 1991 364 2059 ὄντες
387 1988 509 2061 ἐθάδες,
541 1989 659 2058 ἰδόντες
680 1988 735 2051 τὸν
762 1990 899 2071 βασιλέα,
933 1989 963 2052 οἱ
984 1988 1043 2071 μὲν
1066 1988 1210 2070 ἄντικρυς
1233 1988 1396 2069 ἐξύβριζον

277 2095 320 2163 εἷς
349 2092 454 2172 αὐτόν,
486 2094 518 2155 οἱ
544 2091 579 2154 δὲ
606 2091 660 2153 καλ
686 2089 805 2174 χοροὺς
827 2096 1027 2162 συνιστῶιαες
1049 2091 1127 2173 μέλη
1152 2091 1183 2153 τέ
1204 2114 1270 2153 τινα
1294 2089 1394 2171 σχεδι·
1408 2100 1443 2153 15

124 2197 403 2270 ἮΙΙΙΞΟΙάζοντες
425 2195 602 2277 κωμῳδίας
624 2194 789 2276 ὠρχοῦντο
811 2194 865 2256 καὶ
887 2192 966 2277 ᾖδον
992 2200 1099 2275 ταῦτα,
1130 2198 1194 2263 τοῖς
1217 2192 1308 2255 ποσὶν
1332 2192 1395 2254 ἐπι-

233 2304 462 2381 ἳδκροτοῦντες
476 2297 532 2379 τὴν
548 2303 615 2380 γῆν.
662 2296 724 2359 εἶτα
740 2302 804 2366 τοῖς
822 2297 886 2369 ἔξω
908 2301 964 2359 τοῦ
986 2296 1107 2377 τείχους
1129 2295 1396 2378 προβεβλημένοις

277 2402 448 2484 βασιλικοῖς
469 2400 584 2484 μοίρας
605 2399 687 2470 τινός
709 2400 904 2482 ἐπελθούσης
926 2404 991 2462 τῶν
1014 2399 1171 2482 ἐναντίων,
1204 2399 1235 2462 οῖ
1261 2397 1321 2480 μέν
1347 2397 1396 2460 ἐπὶ

278 2503 332 2573 τὰς
346 2503 447 2572 πύλας
463 2503 628 2584 ὥρμησαν,
653 2502 684 2564 oi
700 2497 728 2564 δ’
745 2500 794 2564 ἐπὶ
809 2500 865 2583 τὴν
883 2502 1006 2584 τάφρον
1029 2502 1189 2565 ἐνέπιπτον
1211 2500 1265 2564 καὶ
1288 2499 1395 2563 ἀπώλ-

235 2607 378 2674 26λυντο.
423 2610 573 2668 τοσοῦτον
595 2604 624 2666 δ’
648 2605 745 2666 ἅπασι
767 2603 802 2667 τό
827 2605 897 2674 δέος
921 2605 1041 2686 ἐγένετο
1068 2605 1149 2668 ὥστε
1175 2603 1249 2674 τούς
1276 2627 1308 2665 τε
1334 2608 1445 2672 renuo

336 2796 349 2847 l
369 2795 445 2864 ἠξίου
459 2791 584 2862 Ιλινρῦἰ,
597 2794 690 2862 ἠξίουν
702 2791 730 2846 A
802 2793 819 2846 2
832 2794 963 2862 λαμπραῖς
975 2794 1169 2861 ἐκκαλούμενος
1182 2791 1230 2848 BC
1301 2791 1319 2845 4
1332 2791 1399 2846 ἀντι·

333 2867 503 2932 παρετάττετο
521 2863 648 2934 llwpbz‘,
667 2866 896 2932 ἀντιπαρετάττετο
915 2863 965 2918 ΑΒ
1081 2867 1096 2919 7
1116 2866 1261 2932 θεράπουσι
1280 2861 1399 2934 prDt'

369 2939 571 3006 συναριθμὲνων
590 2935 626 3003 Ι),
645 2937 851 3004 ἀριθμουμένων
872 2937 894 2991 C
990 2938 1006 2991 8
1024 2937 1158 3006 χιλιοστύν
1177 2933 1302 3006 Ιλινρλλλ,
1321 2936 1400 3004 χιλιο-

334 3009 397 3077 σιήν
411 3014 441 3062 et
454 3009 528 3061 -στύν
543 3023 596 3077 per
610 3008 733 3076 dittogr.
746 3007 782 3072 A,
801 3009 933 3076 χιλιοστήν
947 3007 973 3060 D
1046 3009 1063 3062 9
1082 3017 1134 3067 τοῖς
1155 3024 1212 3060 ont.
1223 3007 1249 3060 D
1322 3027 1400 3060 κατα·

333 3081 425 3150 πλήξει
445 3079 472 3133 Ι)
557 3080 591 3132 10
609 3100 631 3131 τι
652 3079 684 3144 Β,
704 3095 780 3132 corr.
800 3079 847 3136 Bw
935 3079 1129 3148 11τδῙτῴΙ)
1218 3079 1251 3132 12
1268 3080 1352 3131 πεδίω
1373 3077 1399 3129 Ι)

336 3153 369 3206 15
388 3154 441 3205 τίνα
461 3149 649 3275 w*p1i)nvitis
668 3150 722 3203 AR
815 3152 847 3203 18
864 3153 1001 3221 βασιλικῆς
1021 3151 1072 3204 BD
1162 3151 1195 3204 19
1213 3151 1353 3204 άνὲπιπτον
1372 3149 1400 3202 D

334 3225 370 3277 ‘20
388 3233 440 3283 τοῖς
459 3239 516 3277 om.

238 3403 448 3456 20tationibus
476 3401 619 3455 invitatis.
658 3400 715 3464 Qui
744 3415 812 3454 curn
841 3416 910 3454 eum
939 3407 969 3455 et
997 3401 1196 3470 neglegerent
1222 3415 1347 3470 prorsus
1371 3405 1401 3454 et

238 3474 271 3527 21
284 3474 457 3528 deriderent
475 3481 505 3527 et
524 3473 656 3527 dicteriis
668 3474 863 3538 incesserent,
884 3474 1143 3542 oppugnationem
1160 3473 1296 3526 instituit.
1333 3472 1399 3526 Rex

283 3560 357 3598 vero
382 3560 450 3598 cum
475 3546 579 3613 paucis
604 3543 747 3597 militibus
775 3545 954 3612 mbanaquo
976 3545 1168 3598 multitudine
1194 3549 1223 3598 et
1247 3543 1313 3598 aliis
1338 3544 1401 3612 qni-

284 3615 411 3670 busdam
432 3616 511 3683 viris,
531 3623 655 3669 senatus
676 3617 827 3682 ministris,
847 3616 898 3684 qni
916 3631 1019 3669 onmes
1038 3617 1089 3668 rix
1110 3616 1279 3669 milliarium
1300 3631 1401 3668 nume-

238 3689 350 3744 22run1
378 3687 551 3757 explebant,
582 3687 788 3741 defensionem
818 3693 914 3756 parat.
952 3689 1034 3750 Quos
1063 3701 1131 3742 cum
1159 3703 1213 3756 pro
1241 3687 1401 3740 moenibus

283 3761 405 3828 tyranni
433 3759 577 3812 militibus
605 3759 805 3828 opposuisset,
834 3759 961 3828 putabat
989 3773 1021 3811 se
1046 3763 1192 3813 terrorem
1216 3757 1401 3812 adversariis

239 3833 489 3898 23incussururm
520 3834 613 3899 atquc
643 3832 708 3900 ipse
734 3832 900 3898 imperator
928 3831 957 3882 in
987 3829 1117 3898 qnotlnrn
1146 3830 1232 3899 regio
1262 3830 1401 3883 conclavi

284 3903 474 3973 prominente
503 3907 574 3955 ante
602 3909 704 3955 cetera
732 3910 762 3954 ct
790 3907 946 3971 spectante
973 3901 1012 3954 acl
1035 3916 1174 3971 campum
1198 3911 1270 3954 ante
1292 3902 1400 3955 urbem

285 3976 373 4027 situm
403 3990 458 4042 pro
486 3974 643 4027 maiestate
671 3973 806 4040 sedebat,
835 3979 870 4027 ut
895 3973 993 4028 hostes
1018 3978 1155 4027 cerneret
1175 3979 1205 4027 et
1225 3981 1401 4027 cerneretur

239 4047 323 4104 etan
349 4046 393 4098 iis.
430 4044 611 4099 Macedones
637 4061 711 4099 vcro
737 4045 910 4098 scurrilitati
936 4045 1047 4098 assucti
1075 4049 1269 4114 conspectum
1297 4059 1400 4114 regern

284 4119 392 4187 partim
414 4117 512 4185 pulani
532 4118 720 4171 contumeliis
740 4117 976 4182 insectabantur,
1005 4117 1114 4184 partim
1136 4117 1235 4170 choris
1257 4116 1402 4170 institutis

285 4190 414 4242 comicus
438 4187 586 4256 quasdam
611 4189 777 4242 cantilenas
801 4205 838 4241 ex
864 4196 999 4256 tempore
1022 4187 1173 4241 canebant
1197 4193 1227 4242 et
1250 4187 1402 4241 saltabant

239 4260 413 4329 predibus
433 4266 544 4313 terram
564 4261 726 4330 pulsantes.
763 4259 840 4312 Turn
862 4259 993 4312 innnissa
1012 4259 1140 4312 bostium
1161 4259 1285 4312 cohorte
1304 4260 1334 4312 in
1358 4274 1402 4312 re·

284 4334 360 4402 glos,
381 4333 432 4400 qui
452 4338 541 4386 extra
559 4333 679 4386 moenia
698 4332 808 4384 obiecti
829 4337 924 4396 erant,
946 4331 1082 4384 homines
1102 4333 1209 4398 partim
1230 4330 1270 4384 ad
1289 4338 1401 4400 portas,

284 4404 394 4474 partim
418 4404 458 4456 ad
482 4405 579 4459 fossas
603 4404 747 4472 compulsi
771 4409 850 4471 sunt,
880 4404 1004 4471 inques
1027 4403 1217 4471 praecipitati
1237 4403 1401 4472 perierunt.

240 4475 352 4542 26Qua
372 4491 405 4529 re
424 4479 509 4529 tanta
529 4475 656 4530 formido
677 4475 817 4529 omnibus
836 4476 965 4544 incessit,
991 4477 1025 4528 ut
1043 4474 1133 4528 etiam
1153 4475 1182 4544 ii,
1203 4475 1254 4545 qui
1274 4475 1304 4528 in
1323 4489 1401 4528 moe·
