3050 4775
223 389 277 447 iss
524 388 660 447 ZONAR.
679 389 779 446 EPIT.
798 389 882 446 XVII
900 389 925 460 4,
943 389 1041 446 3-14.

198 572 259 638 4τὸ
275 575 373 656 ἅρμα.
419 572 499 638 κατὰ
515 573 550 638 δὲ
564 572 621 658 τὴν
635 571 818 656 [lienosis
839 574 1010 658 λεγομένην
1032 573 1201 656 γενόμενος
1223 566 1344 656 ἀγοράν

225 676 361 740 ἀπέθυσε
387 675 441 740 τὸν
463 675 603 758 Βορίσην
629 673 665 738 τά
693 683 748 760 τῆς
773 675 861 759 παρὰ
884 682 947 748 τοῖς
969 676 1167 760 Βουλγάροις
1188 677 1344 760 βασιλείας

198 779 398 862 5παράσημα
414 777 467 842 καί
482 786 528 860 τῷ
549 783 614 842 τῶν
635 779 817 862 μαγίστρων
840 780 980 863 ἐτίμησεν
1000 780 1160 862 ἀξιώματι.
1206 779 1344 861 ὁμὲντοι

225 881 496 964 Σφενθοσθλάβος
526 880 603 964 μετὰ
630 887 695 946 τῶν
719 881 800 953 Ῥῶς
826 878 874 947 ἐπ’
903 885 994 947 οὔιου
1023 880 1213 964 ἀναζευγνὺς
1238 881 1344 964 λόχοις

224 983 394 1066 περιπίπτει
415 987 480 1048 τῶν
502 983 722 1068 Πατζινάκιον,
746 985 800 1048 καλ
821 985 933 1056 πάντες
955 983 1072 1066 ἀθρόοι
1093 983 1267 1048 ἀπώλοντο.
1352 991 1370 1046 5

198 1089 216 1142 6
319 1083 420 1158 Οὗτος
442 1086 461 1149 ὅ
487 1085 630 1169 βασιλεὺς
656 1086 710 1151 τὸν
738 1087 772 1151 ἐν
797 1093 836 1171 τῇ
857 1086 974 1170 Χαλκῇ
1004 1087 1083 1150 ναὸν
1112 1093 1169 1150 τοῦ
1201 1093 1344 1170 σωτῆρος

200 1187 366 1270 7Χριστοῦ
388 1189 638 1272 μεγαλοπρεπῶς
661 1189 849 1272 ἕθομήσοτο.
894 1195 950 1253 τοῦ
974 1189 1009 1252 δὲ
1030 1190 1225 1272 πατριάρχου
1245 1189 1343 1253 Βασι-

225 1291 308 1354 λείου
337 1291 389 1354 ἐπί
418 1313 474 1354 τισι
505 1292 779 1374 κατηγορηθέντος
810 1292 982 1375 ἐγκλήμασι
1012 1291 1067 1355 καί
1097 1292 1344 1372 καθαιρεθέντος

225 1393 402 1464 συνοόικῶς
432 1391 510 1476 μετὰ
537 1395 689 1474 τέσσαρας
716 1393 875 1465 ἐνιαυτοὺς
902 1401 957 1477 τῆς
983 1395 1081 1457 αὐτοῦ
1108 1394 1343 1476 προχειρισεανς,

226 1496 447 1579 ἐχειροτονήθη
469 1496 663 1578 πατριάρχης
686 1496 705 1559 ὁ
727 1495 899 1578 Στουθίτης
917 1495 1091 1566 Ἀντώνιος.
1356 1505 1391 1558 10

32 1599 217 1656 Pusione
309 1597 376 1662 “On
400 1597 435 1661 δὲ
456 1599 490 1661 αῖ
516 1598 761 1681 προσκτηθεῑσαι
780 1597 947 1680 Ῥωμαίοις
972 1597 1077 1668 πόλεις
1103 1596 1183 1660 κατὰ
1211 1597 1268 1680 τὴν
1298 1597 1343 1660 ἕω

225 1699 307 1783 πρὸς
335 1701 525 1764 ἀποστασίαν
553 1701 682 1764 άπεῖὸον
707 1699 762 1764 καὶ
788 1700 842 1765 τὸν
862 1706 918 1782 τῆς
940 1699 1083 1770 δουλείας
1105 1699 1200 1781 ζυγὸν
1223 1699 1381 1763 ἀπεσεί-Ι)
1397 1710 1436 1765 Ν
1454 1711 1506 1764 103

227 1827 320 1867 σαντο
347 1803 401 1867 καί
426 1802 498 1874 τοὺς
526 1802 661 1887 θεσμοὺς
690 1803 857 1886 διέρρηξαν
883 1809 938 1885 τῆς
959 1807 1024 1866 τῶν
1043 1801 1211 1884 Ῥωμαίων
1233 1803 1344 1885 ἀρχῆς,

200 1906 458 1988 9ἕξεστράτευσεν
473 1905 492 1970 ὁ
507 1904 650 1988 βασιλεὺς
668 1901 735 1969 κατ’
753 1905 870 1968 αὐτῶν·
894 1904 947 1968 καὶ
970 1907 1026 1975 οὓς
1047 1904 1107 1987 μὲν
1129 1905 1345 1987 ἀπραγμόνως

227 2008 453 2090 ὑποκύψαντας
476 2005 579 2089 αὖθις,
604 2010 660 2078 οὓς
683 2007 717 2071 δὲ
736 2008 859 2090 σιάήρῳ
873 2007 927 2070 καί
943 2006 1064 2090 ἀνάγκη
1079 2007 1180 2091 πολλῇ
1195 2015 1242 2090 τῷ
1257 2008 1345 2090 ζυγῷ
1356 2019 1390 2074 15

185 2117 281 2193 Ιθτῆς
308 2115 373 2174 τῶν
396 2109 563 2192 Ῥωμαίων
590 2109 691 2193 ἀρχῆς
717 2110 903 2193 ὑπηγάγετο.
950 2109 1140 2192 ἀναζευγνὺς
1167 2106 1195 2174 d’
1224 2110 1345 2174 ἐκεῖθεν

227 2359 244 2415 6
263 2357 323 2428 περὶ
336 2365 381 2415 τοῦ
400 2357 427 2413 ἕν
440 2366 471 2429 τῇ
482 2357 580 2429 Χαλκῇ
598 2357 660 2425 (τοῖς
673 2359 782 2427 χαλκοῖς
795 2356 829 2424 C)
847 2363 912 2413 ναοῦ
928 2365 974 2413 τοῦ
993 2366 1113 2429 σωτῆρος
1132 2357 1180 2414 ΟΕ
1251 2357 1268 2413 ’ί
1285 2357 1346 2427 περὶ

226 2438 398 2500 πατριαρχῶν
417 2428 465 2485 CE
538 2431 569 2484 ll
590 2432 628 2483 ὅτι
648 2430 883 2498 άποστατησάντων
901 2438 955 2484 τῶν
972 2431 1051 2499 ἑῴων
1067 2431 1215 2500 βαρβάρων
1227 2430 1345 2498 ίξεστρά·

228 2522 317 2556 τευσεν
335 2504 351 2555 ὁ
367 2501 490 2573 βασιλεὺς
508 2501 565 2556 κατ’
584 2502 684 2556 αὐτῶν·
705 2502 750 2555 καὶ
768 2503 833 2556 ὅθεν
851 2503 868 2555 ὁ
883 2502 1123 2570 παρακοιμώμενος
1139 2502 1273 2572 ἠρεθίσθη
1292 2502 1345 2555 ἐπι·

226 2574 367 2698 ἔδουλεῦσαι
385 2572 458 2698 adfini
477 2572 568 2641 (αὐτοῦ
579 2572 624 2638 0)·
644 2573 690 2627 καὶ
708 2574 783 2633 ὅπως
800 2573 989 2643 ἐπεβούλευσεν
1008 2572 1056 2629 ΟΕ
1075 2573 1344 2645 (καίάθεν-ἕπεβοά-

256 2665 317 2700 υσεν
336 2660 393 2699 om.
438 2648 447 2709 )

281 2868 386 2922 laute
404 2866 546 2935 λεγομένην
565 2864 634 2920 add.
654 2865 701 2937 τὴν
719 2867 747 2920 D
838 2868 918 2936 Ξτῆς
938 2883 995 2922 om·
1014 2866 1042 2921 D
1128 2867 1345 2993 §minyoplncc

314 2938 447 3008 βασιλείας
468 2955 525 2993 om.
545 2936 568 2993 C
649 2938 667 2993 4
684 2940 902 3009 σφενὸόσθλαβος
921 2938 1003 3008 Ewp,
1022 2954 1050 2991 v.
1071 2938 1110 2993 nd
1156 2938 1211 2994 VII
1230 2938 1257 3006 2,
1275 2939 1310 2994 34

314 3009 370 3079 ῥὼς
389 3007 510 3080 prDi
612 3010 628 3064 7
648 3016 716 3080 post
734 3011 875 3065 Βασιλείου
895 3010 964 3063 add.
983 3017 1028 3063 τοῦ
1046 3012 1253 3079 σκαμανάρηνοῦ
1271 3010 1324 3065 Ew

279 3082 297 3136 8
314 3080 498 3151 κατηγορηθὲν
517 3080 544 3134 Ι)
650 3081 675 3136 8.
695 3081 712 3135 9
732 3082 840 3149 καθαιρ.
859 3082 1009 3140 συνοάικῶς
1027 3086 1096 3151 post
1113 3084 1300 3162 προχειρίσεως
1320 3027 1344 3136 θ

280 3154 311 3206 11
333 3160 404 3208 ante
422 3154 551 3222 ρωμαίοις
570 3152 639 3207 add.
659 3160 712 3213 τοῖς
731 3152 812 3206 DEW
905 3152 1035 3221 ριυμαίοις
1047 3153 1174 3224 prDt,
1192 3151 1344 3221 ῥωμαίοιΑ

314 3224 384 3279 ἕώον
401 3224 536 3293 μοίρανΟ
609 3224 643 3278 13
661 3232 715 3277 τῶν
735 3240 792 3278 om·
912 3224 945 3278 15
964 3225 1066 3293 σιδηρῷ
1085 3223 1151 3295 w*p
1170 3225 1273 3279 invitis
1291 3221 1345 3278 AR

279 3295 313 3351 16
331 3302 385 3350 τῶν
399 3312 454 3351 om.
470 3296 501 3363 E,
518 3295 664 3366 ὑπηγάγετο
676 3292 804 3365 prDt',
822 3295 965 3366 ἐπηγάγετο
978 3301 1008 3350 et
1019 3296 1098 3365 θπηγ.
1112 3311 1167 3366 per
1181 3296 1304 3366 dittogr.
1318 3295 1344 3349 A

198 3532 297 3604 igine
316 3533 461 3605 deiparae
480 3535 634 3603 collocata,
653 3537 827 3606 praecessit.
864 3534 938 3591 Cum
958 3540 1060 3589 autem
1078 3536 1110 3589 in
1129 3536 1228 3591 iorum
1242 3536 1345 3591 Pisco-

225 3612 287 3660 tum
301 3606 498 3675 pervenisset,
516 3604 650 3661 B01·isem
665 3604 834 3677 Bulgarieis
850 3607 1021 3677 insignibus
1038 3606 1182 3678 depositis
1196 3609 1345 3678 dignitate

197 3675 421 3746 dmsgistratus
442 3678 569 3732 ornavit.
607 3676 647 3732 At
666 3676 946 3748 Sphendosthlabus
966 3692 1035 3732 cum
1054 3677 1159 3733 Russis
1178 3680 1295 3733 cunetis
1313 3682 1344 3734 in

225 3748 324 3803 reditu
337 3748 567 3802 Pstzinacoium
578 3749 695 3803 insidiis
705 3755 853 3819 exceptus
866 3749 905 3803 sd
919 3749 1156 3805 internecionem
1170 3766 1277 3805 caesus
1289 3756 1344 3805 est

197 3821 214 3873 6
314 3820 396 3873 Idem
422 3819 469 3874 hic
492 3836 546 3874 rex
571 3822 736 3875 servatoris
756 3819 865 3875 Christi
888 3821 1032 3891 templum
1051 3823 1082 3875 in
1102 3820 1212 3877 Chalee
1229 3824 1344 3892 mugni-

197 3892 312 3945 ideum
333 3892 492 3945 exstruxit.
529 3891 706 3947 Petriereha
720 3891 851 3947 Basilius
867 3906 935 3946 eum
955 3898 1023 3961 post
1042 3893 1276 3962 quadriennium
1295 3893 1345 3948 de·

224 3962 403 4032 signationis
425 3961 463 4017 de
483 3962 664 4032 quibusdam
685 3964 811 4019 obiectis
831 3963 1006 4018 criminibus
1024 3979 1079 4033 per
1098 3964 1258 4018 concilium
1276 3964 1343 4020 loco

223 4038 322 4087 motus
342 4038 428 4101 esset,
448 4032 598 4089 Antonius
617 4033 736 4090 Studitu
776 4035 928 4088 atriorehe
947 4039 993 4089 est
1012 4034 1198 4105 designatus.

196 4106 213 4159 8
312 4104 377 4159 Rex
403 4120 476 4160 vero
500 4110 607 4161 contra
630 4106 737 4161 urbes·
769 4121 879 4161 omano
902 4107 1029 4175 imperio
1051 4107 1082 4159 in
1102 4105 1224 4161 Oriente
1243 4107 1345 4177 aequi-

223 4178 304 4243 situs,
327 4191 407 4245 quae
426 4176 465 4231 ad
485 4176 684 4232 deiectionem
704 4176 928 4232 inclinaverant
947 4182 976 4232 et
995 4178 1149 4233 servitutis
1168 4180 1275 4249 iugum
1294 4194 1349 4233 ατο.

224 4252 382 4303 eusserent
410 4253 439 4303 et
467 4246 623 4303 Romanae
651 4249 778 4303 dicionis
806 4248 930 4303 vincula
962 4255 1117 4319 ruperant,
1150 4249 1344 4319 expeditione

196 4319 374 4389 9susoepte,
393 4320 469 4374 alias
488 4320 571 4375 nullo
593 4322 715 4390 negotio
735 4320 775 4374 nd
796 4320 925 4375 officium
945 4335 1093 4386 reversus,
1113 4321 1188 4374 alias
1206 4322 1288 4376 ferro
1308 4336 1345 4375 ao

179 4390 335 4460 lomagna
355 4390 461 4446 visui)
481 4392 588 4461 iugum
608 4392 768 4461 pristinum
786 4392 916 4446 reduxit.
956 4390 1030 4447 Cum
1049 4392 1121 4446 inde
1139 4392 1260 4447 rediens
1280 4408 1344 4450 ver·
