3050 4775
268 451 427 511 BARDAE
446 451 558 512 MORS.
595 452 773 514 ssnslttvs
792 453 913 514 nvem
932 452 1143 515 EVDOCIAM.
1215 457 1269 515 415

149 639 310 706 λακεύετο·
335 638 398 702 εἶτα
421 638 474 702 καί
496 639 624 720 βασιλέα
647 645 757 704 τοῦτον
781 640 904 705 ἀνεῖπεν
925 640 1020 712 αὐτὸς
1043 641 1077 705 δν
1096 647 1134 726 τῇ
1148 643 1267 726 μεγάλη
1280 650 1314 704 16

148 741 404 826 παραγενόμενος
427 741 574 824 ἐκκλησίᾳ
597 727 651 805 καλ
675 743 724 806 διά
747 749 804 805 τοῦ
826 745 1022 827 πατριάρχου
1038 743 1164 809 Φωτίου
1182 769 1268 826 περι-

148 847 216 916 dala
239 847 326 926 αὐτῷ
347 843 383 906 ro
407 843 557 927 διάδημα.
603 845 729 908 τίκτεται
759 846 793 909 δὲ
819 855 867 928 τῷ
889 847 1044 928 Βασιλείᾳ)
1068 848 1103 910 ἔκ
1126 855 1180 930 τῆς
1202 847 1268 910 Εὐ-
1282 855 1314 909 l'l

149 949 258 1018 δοκίας
280 948 405 1010 παιδίον
427 948 523 1029 άρρεν
540 947 558 1008 δ
574 946 679 1029 Λέων,
703 950 722 1011 ὃ
740 954 796 1012 τοῦ
812 949 941 1033 Μιχαὴλ
963 949 1084 1032 μᾶλλον
1106 948 1181 1013 εἶναι
1204 951 1268 1013 ἕλε’-

122 1059 228 1133 ῐιγετο,
244 1050 291 1120 ὡς
306 1049 421 1132 ἐγκύου
437 1055 492 1132 τῆς
503 1048 664 1121 Εδδοκίας
680 1052 777 1134 οὔσης
793 1052 844 1114 ὅτε
857 1060 903 1134 τῷ
917 1052 1071 1134 Βασιλείῳ
1087 1053 1268 1135 συνῴκιστο.

234 1152 444 1234 ’[ππηλασίαις
477 1152 511 1216 δὲ
539 1153 593 1216 καί
620 1155 805 1235 συμποσίοις
832 1153 880 1216 ἀεὶ
906 1154 1071 1237 σχολάζων
1098 1155 1116 1218 ὁ
1139 1155 1314 1238 impellis

149 1255 201 1319 καί
229 1259 370 1337 συνεχῶς
395 1253 637 1337 μεθυσκόμενος
664 1256 716 1317 καί
745 1261 810 1318 τῶν
838 1262 966 1338 φρενῶν
994 1257 1199 1340 ἐξιστάμενος,
1231 1260 1270 1326 ἃς

150 1357 224 1420 οὐδὲ
239 1358 353 1440 νήφων
371 1357 503 1438 ἔρρωτο,
527 1359 570 1426 εἰς
586 1358 686 1440 φόνον
702 1358 815 1420 ἑαυτοῦ
830 1357 885 1420 τὸν
902 1358 1063 1423 Βασίλειον
1078 1361 1268 1443 ἕξηρέάισεν.

149 1461 184 1522 ἐκ
208 1459 268 1542 γὰρ
293 1461 403 1522 ἵππων
432 1459 556 1541 ἀγῶνος
584 1461 617 1522 ἒν
644 1468 691 1541 τῴ
718 1460 799 1542 ἁγίῳ
823 1461 972 1543 Μάμαινι
998 1462 1203 1533 τελεσθέντος,
1235 1462 1269 1524 ἒν
1281 1471 1313 1522 19

106 1559 177 1644 1οᾠ
201 1561 296 1630 αὐτὸς
318 1561 464 1644 ἡνιόχησε
487 1561 540 1624 καλ
563 1561 594 1624 ολ
614 1567 793 1644 μεγιστᾶνες
816 1563 913 1625 αὐτοῦ
936 1562 990 1625 καί
1016 1563 1186 1646 νενίκηκεν,
1218 1564 1424 1626 iulwlllttl

149 1665 273 1727 δεῖπνον
296 1663 517 1734 άνακλιιλέντος
540 1665 771 1728 συνανεκλίνετο
793 1665 847 1728 καί
869 1665 1066 1734 ὁΒασίλειος
1088 1665 1142 1728 καί
1164 1667 1185 1750 ἡ
1201 1664 1301 1728 Eri-B

148 1765 248 1829 δοκία.
295 1765 492 1835 Βασιλικῖνσς
515 1766 551 1829 δέ
571 1790 614 1836 τις
629 1773 684 1850 τῆς
698 1768 855 1850 βασιλείου
870 1769 1017 1851 τριήρους
1031 1771 1146 1851 πρῴην
1162 1769 1313 1851 ἔρέτηςῖθ

148 1869 205 1949 ὥν,
239 1867 288 1931 διά
318 1868 352 1931 δὲ
379 1869 527 1950 σώματος
554 1869 729 1953 ὡραιότητα
756 1871 973 1953 προσλιγφδείς
999 1870 1086 1953 παρά
1109 1877 1165 1934 τοῦ
1188 1895 1266 1953 κρα-

147 1976 274 2040 τοῦντος
300 1971 354 2033 καί
380 1971 482 2052 τούτῳ
510 1973 694 2053 δίκειωδείς,
727 1973 892 2053 παρεστὼς
919 1973 987 2035 τότε
1019 1973 1189 2037 δειπνοῦντι
1221 1981 1268 2055 τῴ

105 2072 269 2156 15βασιλεῖ
288 2072 462 2147 ἕξεδείαζεν
484 2074 588 2146 αὐτόν,
612 2075 659 2144 ὡς
681 2075 811 2157 εὐφυῶς
834 2075 914 2157 ἄγαν
937 2075 990 2138 καί
1013 2075 1165 2158 ἐντέχνως
1183 2077 1266 2158 ἡνιο-

147 2176 296 2258 χήσαντα.
342 2175 361 2238 ὁ
385 2175 420 2238 δέ
445 2175 519 2258 (ἤδη
543 2175 603 2259 γάρ
625 2177 813 2260 ι’γκρατίσατο
828 2177 951 2241 καὶτὸν
964 2183 1041 2241 νοῦν
1057 2177 1264 2261 ε’κτεδόλωτο)
1276 2187 1309 2240 ‘21

147 2369 160 2423 1
181 2369 325 2439 ἀντίρρησις
343 2377 390 2425 τοῦ
408 2370 549 2426 Βασιλείαν
568 2369 645 2427 ΛΟΕ
712 2371 729 2426 6
747 2372 813 2427 ὅθεν
831 2373 848 2427 δ
864 2372 1004 2433 Βασίλειος
1021 2371 1121 2427 άνελεῒν
1138 2371 1265 2443 ἢρετίσιλη

146 2442 191 2497 τὸν
208 2442 318 2511 Μιχαήλ
336 2441 413 2498 ΑΟΕ

200 2620 218 2675 2
236 2624 338 2691 φωτίσυ
356 2628 402 2676 τσῦ
419 2643 495 2691 πατρ.
516 2620 540 2677 O
613 2622 669 2677 3.4
686 2624 790 2679 παιδίω
808 2623 839 2678 ἐκ
857 2630 903 2694 τῆς
920 2622 1045 2683 εὐδοκίας
1062 2624 1172 2679 omisso
1185 2623 1268 2694 ἄρρεν

201 2692 225 2747 Ο
297 2692 315 2747 5
333 2692 414 2763 οὔσης
433 2702 478 2763 τῆς
496 2694 551 2748 εδδ.
570 2693 667 2763 ε’γκάου
686 2695 790 2765 (ἐγγείου
809 2695 845 2763 D,
865 2711 943 2750 corr.
962 2694 1069 2763 Dw)0
1147 2696 1165 2749 6
1183 2716 1263 2765 συμπ.

166 2826 171 2833 Ι
201 2765 339 2833 σχολάζων
357 2765 400 2819 τὸν
418 2766 479 2819 ὅλον
495 2768 555 2836 βίον
573 2764 630 2835 BC,
649 2788 730 2835 συμπ.
750 2768 794 2820 τάν
812 2768 874 2821 ὅλον
890 2769 950 2837 βίον
969 2767 1108 2835 σχολάζων
1126 2766 1154 2820 Ι)

201 2837 235 2889 10
252 2836 402 2905 μεγιστάνες
420 2835 529 2907 ΑΟνιρ,
556 2846 707 2905 μεγιστᾶνες
725 2837 826 2907 ΒῦὓΕ,
855 2838 909 2893 sed
932 2840 963 2892 in
985 2838 1013 2891 D
1036 2844 1195 2893 accentum
1214 2840 1265 2893 ad·

201 2908 276 2962 didit
301 2908 351 2963 Wo
429 2909 459 2961 11
480 2908 526 2963 καί
545 2910 637 2979 άβασ.
657 2910 714 2974 (καί
732 2910 748 2963 ὁ
764 2912 823 2977 βασ.
844 2925 901 2963 om.
921 2909 960 2975 D)
978 2909 1024 2964 καὶ
1042 2910 1059 2979 ἡ
1078 2910 1188 2964 εὐδοκία
1206 2932 1264 2964 συν·

200 2980 368 3033 ανεκέκλιντο
392 2980 603 3043 (συνανεκέκλιτο
622 2980 660 3045 1))
685 2979 796 3050 Bpr,
824 2981 870 3035 καί
888 2981 1089 3035 συνανεκέιιλιτο
1106 2984 1123 3035 ά
1139 2983 1201 3051 fluo.
1219 2982 1265 3036 καί

199 3051 216 3119 ἡ
235 3051 345 3105 εὐδοκία
365 3048 396 3118 C,
415 3052 616 3106 συνανεκίκλιτο
633 3052 679 3105 καί
694 3053 710 3105 ά
726 3055 787 3122 βασ.
800 3053 846 3106 καί
859 3052 875 3121 ἡ
888 3052 998 3106 εὐδοκία
1016 3051 1068 3110 Drv
1142 3052 1175 3106 12
1192 3055 1265 3123 βασι·

198 3123 298 3182 λικΐνος
317 3120 386 3175 RDi
405 3121 490 3177 Cedr.
509 3122 651 3192 (Scylitz.)
670 3124 699 3177 Il
720 3140 746 3192 p.
759 3124 818 3191 181,
829 3124 872 3189 15,
891 3124 1024 3192 βασιλῖνος
1034 3123 1120 3193 pr,
1138 3125 1265 3193 βασιλικί·

198 3214 243 3253 νας
261 3192 288 3247 A
362 3193 452 3248 1213
470 3196 598 3262 πρότερον
617 3196 656 3249 ὢν
674 3195 763 3263 ἐρέτης
783 3194 808 3250 O
879 3196 912 3249 13
931 3195 1088 3264 ὡραιώτητα
1108 3195 1144 3265 p*
1162 3197 1265 3249 invitis

199 3264 280 3319 ARW
353 3265 387 3319 15
405 3265 538 3327 δξεδίαζεν
557 3265 618 3333 ΕΙ),
638 3281 714 3321 corr.
733 3265 786 3324 Dw
859 3267 893 3319 16
910 3266 960 3335 γὰρ
981 3282 1037 3320 0111.
1057 3266 1080 3321 C

146 3460 231 3527 eiam,
251 3458 365 3528 loceris
377 3459 476 3527 filiam,
497 3458 697 3513 concubinam
711 3458 827 3513 dudum
842 3474 937 3527 suam,
956 3455 1067 3513 Basilio
1087 3459 1264 3530 despondet.

145 3530 217 3584 Post
236 3532 326 3585 etiam
345 3546 449 3601 regem
470 3532 534 3599 ipse
555 3532 586 3584 iu
606 3546 719 3601 magna
738 3530 867 3585 ecelesia
885 3530 1028 3600 designat
1046 3546 1083 3585 ao
1102 3547 1156 3601 per
1175 3534 1264 3602 patri·
1277 3531 1310 3585 16

145 3602 266 3656 arellam
286 3602 424 3656 Photium
446 3602 617 3656 diademate
637 3607 733 3656 ornat.
769 3601 880 3655 Basilio
900 3601 978 3655 iilius
994 3600 1057 3656 Leo
1078 3618 1116 3655 ex
1130 3602 1263 3656 Eudooia
1276 3603 1309 3656 17

145 3675 288 3741 nascitur,
317 3674 369 3743 qui
388 3672 541 3727 Michaelis
568 3675 668 3743 potius
692 3688 759 3729 esse
779 3674 946 3740 dicebatur,
976 3674 1063 3741 quasi
1090 3688 1265 3744 praegnans

146 3747 253 3800 luisset
271 3745 407 3799 Eudocia
426 3744 536 3799 Basilio
556 3746 587 3798 in
606 3746 829 3799 matrimonium
850 3744 929 3799 data.

234 3816 371 3882 lliehalll,
389 3817 440 3887 qui
460 3831 577 3870 omnem
597 3820 727 3870 aetatem
746 3815 912 3885 equitando
926 3820 956 3869 et
976 3817 1177 3886 competendo
1197 3831 1264 3871 eon·
1276 3816 1310 3869 18

145 3893 278 3943 sumeret
304 3890 543 3957 frequenterque
570 3888 738 3941 inebriatus
766 3892 867 3941 mente
895 3887 1088 3956 alienaretur,
1116 3902 1207 3957 quam
1226 3902 1265 3941 ne

145 3961 264 4015 sobrius
284 3959 405 4028 quidem
426 3974 530 4013 sanam
544 3958 707 4013 admodum
727 3958 868 4023 habebat,
888 3956 1030 4012 Basilium
1050 3959 1082 4011 in
1100 3974 1185 4013 suam
1200 3973 1265 4012 eue-

146 4032 213 4085 dem
232 4032 372 4085 irritavit.
407 4029 483 4084 Nam
503 4044 571 4084 oum
591 4034 658 4100 post
676 4035 817 4099 equestre
839 4035 992 4083 certamen
1012 4028 1050 4082 ad
1064 4028 1093 4084 S.
1107 4028 1265 4083 Mamautis
1278 4029 1310 4083 19

145 4104 301 4173 regionem
318 4102 463 4169 habitum,
481 4103 511 4155 in
527 4115 587 4171 quo
600 4101 665 4170 ipse
679 4116 732 4155 rex
748 4116 815 4154 curn
831 4099 1009 4169 proceribus
1023 4100 1085 4155 suis
1098 4102 1264 4171 aurigarat,

145 4176 242 4228 vietor
256 4174 295 4228 ad
309 4189 414 4227 cenam
429 4174 621 4227 accubuisset
635 4172 723 4241 eique
737 4170 866 4226 Basilius
880 4178 910 4225 et
923 4171 1059 4225 Eudooia
1075 4172 1265 4238 interessent,

145 4245 323 4301 Basilioinus
343 4244 474 4314 quidam,
494 4243 608 4298 dudum
628 4244 733 4313 regiae
746 4244 874 4297 triremis
887 4257 991 4297 remex
1010 4242 1064 4297 sed
1077 4243 1116 4296 ob
1130 4244 1264 4313 eorporis
1274 4242 1310 4297 20

145 4318 327 4388 elegantiam
347 4317 378 4369 in
392 4317 580 4385 imperatoris
599 4314 741 4368 familiam
755 4315 876 4383 ascitus,
896 4315 1004 4368 eitum
1022 4315 1143 4369 cenanti
1162 4319 1265 4370 astaus

145 4388 222 4443 illius
241 4387 404 4457 aurigandi
429 4386 590 4441 sollertiam
618 4390 649 4439 et
676 4384 888 4440 dexteritatem
916 4385 1028 4439 divinia
1055 4384 1195 4439 laudibus
1215 4400 1265 4439 ox·

145 4460 277 4515 tollebat.
324 4458 440 4525 Quibus
470 4457 611 4513 laudibus
639 4456 700 4527 ille,
733 4456 828 4512 multo
856 4459 915 4512 iam
945 4457 1094 4513 exhausto
1123 4470 1206 4512 moro
1235 4458 1308 4515 etat
