3050 4775
241 412 296 470 oro
517 406 653 467 zoara.
672 406 772 465 EPIT.
791 406 846 462 xv
864 406 906 478 n,
927 404 1041 477 n-ro,
1060 404 1085 461 a.

242 597 434 681 ἀφυλάκτως
456 597 670 677 κοιμωμένων
692 594 842 657 ἁπάντων
875 590 931 675 (μὴ
961 590 1021 675 γὰρ
1050 590 1089 655 όν
1114 615 1189 654 ποτε
1211 589 1362 674 τολμῆσαι

242 701 393 783 συμμίξαι
421 700 527 769 αὐτοῖς
552 698 626 769 τοὺς
652 698 838 779 βαρβάρους
861 696 895 769 ἐξ
918 695 1069 766 ἀπονοίας
1090 693 1207 777 πολλῆς
1230 692 1359 776 ᾥοντο)·

199 804 232 858 13
242 802 296 866 καὶ
319 804 429 866 αὐτίκα
452 801 532 865 κατὰ
555 808 610 884 τῆς
632 800 790 883 βασιλείου
814 805 932 882 σκηνῆς
959 798 1160 879 ὡρμήκεσαν,
1193 798 1247 861 καὶ
1275 798 1361 861 ἀναι-

200 906 233 959 14
242 910 337 986 ρεῖται
358 905 417 987 μὲν
433 905 452 967 ό
467 902 667 987 Νικηφόρος,
690 902 726 967 τό
750 898 779 967 δ’
795 896 894 971 ’ὅπως
917 900 1072 984 ἠγνόηται.
1118 901 1234 984 λέγεται
1258 900 1363 965 δὲκαὶ

204 1008 232 1063 D
242 1008 329 1091 παρὰ
351 1012 416 1071 τῶν
439 1008 565 1071 οἰκείων
586 1007 790 1089 ἀναιρεθῆναι
806 1008 825 1089 ἢ
841 1004 1156 1088 πρωτουργησάντων
1170 1004 1226 1087 τὴν
1242 1003 1389 1068 ἔκείνουό

242 1110 369 1194 σφαγὴν
392 1113 411 1194 ἢ
434 1116 499 1174 τῶν
518 1110 577 1193 μὲν
593 1110 771 1193 βαρβάρων
786 1109 1045 1190 καταρξαμένων,
1068 1112 1133 1171 τῶν
1148 1106 1183 1171 ot
1195 1106 1363 1190 Ῥωμαίων

200 1214 233 1269 15
243 1214 542 1295 ἒπεξεργαοαμίνων
568 1212 623 1277 τὸν
650 1213 751 1295 φόνον
778 1211 833 1275 τὸν
859 1216 914 1274 τοῦ
938 1210 1119 1292 ἀλάστορος.
1165 1211 1363 1291 τιτρώσκεται

244 1316 279 1382 δὲ
300 1317 354 1380 καί
377 1317 396 1380 ό
418 1316 618 1397 Σταοράκως
644 1314 760 1399 μεταξὺ
788 1320 844 1377 τοῦ
874 1314 967 1396 ὤμου
999 1318 1054 1376 τοῦ
1088 1312 1190 1387 δεξιοῦ
1221 1312 1276 1376 καί
1307 1318 1363 1375 τοῦ

242 1422 392 1501 τίνοντας,
425 1419 478 1482 καί
507 1419 705 1502 ἀναιροῦνται
730 1416 839 1482 πολλοί
865 1416 924 1498 μὲν
945 1421 1010 1479 τῶν
1032 1416 1065 1479 ἓν
1088 1417 1267 1498 ὑπεροχαῖς,
1299 1420 1364 1479 τῶν

244 1524 277 1587 ἐν
299 1523 383 1595 τέλει,
405 1528 470 1585 τῶν
493 1522 526 1585 ἕν
549 1522 752 1604 στρατηγίαις,
780 1525 844 1583 τῶν
867 1521 900 1583 ἕν
923 1520 1090 1601 ἀξιώμασι,
1118 1524 1183 1583 τῶν
1206 1520 1235 1583 δ’
1259 1518 1364 1590 ἄλλως
1375 1513 1409 1568 10

244 1627 500 1708 στρατευομένων
522 1624 576 1687 καί
598 1629 663 1687 τῶν
685 1631 739 1707 τῆς
760 1623 923 1706 βασιλικῆς
945 1622 1115 1704 ὑπηρεσίας
1137 1621 1277 1685 καὶτῶν
1299 1621 1362 1684 λοι-

201 1729 234 1783 16
243 1732 315 1791 πῶν
336 1726 545 1808 θεραπόντων
567 1727 643 1791 οὖόὲ
665 1725 844 1809 ἀριθμητοί.
891 1725 1091 1805 όιαρπόζεται
1115 1724 1149 1788 δὲ
1172 1724 1320 1807 ξύμπασα
1343 1724 1362 1807 ἡ

242 1836 298 1894 τοῦ
321 1830 476 1913 βασιλέως
499 1829 659 1912 ἀποσκευί]
684 1828 737 1891 καί
759 1830 846 1891 ἅπαν
862 1827 898 1891 τὸ
913 1832 977 1891 τῶν
988 1826 1156 1909 Ῥωμαίων
1171 1826 1362 1909 χαράκωμα,

243 1932 297 1996 καί
323 1933 505 2015 περιγίνεται
531 1938 595 2002 τοῖς
620 1931 796 2015 βαρβάροις
822 1931 875 1994 καὶ
903 1930 1037 2001 πλοῦτος
1064 1928 1179 2013 συχνὸς
1205 1929 1259 1993 καὶ
1281 1930 1362 1993 ὅπλα

203 2038 235 2092 17
244 2033 343 2098 πολλὰ
370 2035 424 2097 καὶ
452 2036 546 2104 ἵππος
568 2036 673 2116 μυρία.
719 2034 809 2115 μόλις
833 2030 861 2097 δ’
886 2032 943 2097 οὖν
966 2034 984 2097 ό
1007 2032 1206 2114 Στανρόκιος
1227 2028 1409 2113 ueniat-15

245 2140 327 2213 ζεται
349 2138 402 2200 καί
425 2138 511 2208 ὅσοις
534 2138 553 2219 ἡ
577 2136 633 2211 νὺξ
655 2137 792 2219 παρέσχε
815 2136 924 2200 λαθεῖν
946 2135 1066 2219 λόχμας
1089 2134 1222 2201 ὗποόῦσι
1241 2134 1294 2199 καί
1310 2135 1362 2219 ἕλη

209 2356 219 2371 ’
244 2358 261 2412 4
280 2358 410 2428 ἀναίρεσις
429 2358 560 2430 βασιλέως
579 2360 742 2432 Νικηφόρον
762 2360 785 2415 Ε

298 2564 488 2632 3ώρμίκεσαν
506 2565 542 2630 Ι),
562 2581 639 2619 corr.
660 2565 711 2623 Dw
801 2567 818 2621 4
838 2567 873 2636 δ’]
893 2566 922 2621 δὲ
941 2566 968 2620 D
1062 2565 1167 2635 ὅπαρὰ
1186 2573 1238 2622 τῶν
1257 2569 1364 2622 οίκείων
1438 2623 1441 2628 ,

298 2634 462 2705 ΑΕΒνιννρ,
480 2636 544 2704 παρ’
562 2638 671 2691 οἰκείων
690 2637 714 2692 O
830 2645 897 2709 post
916 2639 1000 2706 ἀναιρ.
1019 2639 1089 2693 add.
1108 2640 1273 2706 ἐπιθεμένων
1291 2641 1364 2708 αὕτη)

299 2706 344 2762 όιὰ
360 2711 437 2775 μίσος
456 2712 542 2775 (μῖσος
558 2713 617 2778 wp)
635 2710 681 2764 καί
701 2708 774 2779 pr
849 2711 902 2765 dt
920 2711 1004 2779 ἢτῶν
1016 2709 1065 2779 μὲν
1076 2711 1224 2780 βαρβάρων
1236 2713 1365 2780 καταρξα-

297 2779 386 2847 μένων
405 2782 675 2848 (προκαταρξαμίνων
687 2780 834 2851 Ewap),
853 2787 906 2836 τῶν
925 2781 954 2836 δὲ
972 2781 1101 2850 ῥωμαίων
1119 2781 1364 2851 ἕπεξεργαοαμίνων

298 2849 408 2919 ΑΕνιρ,
436 2850 718 2920 ἢίπεξεργαοαμὲνων
741 2855 849 2908 ceteris
870 2854 985 2908 omissis
1004 2853 1037 2920 R,
1066 2851 1364 2922 ὑπαρεξερ“γαοαμίνων

298 2921 370 2988 αὐτῷ
388 2919 432 2976 διὰ
449 2925 537 2989 μίσος·
565 2923 611 2976 καί
630 2925 646 2976 ό
662 2925 927 2993 πρωτουργησόντων
947 2925 1002 2994 τὴν,
1030 2925 1102 2979 αὑτῶ
1121 2924 1157 2990 D,
1186 2924 1232 2994 τὴν
1251 2925 1307 2980 del.
1328 2924 1363 2992 D,

299 2997 401 3047 cetera
421 2992 477 3047 dcl.
496 2993 549 3052 Dw
568 2995 647 3048 etin
666 3011 763 3062 marg.
782 3011 819 3049 cx
835 2997 857 3050 E
877 2995 946 3049 add.
966 2997 982 3065 ἢ
1002 3003 1055 3050 τῶν
1072 2995 1121 3064 μὲν
1138 2997 1284 3065 βαρβάρων
1301 3018 1364 3064 προ-

298 3065 515 3198 ηὸιαρξξαμένὸιν,
533 3086 590 3189 παρη
605 3064 635 3189 (ἐξ
652 3066 782 3200 {aptalon
800 3067 1049 3201 ῗιὲξηργαοαμείηων
1135 3067 1363 3200 ἓῦἓιοροχαῖςῐξλ

298 3157 464 3273 suffla
484 3208 534 3270 <ae
553 3158 651 3261 fomis
669 3158 792 3276 Em
812 3226 840 3263 v.
860 3156 991 3263 diii
1009 3159 1116 3277 ἔξλῗω
1152 3179 1186 3263 1¹5
1201 3159 1364 3274 mio:

298 3285 362 3402 Ξηῦν
377 3277 453 3401 ἔαρ
537 3279 570 3333 16
588 3279 720 3349 λόγχομος
740 3281 763 3335 E
839 3282 950 3336 ὕποόῢσι
971 3279 1108 3351 Oswth}
1128 3281 1240 3336 ὑποόόσι
1259 3281 1294 3350 Α,
1313 3281 1365 3337 ὑπὸ

332 3369 357 3402 σι

244 3559 419 3613 cohortatus
439 3565 539 3613 castra
553 3559 757 3614 Rornanorum
778 3567 871 3616 noctu
890 3563 1015 3627 invadit,
1037 3562 1175 3618 omnibus
1195 3562 1365 3618 dormienti·

244 3631 302 3684 bus
326 3630 391 3684 sinc
417 3631 554 3684 excubiis
583 3634 694 3700 (acque
719 3635 799 3686 onim
826 3635 856 3686 in
880 3639 965 3688 tanta
991 3634 1204 3703 desperatione
1230 3649 1364 3703 unquam

201 3697 234 3751 13
244 3715 374 3754 ausuros
393 3717 496 3756 secum
515 3703 663 3757 barbaros
683 3704 829 3772 congredi
851 3705 1023 3775 putabant];
1050 3710 1079 3759 ct
1100 3707 1198 3759 statim
1216 3705 1247 3759 in
1268 3706 1366 3759 taber·

244 3773 386 3826 naculum
400 3773 519 3840 regium
540 3773 620 3828 facto
640 3775 755 3843 impetu
769 3774 956 3845 Nicophorus
976 3778 1093 3830 occisus
1113 3782 1165 3842 cst,
1186 3791 1246 3845 ηαο
1263 3782 1364 3830 autern

200 3840 343 3912 idpacto,
371 3845 539 3912 ignoratur.
578 3844 685 3899 Fertur
711 3847 790 3900 caim
810 3863 829 3900 a
848 3848 909 3901 suis
938 3848 1124 3913 interfectus,
1153 3849 1218 3900 sive
1241 3848 1364 3902 cacdnnr

245 3915 372 3968 hominis
402 3915 481 3968 iltius
508 3917 673 3984 pestilentis
702 3919 876 3987 auspicatio,
903 3921 968 3972 sivo
988 3935 1006 3972 a
1025 3919 1164 3972 barbaris
1192 3919 1364 3973 incohatam

200 3983 404 4040 ltexsecutis.
442 3985 625 4041 vulneratur
649 3994 678 4042 ct
697 3987 874 4043 stauracius
898 3991 977 4044 intcr
996 3991 1153 4044 humorum
1175 3990 1315 4044 doxtrum
1336 3996 1365 4044 ct

243 4057 392 4126 iugulum,
412 4058 642 4126 caedunturquo
661 4061 745 4112 inulti
767 4061 824 4114 viri
844 4063 1035 4126 excollentcs
1055 4061 1138 4114 multi
1159 4063 1364 4130 magistratus

244 4129 328 4182 multi
347 4129 440 4182 ducos
461 4135 492 4183 ct
511 4129 711 4198 dignitatibus
734 4130 872 4198 illustros,
896 4133 1031 4200 gregarii
1054 4147 1127 4187 voro
1148 4133 1262 4198 auilites,
1286 4134 1364 4196 rogii

200 4199 233 4252 16
244 4201 368 4253 comitcs
376 4200 487 4268 aliiquc
495 4201 621 4253 ministri
629 4202 873 4258 innumerabiles.
897 4203 1044 4274 Diripitur
1057 4205 1231 4259 universum
1246 4205 1363 4273 regium

243 4273 475 4325 instrurnontum
496 4277 525 4324 ct
545 4277 640 4325 totuin
654 4273 858 4328 Botrianorurn
876 4276 997 4330 vallum.
1030 4275 1155 4329 Barbari
1169 4277 1289 4344 magnis
1304 4277 1364 4344 opi·

200 4341 301 4394 libus
315 4348 385 4395 salut
405 4344 499 4411 potiti,
519 4343 620 4396 inultis
639 4347 729 4398 armis
749 4347 897 4414 oquisquc
912 4347 1054 4416 plurimis.
1080 4345 1256 4400 stauracius
1270 4361 1364 4412 aegre

244 4413 347 4466 evadit
374 4419 403 4468 ct
427 4415 528 4483 ceteri,
555 4430 755 4486 quoscunque
778 4433 839 4471 nox
868 4419 951 4487 texit,
978 4420 1009 4472 in
1030 4417 1168 4481 dumetis,
1194 4417 1364 4488 paludibus,
