3050 4775
250 392 304 458 tto
546 390 683 463 tonsa.
702 390 801 461 sur.
820 388 875 461 x'v
893 392 918 475 ε,
938 391 1033 475 ιε’-ι,
1052 401 1078 461 s.

250 584 371 671 οίλειος,
387 588 421 651 ἕν
432 584 463 671 ᾦ
474 586 528 651 καλ
539 589 641 673 βίβλοι
655 594 710 673 τῆς
723 613 756 652 τε
771 588 918 671 θύραθεν
932 588 1046 670 σοφίας
1061 586 1115 652 καί
1129 594 1184 672 τῆς
1200 586 1372 671 εὐγενεστέ-

206 695 240 749 14
250 712 309 773 ρας
324 690 378 754 καί
393 691 556 773 θειοτέρας
569 691 682 755 πολλαί
697 693 903 755 ἒναπέκειντο.
936 690 976 774 ῆν
992 688 1020 755 δ’
1038 688 1130 763 οὗτος
1146 692 1302 755 ἀνέκαθεν
1317 696 1373 755 τοῦ

249 793 447 875 προύχοντος
473 794 506 857 ἔν
530 793 634 877 λόγοις
656 796 904 878 κατοικητήριον,
937 796 974 857 ὃν
997 792 1216 877 οἰκουμενοιδν
1239 794 1373 858 ἐκάλουν

206 902 241 958 15
251 894 454 959 διδάσκαλον·
487 898 524 967 ὃς
546 898 600 961 καὶ
622 898 750 961 δώδεκα
773 896 854 979 εἶχεν
877 897 1002 979 ἑτέρους
1029 903 1252 967 συναοιοῦντας
1275 898 1514 979 αὐτῴ,1)11134

251 998 417 1069 κάκείνους
439 1005 493 1083 τῆς
515 1000 642 1083 λογικῆς
663 1000 806 1071 παιδείας
828 1000 1015 1082 μετέχοντας
1037 998 1117 1063 κατὰ
1139 998 1175 1063 τδ
1191 998 1399 1083 ἀκρύτατον.5

207 1108 241 1162 16
249 1101 370 1171 τούτοις
392 1102 446 1166 καὶ
469 1102 598 1184 σιτήσεις
620 1102 740 1165 ἀνεῖντο
763 1101 920 1185 δημόσιαι,
944 1101 999 1165 καλ
1020 1108 1096 1185 παρ’
1116 1102 1222 1172 αὐτοῖς
1237 1103 1373 1185 ἐφοίτων

218 1202 298 1273 Cois·
321 1204 410 1285 ἔμελε
432 1204 560 1288 λογικῆς
581 1204 723 1275 παιδείας
745 1204 800 1268 καὶ
823 1206 981 1287 γνώσεως,
1005 1207 1061 1275 οὓς
1083 1204 1138 1268 καί
1161 1204 1179 1267 ὁ
1197 1204 1373 1285 βασιλεύων

206 1314 239 1368 17
250 1306 453 1388 συμβούλους
484 1308 518 1371 ἓν
543 1313 608 1378 τοῖς
635 1309 803 1390 πρακτέοις
825 1308 984 1391 πεποίητο.
1029 1308 1158 1379 τούτους
1182 1305 1240 1371 οὖν
1263 1309 1292 1371 εί
1310 1308 1373 1371 ἕλοι

249 1408 304 1473 καλ
325 1416 379 1493 τῆς
402 1412 499 1474 αὐτοῦ
519 1412 681 1493 ποιήσαιτο
697 1411 838 1494 γνώμης,
862 1412 964 1494 ἔκρινε
978 1409 1014 1474 τὸ
1029 1416 1092 1474 πᾶν
1107 1410 1370 1493 κατεργάσασθαι.

206 1520 240 1574 18
249 1511 304 1575 καλ
326 1512 399 1583 τοὺς
421 1514 542 1596 ἄνδρας
563 1513 839 1596 μεταστειλάμενος
861 1512 917 1595 τὴν
939 1512 1010 1596 περὶ
1032 1518 1096 1577 τῶν
1112 1514 1274 1597 σεβαστῶν
1289 1512 1371 1577 εἰκό-
1383 1518 1417 1572 10

207 1622 240 1676 19
249 1638 316 1679 νων
345 1616 477 1700 γνώμην
505 1616 603 1679 αὐτοῦ
630 1615 686 1697 τὴν
716 1614 861 1698 πονηρὰν
893 1617 1000 1687 αὐτοῖς
1031 1616 1233 1680 ἐκοινώσατο.
1281 1616 1311 1679 οἱ
1338 1615 1372 1679 δὲ

250 1719 310 1801 οὐχ
333 1718 410 1781 ὅσον
433 1718 493 1802 οὐχ
519 1718 711 1801 ώμοδόξουν
738 1720 836 1801 αὐτῷ,
868 1717 945 1782 ἀλλὰ
977 1718 1031 1782 καλ
1062 1717 1159 1782 αὐτὸν
1185 1724 1372 1801 μεταστῆσαι

249 1826 305 1904 τῆς
327 1821 457 1903 γνώμης
479 1821 593 1904 ταύτης
616 1821 797 1904 ἐπεχείρουν
820 1821 1009 1904 ὁλοσχερῶς,
1032 1828 1078 1905 πῆ
1092 1820 1151 1903 μὲν
1167 1825 1372 1903 καταφώντες

249 1922 304 1987 τὸν
325 1924 414 2008 θῆρα
437 1923 491 1987 τὸν
508 1924 727 2007 λεοντώνυμον
742 1922 797 1987 καλ
812 1922 1039 2006 κατεπᾴδοντες
1054 1925 1152 1987 αὐτοῦ
1168 1923 1205 1987 τὰ
1221 1924 1370 2007 σωτήρια,

249 2032 294 2110 πῆ
319 2027 354 2090 δὲ
377 2026 590 2110 γενναιότερον
613 2028 837 2111 ἀντιβαίνοντας
858 2026 912 2091 καί
928 2028 1134 2110 διελέγχοντες
1148 2028 1204 2112 τῆν
1219 2028 1371 2111 ἀσέβειαν.
1385 2033 1418 2087 15

205 2130 269 2193 206
299 2129 334 2193 st
362 2129 438 2194 ὡσεὶ
469 2130 563 2201 ἀσπίς
593 2132 667 2213 ἔβοε
697 2128 735 2192 τὰ
768 2128 833 2193 ώτα
867 2129 921 2194 καί
952 2137 1065 2213 φωνῆς
1096 2129 1279 2215 ἐπᾳδόντων
1311 2130 1371 2193 οὐκ

205 2234 367 2315 91ῆλουεν
392 2228 461 2296 οὐδ’
490 2233 730 2316 ἑφαρμακεύετο
756 2232 844 2315 παρὰ
871 2237 936 2297 τῶν
968 2237 1088 2316 σοφῶν.
1133 2233 1283 2304 πολλάκις
1315 2230 1372 2296 οὗν

211 2336 355 2408 Βαδτοῖς
377 2335 635 2420 προσῳμιληκὼς
655 2334 710 2400 καὶ
731 2334 789 2419 τὴν
805 2335 910 2400 αὐτῶν
924 2334 1091 2420 μετάδεσιν
1106 2335 1276 2419 ἀπογνούς,
1299 2333 1372 2408 τοὺς

304 2567 318 2619 1
339 2566 367 2621 ίν
387 2581 443 2622 om.
463 2566 487 2620 E
589 2565 834 2622 taurinensi:
936 2566 1047 2635 ’ίίμελε
1066 2564 1190 2636 prDt',
1209 2567 1299 2635 ἔμελλε
1317 2565 1371 2620 AR

338 2637 467 2707 παιδείας]
486 2639 582 2707 σοφίας
601 2637 625 2693 G
705 2641 733 2693 σί
745 2640 925 2709 βασιλεύοντες
944 2638 1018 2709 pr
1100 2639 1118 2693 8
1135 2641 1277 2708 πεποίηντο
1296 2638 1369 2708 pr

302 2710 319 2763 9
337 2709 417 2764 αὐτοῦ
429 2708 465 2777 A,
483 2710 577 2765 ἑαυτοῦ
590 2708 709 2779 prDt'
783 2712 818 2766 10
835 2710 1074 2780 μεταπεμψάμενος
1087 2709 1111 2765 Ο
1179 2711 1294 2764 τίκάνων
1313 2725 1370 2765 om.

304 2780 377 2851 w*p,
396 2782 596 2852 imaginibus:
622 2782 672 2836 Wo
691 2781 742 2836 lat.
863 2781 898 2835 12
915 2781 1006 2836 tauris
1025 2779 1052 2835 D
1167 2789 1323 2852 μεταστῆναι
1343 2781 1369 2834 D

303 2853 337 2905 14
355 2853 471 2922 σωτήρια
486 2850 612 2924 prDi,
632 2857 701 2923 post
713 2873 730 2905 σ
741 2855 773 2907 in
792 2853 902 2907 lacuna
921 2867 1015 2907 manu
1034 2854 1147 2908 recenti
1163 2853 1287 2908 additae
1300 2857 1371 2908 sunt

302 2924 422 2980 litterae
441 2924 592 2995 quaedam
611 2925 643 2977 in
662 2923 695 2992 Α,
725 2939 805 2993 quae
824 2925 914 2994 plane
934 2923 1040 2994 dispici
1061 2926 1121 2980 iam
1145 2941 1207 2980 non
1231 2929 1369 2996 possunt;

950 3008 965 3034 a

302 3050 443 3142 equidem
462 3050 537 3122 legi:
556 3049 689 3119 σκῑνιῆῖί,
707 3049 840 3106 Haasius
859 3049 966 3120 σκατηᾷ
1091 3049 1125 3105 lb
1145 3056 1216 3106 ante
1235 3049 1282 3121 τὴν
1300 3049 1370 3105 add.

302 3129 384 3177 αυτοῦ
404 3121 478 3193 pr
552 3123 586 3177 17
604 3122 721 3191 ῆκουσεν
739 3121 767 3176 D
841 3121 876 3177 18
894 3119 1100 3193 προςσμιληκὼς
1118 3121 1191 3192 Ewp

250 3334 369 3404 dicitur,
401 3337 539 3407 proxime
564 3335 677 3392 Forum
699 3338 853 3393 aerarium
878 3339 972 3408 regia,
997 3338 1028 3392 in
1053 3351 1114 3408 qua
1138 3337 1222 3392 miilti
1247 3337 1316 3392 libri
1341 3341 1371 3392 et

250 3423 393 3478 paganae
417 3413 447 3463 et
477 3410 682 3478 generosioris
712 3425 749 3463 ac
778 3409 901 3464 divinae
928 3411 1097 3480 sapientiae
1124 3408 1370 3474 asservabantur,

206 3483 240 3537 14
250 3479 322 3533 inde
341 3480 380 3534 ab
394 3481 526 3550 antiquis
540 3481 726 3550 temporibus
752 3483 781 3536 ei
800 3481 840 3536 ad
853 3481 1052 3536 habitandum
1065 3481 1220 3548 attributa,
1240 3481 1293 3550 qui
1305 3494 1370 3534 eru·

206 3555 240 3608 15
251 3551 365 3606 ditione
384 3551 554 3621 excelleret,
574 3568 663 3622 quem
683 3554 912 3608 oecumenicum
939 3553 1134 3622 appellabant
1153 3552 1320 3620 doctorcm3
1345 3553 1371 3606 is

206 3626 241 3680 16
251 3627 281 3676 et
310 3621 469 3677 duodecim
497 3624 630 3678 babebat
658 3625 892 3679 contubernales
924 3623 1107 3679 excellentes
1135 3624 1278 3678 eruditos.
1316 3621 1371 3677 His

250 3693 390 3763 publicus
403 3694 502 3749 victus
512 3696 719 3766 praebebatur
729 3711 843 3765 eosque
856 3695 1034 3750 eruditionis
1054 3701 1083 3750 et
1096 3695 1279 3766 cognitionis
1288 3694 1371 3748 avidi

250 3764 385 3833 adibant,
417 3765 471 3819 hos
491 3772 521 3820 et
545 3783 601 3821 rex
625 3767 665 3821 ad
690 3783 792 3822 rerum
820 3766 1025 3837 gerendarum
1054 3767 1178 3821 consilia
1198 3765 1370 3820 adhibebat.

206 3841 240 3896 17
250 3837 309 3890 Eos
322 3838 417 3906 igitur
435 3839 460 3892 si
474 3839 603 3908 cepisset
621 3840 652 3893 in
665 3853 815 3910 suamque
825 3840 967 3893 traxisset
986 3839 1173 3905 sententiam,
1194 3839 1294 3893 omnia
1313 3837 1371 3892 sibi

207 3913 240 3965 18
251 3909 391 3964 confecta
409 3910 475 3963 iore
494 3912 630 3979 putabat.
667 3912 801 3966 Arcessit
820 3911 914 3980 igitur
934 3913 1015 3964 viros
1034 3910 1266 3980 improbamque
1283 3924 1370 3964 suam

206 3984 241 4038 19
251 3980 289 4034 de
308 3981 492 4035 venerandis
511 3983 696 4052 imaginibus
720 3983 894 4052 opinionem
920 3997 988 4036 cum
1016 3983 1052 4035 iis
1072 3982 1281 4036 communicat.
1312 3981 1371 4045 Qui

250 4052 328 4106 adeo
349 4053 376 4107 ei
395 4068 457 4106 non
471 4055 724 4123 assentiebantur,
743 4059 778 4107 ut
797 4059 827 4108 et
846 4054 944 4122 ipsum
958 4068 1082 4122 prorsus
1101 4053 1256 4107 abducere
1275 4053 1314 4106 ab
1333 4067 1370 4106 oa

251 4124 395 4193 opinione
414 4131 606 4194 conarentur,
625 4127 733 4195 partim
753 4125 959 4179 demulcentes
984 4126 1082 4178 lerum
1102 4124 1184 4178 illum
1204 4124 1321 4179 leonem
1341 4129 1371 4178 et

249 4196 441 4251 incantantes
460 4198 595 4251 carmina
613 4197 767 4262 salutaria,
788 4197 896 4265 partim
910 4195 1110 4250 confidentius
1123 4195 1322 4250 adversantes
1341 4202 1371 4250 et

204 4269 454 4337 aocoargusntes
479 4270 672 4338 impietatem.
710 4269 769 4324 Sed
789 4268 838 4322 ille
858 4269 952 4322 instar
966 4267 1079 4337 aspidis
1099 4267 1263 4322 obturabat
1281 4281 1372 4322 aures

250 4354 351 4408 neque
370 4341 590 4394 incantantium
609 4355 715 4395 vocem
735 4339 915 4394 admittebat
934 4354 1033 4410 neque
1052 4339 1232 4394 medicinam
1245 4339 1372 4409 accipie·

206 4413 239 4470 ³1
250 4411 303 4466 bat
321 4427 340 4465 τι
359 4413 432 4468 viris
461 4414 658 4486 sapientibus.
696 4411 771 4469 Cum
790 4413 884 4484 igitur
911 4426 1003 4484 saepo
1023 4427 1091 4466 cum
1110 4412 1147 4466 iis
1166 4412 1288 4484 egisset,
1307 4427 1373 4486 pcr-
