3050 4775
237 356 289 411 ‘232
504 356 639 413 ZONAR.
659 356 757 411 EPlT.
777 356 845 411 XIV
864 356 907 424 2⁶2,
927 356 1041 425 ’26-23,
1060 354 1085 411 4.

236 538 347 621 μόνον,
371 539 447 601 ἀλλὰ
466 541 570 621 μέντοι
586 538 639 601 καὶ
655 540 688 601 ἐν
703 539 858 619 κολάσεσι,
882 538 935 607 καὶ
951 540 989 601 οὐ
1005 538 1077 609 τοὺς
1092 537 1241 619 τυχόντας
1255 537 1356 620 μόνον

238 641 394 723 ἐκόλαζεν,
419 641 495 705 ἀλλὰ
520 642 574 705 καὶ
595 648 660 704 τῶν
682 642 830 723 ὑπερλίαν
854 644 974 724 ἥπτετο,
998 642 1044 711 ὡς
1062 642 1116 704 καὶ
1131 641 1228 723 αὐτὴν
1243 647 1355 722 τυπτῆ-

193 748 227 803 at
238 744 291 807 σαί
310 768 385 807 ποτε
407 745 463 828 τὴν
484 747 604 827 μητέρα
627 750 682 807 τοῦ
709 744 934 827 βασιλεύοντος.
979 743 1036 807 καί
1059 768 1125 807 τινα
1153 744 1189 807 δὲ
1214 743 1357 826 μοναχὸν

242 844 422 928 Θεοδόσιον,
447 848 619 929 ἕγκλειστον
633 847 707 929 πρὶν
723 846 807 926 ὄντα,
828 846 948 927 γενικόν
963 847 982 910 ὁ
997 846 1140 929 βασιλεὺς
1155 847 1356 929 προεβάλετο,

238 948 353 1032 καὶῆν
377 946 446 1013 οὐδ’
472 948 565 1020 οὗτος
587 952 689 1033 ἥττων
716 950 759 1020 εἰς
787 949 902 1011 κακίαν
928 956 983 1012 τοῦ
1011 950 1158 1032 ἐκτομίσα
1181 949 1384 1031 Στεφάνοο.5

194 1056 230 1110 28
238 1051 364 1114 πολλῶν
388 1050 445 1115 οἶν
466 1048 542 1135 παρ’
566 1054 671 1116 αὐτῶν
695 1053 807 1116 δεινῶν
822 1054 1075 1135 ἐπενηνεγμένων
1089 1060 1136 1133 τῷ
1151 1052 1357 1134 πολιτεύματι,

195 1152 367 1236 29μισητός
401 1156 514 1218 ἅπασιν
546 1156 565 1219 ὁ
593 1154 807 1225 Ἰονστινιανός
839 1156 938 1229 ἔδοξε.
994 1156 1046 1218 τόν
1080 1162 1156 1236 γοῦν
1187 1154 1358 1239 στρατηγόν

239 1254 386 1320 Λεόντιον
409 1258 443 1330 ἐξ
466 1256 617 1329 ὑπονοίας
639 1264 694 1320 τοῦ
717 1264 772 1340 τῆς
794 1259 949 1341 βασιλείας
964 1259 1108 1340 ε’ςοίεσθαι
1123 1258 1294 1340 καθείρξας
1309 1258 1359 1321 ἐπὶ

241 1357 299 1421 όύο
322 1358 488 1433 irremote,
520 1360 649 1442 ὕστερον
672 1361 818 1443 ἐκβαλὼν
840 1360 1011 1443 στρατηγὸν
1030 1359 1181 1430 Ἑλλάόος
1203 1361 1357 1443 ἐποίησεν.

196 1459 259 1523 3Οὸ
283 1460 317 1524 δὲ
340 1460 464 1545 Παύλῳ
493 1463 547 1525 τινὶ
575 1472 711 1546 μσναχῴ
738 1463 940 1545 ἀστρολογίαν
962 1464 1092 1545 μετιόντι
1115 1464 1168 1526 καί
1190 1463 1246 1545 τὴν
1268 1464 1356 1543 βασι-
1371 1469 1405 1521 10

208 1562 323 1627 Ολείον
351 1566 616 1647 χρησμοὸοτοῦντι
645 1568 733 1647 αι’σῴ
761 1589 856 1648 φησιν
884 1567 930 1636 ὡς
953 1566 1040 1647 “aym
1064 1567 1125 1650 ἤδη
1149 1567 1255 1647 ἄπειμι
1277 1566 1359 1646 πρὸς

236 1664 385 1731 Ἑλλάδα·
419 1667 489 1731 ολόα
518 1668 552 1731 δὲ
581 1670 626 1732 ὅτι
649 1669 667 1731 ό
689 1668 833 1752 βασιλεὺς
860 1669 958 1732 στελεῖ
975 1668 1049 1739 τοὺς
1071 1668 1296 1750 ἀναιρήσοντάς
1318 1694 1359 1750 με

196 1774 228 1827 31
241 1768 342 1833 ὀπίσω
373 1794 446 1852 μου.
492 1773 512 1833 ἃ
543 1772 577 1835 ὁὲ
605 1774 643 1835 σύ
670 1796 726 1853 μοι
757 1772 938 1853 προύλεγες,
971 1772 1138 1854 οἴχονται.”
1183 1772 1202 1835 ό
1230 1772 1265 1835 δὲ
1290 1772 1357 1855 ’μὴ

242 1871 490 1955 ὃειλανόρησης”
512 1875 584 1956 ἔφη,
608 1870 696 1937 “dit
714 1876 909 1956 ἐπιχείρησον
929 1882 966 1957 τῇ
980 1875 1100 1955 πράξει,
1123 1875 1177 1938 καὶ
1192 1875 1252 1956 οὐκ
1268 1876 1359 1937 ἀστο-

197 1975 345 2055 32χήσεις
378 1982 433 2038 τοῦ
469 1977 615 2058 sermon?
663 1978 861 2059 παραλαβὼν
893 1975 950 2039 οὗν
982 1978 1000 2039 ὁ
1031 1976 1179 2047 Λεόντιος
1209 1976 1282 2047 τοὺς
1314 1978 1360 2047 οἷς
1372 1981 1405 2035 15

242 2076 370 2159 ἐθάρρει
397 2077 450 2140 καὶ
477 2078 531 2148 τὰς
559 2080 712 2162 όημοσίας
736 2079 909 2162 διαρρήξας
931 2079 1053 2159 είρκτάς
1075 2078 1148 2149 τοὺς
1170 2080 1359 2162 καθειργμέ-

196 2186 316 2250 33νους
340 2180 497 2262 ἐξήγαγεν,
526 2183 568 2251 εἰς
591 2182 714 2264 πλῆθος
736 2184 990 2264 περιισταμένους
1012 2182 1104 2261 πολύ,
1133 2184 1166 2244 οἳ
1184 2181 1238 2245 καί
1261 2184 1304 2252 εἰς
1325 2182 1361 2245 τό

241 2284 323 2365 μέγα
346 2284 556 2365 παρελθόντες
578 2284 706 2366 τέμενος
728 2291 783 2347 τοῦ
799 2286 889 2367 θεοῦ,
912 2284 1039 2348 πολλῶν
1054 2284 1107 2347 καί
1123 2284 1227 2348 ἄλλων
1242 2308 1360 2348 συνεω-

241 2477 259 2571 ,7
278 2479 338 2547 περὶ
357 2479 493 2604 Λεοντίὸιὲ
502 2487 548 2534 τοῦ
562 2486 707 2549 στρατηγοῦ
728 2485 785 2544 (τοῦ
797 2501 853 2548 στρ.
866 2482 947 2534 λεοντ.
962 2480 996 2548 Ε)
1012 2479 1058 2533 καὶ
1070 2481 1143 2539 ὅπως
1155 2478 1280 2548 ἐπανέστη
1294 2479 1361 2533 κατὰ

247 2552 426 2604 Ιοοστινιανοῦ

298 2729 312 2782 1
332 2729 420 2797 μέντοι
441 2745 497 2783 om.
518 2729 544 2782 D
662 2729 679 2782 3
697 2751 761 2782 ποτε
781 2746 837 2783 ont.
858 2728 881 2778 0
995 2729 1013 2782 4
1032 2735 1103 2783 ante
1122 2731 1137 2782 ό
1155 2729 1224 2783 add.
1243 2729 1318 2788 οὗτος
1337 2729 1361 2784 0

298 2801 315 2854 6
333 2800 406 2868 αὐτῷ
426 2800 461 2867 Ι),
481 2817 557 2855 corr.
577 2799 628 2857 Dw
706 2800 919 2868 ε’πινενηγμὲνων
937 2798 1045 2870 w*th'
1126 2801 1142 2854 ’λ
1160 2808 1239 2854 πᾶσιν
1257 2803 1272 2854 ό
1290 2801 1363 2855 αότο·

298 2872 407 2939 κράτωρ
425 2873 556 2940 μεμίσητο
575 2872 597 2926 O
671 2873 744 2934 ἔδοξε
762 2870 888 2940 Ewth',
906 2873 997 2934 ε’όοξεν
1009 2871 1044 2939 A,
1064 2872 1116 2926 scd
1132 2888 1158 2924 V.
1174 2871 1212 2925 ad
1226 2873 1297 2925 Xlll
1313 2872 1363 2938 l,5

301 2944 335 2996 10
352 2945 535 3011 στρατολογίαν
553 2942 576 2999 C
651 2944 683 2997 ti
702 2944 813 2996 ἔλλάόαν
831 2944 854 2996 Ε
935 2945 951 2995 ὁ
972 2959 1028 2997 om.
1049 2943 1071 2996 B
1155 2944 1188 2997 14
1206 2944 1364 3012 ἕπιχείρισον

299 3015 364 3082 (sic)
383 3013 409 3067 A
484 3015 517 3068 18
536 3018 740 3082 συνειςρεόντων
759 3015 831 3084 Ewp

248 3211 382 3280 plebeios
402 3211 569 3274 dumtaxat,
589 3211 641 3264 scd
662 3211 885 3280 potentissimos
914 3213 1003 3264 etiam
1022 3211 1196 3277 invadebat,
1225 3211 1303 3264 adeo
1331 3217 1365 3264 ut

202 3278 236 3332 at
248 3287 277 3336 et
296 3283 391 3351 ipsam
413 3283 495 3351 regis
520 3288 646 3336 matrem
665 3282 829 3350 aliquando
850 3283 1034 3335 verberaret.
1073 3282 1109 3334 Et
1136 3299 1192 3335 rex
1212 3281 1364 3350 quendam

247 3353 427 3407 monachum
457 3369 579 3422 quoque
608 3353 821 3418 Theodosium,
849 3353 965 3422 pridem
994 3353 1151 3419 inclusum,
1179 3352 1363 3422 logothetam

248 3425 357 3477 aerarii
368 3425 542 3494 generalem
554 3425 734 3494 designavit,
745 3427 797 3493 qui
808 3440 864 3478 nec
874 3426 938 3494 ipsc
949 3425 1141 3494 improbitate
1152 3423 1292 3477 eunucho
1303 3423 1365 3478 Ste-

202 3493 238 3545 ‘28
249 3495 348 3564 phano
369 3494 505 3565 cedebat.
542 3495 617 3550 Cum
637 3501 738 3549 autem
758 3496 798 3550 ab
811 3497 847 3549 iis
859 3495 1030 3564 respublica
1043 3495 1144 3548 multis
1157 3495 1242 3548 malis
1256 3495 1365 3550 affecta

203 3563 238 3618 29
249 3572 334 3632 esset,
354 3583 408 3621 rex
429 3565 561 3621 omnium
582 3567 651 3621 odia
671 3568 811 3636 suscepit.
848 3565 1007 3621 Leontium
1024 3582 1096 3620 vero
1111 3567 1219 3620 ducem
1233 3567 1271 3619 de
1284 3568 1364 3636 cupi·

249 3638 341 3693 ditate
361 3639 478 3707 imperii
497 3643 668 3707 suspectum
691 3639 845 3692 biennium
870 3640 898 3691 in
921 3638 1050 3692 vinculis
1074 3638 1187 3704 habuit,
1216 3644 1284 3707 post
1307 3639 1364 3692 eic-

203 3707 239 3760 30
249 3715 329 3764 ctum
339 3707 487 3763 Graeciae
501 3711 608 3763 ducem
621 3711 699 3764 lecit.
727 3711 756 3764 Is
767 3709 861 3762 Paulo
872 3710 991 3762 cuidam
1005 3708 1153 3763 monacho
1167 3710 1364 3778 astrologiam

249 3781 389 3834 tractanti
410 3787 439 3835 et
459 3782 617 3850 imperium
637 3782 693 3835 sibi
708 3782 885 3834 vaticinanti
897 3779 1009 3849 ‘'Ego''
1020 3782 1118 3849 inquit
1131 3781 1213 3834 “iam
1227 3781 1318 3835 abibo
1333 3782 1365 3834 in

249 3851 424 3919 Graeciam3
444 3853 506 3907 seio
517 3867 620 3921 regem
640 3853 712 3906 milri
722 3867 916 3922 percussores
936 3858 1051 3921 atergo
1072 3853 1367 3942 esseimmissurumi

203 3922 236 3976 31
249 3938 286 3978 ea
306 3938 387 3988 vere,
407 3938 486 3992 quae
506 3929 539 3977 tu
557 3923 627 3977 mihi
649 3923 873 3985 vaticinabaria
897 3923 978 3975 nihili
1000 3922 1116 3977 erunt.”
1134 3922 1189 3978 Cui
1208 3923 1257 3976 ille
1275 3922 1358 3977 “Ne’

249 3995 346 4062 inquit
364 3995 560 4048 “effeminato
580 3995 620 4048 sis
639 3997 748 4060 auimo,
768 3993 822 4048 sed
840 4009 903 4048 rem
923 4002 1046 4048 strenue
1057 3995 1247 4062 administra,
1265 4010 1366 4064 neque

204 4065 345 4137 tliimpos
365 4068 426 4120 voti
446 4065 527 4120 fles.”
562 4064 708 4120 Leontius
732 4066 826 4135 igitur
843 4065 993 4120 fidissimis
1012 4066 1184 4134 quibusque
1204 4067 1366 4136 assumptis

249 4143 279 4193 et
298 4139 426 4207 publicis
446 4137 619 4191 carceribus
638 4138 742 4206 ruptis,
772 4152 914 4206 magnam
934 4138 1123 4206 captivorum
1143 4138 1365 4193 multitudinem

204 4209 363 4277 33eduxit,
383 4210 434 4278 qui
455 4209 485 4262 in
505 4223 648 4278 magnum
669 4207 717 4262 dei
731 4208 874 4278 templum
889 4209 1050 4278 progressi,
1071 4208 1171 4264 multis
1190 4211 1281 4264 etiam
1300 4211 1366 4264 aliis

249 4279 480 4344 confluentibus,
507 4278 706 4333 Iustinianum
732 4280 898 4334 maledictis
916 4279 1056 4333 insectati
1074 4279 1235 4335 Leontium
1258 4282 1366 4336 faustis

249 4352 399 4404 ominibus
419 4351 572 4420 prosecuti
590 4357 668 4418 srmt,
694 4351 837 4406 Callinico
857 4351 1029 4421 patriarcba
1049 4366 1171 4420 quoqne
1190 4347 1365 4407 adiurante.
