3050 4775
259 388 484 447 TRIVMPHVS
503 386 707 447 BELISARII.
745 391 903 447 BELLVM
923 392 1162 450 GOTTHICVM.
1229 394 1280 448 165

158 596 247 654 νησιν
269 572 479 655 ἀπονείμαντα
502 573 556 637 τόν
571 573 605 636 Γ
601 575 725 657 ελίμερα
749 576 918 658 καταγωγὴ
944 576 1063 658 όέχεται
1081 574 1210 658 λαμπρὰ
1226 575 1280 638 καὶ

159 675 313 756 θεραπεία
344 675 487 759 βασιλικὴ
520 678 804 760 προετοιμασθεῖσα
837 680 932 760 αὐτῷ.
983 678 1058 761 μεθ’
1091 680 1213 762 ἡμέρας
1245 680 1325 743 θέ42

158 800 242 847 τινας
265 775 359 849 αὖθις
382 778 568 861 ἱππηλασίας
592 780 749 863 ἀγομένης
772 780 852 844 κατὰ
874 781 910 844 τὸ
932 782 1076 863 θέατρον,
1098 780 1135 844 τὰ
1151 782 1280 864 λάφυρα

158 884 215 943 τοῦ
246 881 387 962 πολέμου
417 881 466 945 tad
492 883 591 964 μέσης
613 890 667 965 τῆς
689 883 814 953 πόλεως
836 884 1030 966 κομιζόμενα
1054 884 1214 966 εἰσήγοντο
1237 886 1280 954 εἰς

128 981 194 1045 sul
217 981 363 1065 Στάὸιον,
396 983 523 1047 ἀκόντια
550 984 603 1048 καί
631 986 743 1068 θρόνοι
766 987 820 1050 καὶ
843 992 956 1069 φορεῖα
979 992 1151 1069 καταστεγῆ
1174 1009 1278 1068 γυναι-

158 1090 237 1159 κεῖα,
266 1092 386 1169 χρυσοῦ
410 1086 447 1149 τὰ
470 1088 569 1151 πάντα
593 1092 788 1171 πεποιημένα
811 1089 866 1153 καί
887 1089 988 1159 λίθοις
1010 1089 1191 1171 τιμαλφίσιν
1214 1090 1279 1152 ἔπι-

157 1190 373 1271 κοσμούμενα,
404 1190 458 1253 καὶ
489 1192 576 1274 κλίνη
610 1192 704 1276 ὁμοία
738 1192 792 1255 καὶ
824 1191 1036 1275 χρυσόπαστοι
1067 1192 1199 1275 τάπητες
1225 1192 1279 1254 καὶ
1289 1194 1324 1249 43

158 1290 255 1373 σκεύη
279 1292 316 1355 τὰ
337 1297 404 1363 ταῖς
426 1295 592 1376 τραπέζαις
613 1296 862 1377 θπηρετοάμενα,
886 1294 923 1357 τὰ
945 1294 1004 1376 μὲν
1027 1296 1063 1357 ἐκ
1079 1300 1200 1376 χρυσοῦ
1216 1296 1278 1375 είρ-

158 1394 308 1475 γασμένα,
330 1394 367 1458 τὰ
392 1394 420 1459 θ’
438 1398 472 1469 ἐξ
493 1398 635 1480 ἀργύρου
658 1399 862 1481 πεποιημένα,
887 1398 941 1460 καὶ
965 1398 1136 1480 ἐκπώματα
1160 1397 1279 1479 χρύσεά

110 1503 189 1559 lora
211 1496 265 1561 καί
287 1498 493 1583 λιθοκόλλητα
517 1501 570 1563 καὶ
592 1502 753 1584 ἁλουργεῖς
769 1500 899 1584 ἐσθῆτες
913 1500 967 1563 καὶ
982 1500 1093 1563 πέπλοι
1108 1499 1279 1582 παρόμοιοι

157 1598 211 1661 καί
226 1601 373 1683 βασίλειοι
389 1604 535 1685 στέφανοι
550 1604 604 1667 καὶ
618 1604 733 1687 κόσμοι
750 1610 909 1687 γυναικῶν
926 1603 1063 1667 όιάλιθοί
1076 1625 1107 1663 τε
1123 1602 1177 1664 καί
1191 1625 1278 1682 περι-
1289 1604 1316 1657 D

155 1702 316 1785 μάργαροι
338 1703 392 1767 καλ
415 1704 491 1769 ἄλλα
514 1706 637 1771 πλεῖστα
661 1706 714 1771 καί
738 1704 878 1789 ἀριθμὸν
901 1704 1015 1787 σχεόόν
1037 1705 1278 1786 ὑπερβαίνοντα,

156 1804 211 1867 καί
226 1805 274 1869 ἐπὶ
290 1812 365 1870 πᾶσι
380 1807 534 1890 λάρνακες
550 1808 625 1872 ἑπτὰ
641 1810 772 1891 χρυσίου
788 1808 897 1892 μεσταί
912 1807 966 1871 καὶ
981 1808 1084 1890 βίβλοι
1097 1812 1162 1870 τῶν
1178 1807 1278 1870 θείων
1287 1811 1322 1866 44

156 1907 355 1991 εὐαγγελίων,
388 1910 498 1993 χρυσῷ
523 1911 794 1994 περιλαμπόμενοι
815 1911 975 1974 πάντοθεν
997 1910 1052 1974 καὶ
1073 1910 1175 1973 λίθων
1197 1933 1277 1972 παν-

110 2009 250 2081 15τοίοις
281 2012 379 2092 γένεσι
410 2013 651 2096 ποικιλλόμεναι.
697 2014 733 2077 τὰ
762 2014 822 2096 μὲν
850 2012 986 2077 οὖντοῦ
1010 2013 1173 2096 θριάμβου
1196 2012 1277 2095 ἦσαν

155 2112 189 2175 ἐν
212 2113 341 2184 τούτοις.
386 2113 569 2197 Βελισάριος
593 2116 627 2180 δὲ
649 2115 703 2180 καὶ
726 2117 872 2187 ὑπατείας
895 2118 1019 2199 ἠξίωτο.
1284 2120 1320 2175 45

236 2212 321 2299 ''pr
346 2216 380 2280 δὲ
402 2221 457 2281 τοῦ
472 2222 537 2281 τῶν
552 2216 749 2301 Οὐσνὸήλων
771 2219 914 2300 πολέμου
936 2218 1167 2288 καταλυθέντος
1189 2215 1304 2281 πέλ-8

153 2316 235 2381 λεται
249 2317 336 2402 παρὰ
351 2324 407 2382 τοῦ
422 2320 576 2403 βασιλέως
591 2322 633 2393 είς
645 2320 782 2406 Ῥώμην,
806 2322 920 2404 ταύτην
934 2345 966 2384 τε
988 2321 1042 2384 καί
1063 2325 1168 2384 πᾶσαν
1186 2321 1274 2403 αὐτῷ
1284 2325 1320 2380 W
1330 2325 1374 2381 111
1384 2326 1419 2382 55

152 2540 170 2592 2
188 2540 249 2608 περὶ
268 2547 312 2608 τῆς
330 2549 384 2594 τῶν
402 2542 532 2610 λαφύρων
548 2551 655 2610 πομπῆς
674 2542 722 2598 ΟΕ
796 2543 829 2597 17
848 2544 887 2596 ὅτι
905 2543 921 2596 ό
939 2542 1094 2610 Βελισάρισς
1113 2543 1167 2607 (sic
1180 2543 1270 2596 etiam

152 2611 186 2677 E,
206 2627 234 2664 v.
254 2611 293 2665 ad
313 2611 381 2666 XIV
401 2613 425 2680 i,
440 2612 485 2678 21)
504 2615 540 2674 εἰς
559 2613 605 2683 τὴν
621 2615 727 2668 Ἰταλίαν
745 2615 848 2682 ἐστάλη,
876 2615 973 2683 ταύτην
991 2635 1018 2667 τε
1037 2613 1083 2668 καί
1101 2611 1148 2682 τὴν
1163 2613 1272 2682 Ῥώμην

151 2683 292 2746 ὑποτάξων
310 2684 451 2748 (θποτάξον
470 2685 505 2753 Ε)
525 2693 563 2754 τῷ
581 2687 686 2755 βασιλεῖ
701 2685 753 2740 ὑπὸ
773 2688 884 2740 Γότθων
901 2685 1078 2754 κατεχομένην
1097 2684 1145 2739 ΟΕ

207 2897 225 2951 2
241 2899 366 2968 βασιλικῇ
379 2896 481 2963 (siclA
552 2900 570 2952 4
592 2904 659 2969 post
672 2902 835 2967 κομιζόμενα
848 2899 917 2953 add.
931 2899 977 2953 καί
989 2900 1178 2967 θεατριζόμενα
1197 2899 1271 2968 pr

207 2969 223 3022 fi
242 2970 405 3038 τημσλφίσιν
424 2976 453 3025 et
471 2971 625 3039 τιμαλφὲσιν
644 2987 698 3039 per
717 2971 839 3041 dittogr.
860 2971 882 3026 C
958 2971 1150 3039 8ε1ργσσμένα
1169 2987 1225 3024 om.
1247 2969 1271 3023 Ο

208 3041 243 3093 10
254 3041 445 3096 λιθοκόλυταΕ
504 3043 638 3110 άλουργεῖς
649 3041 787 3108 (siclAD,
801 3043 981 3110 άλιουργεῖςΕ
1041 3042 1130 3096 13καί
1138 3043 1225 3111 βίβλοι
1238 3071 1270 3079 -

207 3111 242 3164 14
258 3113 388 3167 πάντοθεν
407 3114 452 3166 καὶ
472 3129 528 3167 em.
546 3113 572 3167 Α
592 3117 696 3174 (unum
717 3130 848 3182 versum,
868 3130 896 3167 v.
915 3115 1004 3178 B-W,
1031 3114 1104 3183 Βγκ.
1123 3111 1269 3166 Zeitsclrr.

207 3198 234 3236 a.
254 3183 324 3238 1892
342 3201 370 3254 p.
390 3183 453 3250 220)
546 3186 579 3239 13
597 3185 688 3253 θείων]
709 3187 790 3253 ἱερῶν
810 3184 835 3239 Ο
930 3185 964 3240 15
982 3184 1014 3239 τὰ
1031 3183 1080 3252 μὲν
1100 3183 1157 3252 οὖν]
1176 3183 1271 3238 καὶτὰ

205 3253 300 3322 piel)
373 3255 589 3312 17τοῦοῐῐ1.0
663 3255 1041 3312 18τεαῦτῶκαλπᾶσανΒ

152 3471 246 3540 regiis
258 3469 430 3526 ministeriis
442 3472 501 3525 iam
516 3475 587 3526 aute
601 3473 791 3542 praeparetis
804 3473 963 3542 excipitur.
991 3470 1063 3525 Post
1076 3471 1141 3526 dies
1154 3471 1270 3540 aliquot
1279 3467 1315 3520 42

152 3555 222 3595 cum
241 3542 349 3596 iterum
370 3541 433 3596 ludi
453 3547 608 3611 equestres
634 3543 664 3596 in
685 3544 802 3598 theatro
831 3548 1005 3614 agerentur,
1037 3542 1133 3611 spolia
1163 3543 1269 3596 bellica

153 3627 208 3682 per
227 3612 355 3667 mediam
374 3613 481 3668 urbem
496 3619 646 3668 ostentata
656 3615 686 3668 in
698 3615 828 3669 studium
838 3615 1020 3678 inseruntur,
1039 3614 1148 3682 iacula,
1168 3613 1268 3680 sellae,

152 3684 315 3738 muliebres
333 3683 465 3751 lecticae,
490 3686 591 3738 omnia
610 3700 705 3740 aurea
724 3691 754 3740 et
773 3687 912 3755 pretiosis
931 3686 1038 3755 lapillis
1058 3690 1215 3751 exornata,
1239 3679 1314 3738 erre

152 3755 270 3824 sponda
290 3754 424 3810 eiusdem
443 3757 565 3826 generis
579 3757 739 3826 auratique
759 3762 877 3826 tapetes
896 3763 927 3811 et
945 3757 1085 3811 utensilia
1095 3770 1268 3810 mensarum

152 3827 260 3897 partim
281 3841 376 3880 aurea
391 3827 500 3896 partim
514 3832 670 3897 argentea,
690 3829 800 3898 pocula
819 3829 890 3882 item
910 3843 1005 3882 aurea
1015 3828 1141 3896 gemmis
1161 3832 1269 3881 ornate

152 3911 387 3968 purpureaeque
407 3902 505 3952 vestes
525 3904 554 3954 et
574 3898 662 3968 pepla
682 3900 816 3953 eiusdem
835 3901 965 3969 generis,
989 3899 1110 3968 regales
1129 3913 1269 3962 coronae,

152 3974 332 4023 ornamenta
351 3968 509 4024 mulierum
528 3971 655 4040 gemmis
674 3976 704 4024 et
722 3972 896 4038 margaritis
915 3973 1116 4040 interpuncta,
1147 3969 1268 4038 aliaque

152 4040 283 4110 plurime
294 4043 325 4094 et
337 4055 435 4110 paene
445 4041 686 4109 innumerabilia,
707 4046 818 4112 etpost
836 4043 911 4096 haec
930 4043 1031 4095 omnia
1051 4042 1143 4094 cistae
1153 4037 1313 4109 septem44

151 4126 228 4166 eure
247 4110 356 4181 plenae
376 4116 406 4165 et
423 4111 491 4165 libri
510 4128 666 4167 sacrorum
687 4114 915 4183 evangeliorum
935 4113 1071 4181 undiquc
1091 4111 1268 4165 aurereiul·

151 4187 260 4254 gentes
279 4187 309 4237 et
326 4184 421 4236 omnis
431 4184 552 4252 generis
562 4183 669 4254 lapillis
680 4185 821 4238 distincti.
858 4183 903 4238 Αε
916 4185 1085 4253 triumphus
1096 4182 1267 4236 huiusmodi

152 4255 216 4308 luit.
252 4252 399 4308 Belisario
419 4259 520 4308 autem
541 4257 631 4309 etiam
651 4255 826 4309 consulatus
847 4260 892 4308 est
911 4255 1038 4309 delatus.
1277 4251 1312 4305 45

240 4325 266 4379 8.
303 4323 386 4378 Bello
406 4324 572 4380 vandalico
593 4327 651 4379 iam
666 4326 804 4380 conlecto
823 4327 902 4381 idem
913 4326 1039 4380 Romam
1059 4339 1162 4394 arege
1180 4325 1268 4378 mitti-

150 4403 209 4466 tur,
237 4402 272 4450 ut
291 4411 358 4450 earn
381 4401 537 4466 totamque
557 4396 672 4450 ltaliam
701 4397 740 4450 ab
761 4397 879 4452 Gotthis
899 4403 1077 4468 occupatam
1101 4397 1266 4466 subigeret,
