3050 4775
252 396 305 457 298
559 395 695 456 ZONAR.
715 396 814 456 ΕΡΙΤ.
834 396 888 455 XV
908 396 950 466 it,
968 396 1065 453 6-17.

213 580 355 647 θσθώαι
377 582 431 647 καὶ
453 584 697 667 κατασχεθέντες
725 584 913 664 ἀπόλωνται,
946 584 1132 654 σπεύσαντες
1159 582 1310 667 συνέσχον
1337 582 1371 647 έν

250 694 297 769 τῷ
323 687 464 768 παλατίῳ
490 684 545 751 τόν
567 687 695 770 βασιλέα
718 686 865 768 καὶπερὶ
887 687 977 769 ώραν
1001 686 1128 771 ἒννότην
1149 686 1222 759 τοὺς
1245 686 1369 770 όφθαλ-

250 788 331 869 μοὺς
353 791 451 855 αὐτοῦ
474 790 622 873 ώμότατα
646 791 852 872 ἐξορύττουσι,
876 792 1106 873 προνοούμενοι
1127 790 1172 874 μὴ
1196 790 1296 873 μόνον
1314 797 1369 854 τοῦ

225 890 360 974 λφωτὸς
377 894 566 977 στερηθῆναι
581 893 687 975 αὐτόν,
710 892 787 957 ἀλλὰ
811 893 865 957 καλ
887 894 983 977 αὐτῆς
1004 900 1060 977 τῆς
1082 895 1176 979 ζωῆς.
1223 894 1274 958 ὅτε
1296 918 1369 957 συν-

250 996 307 1077 έβη
331 995 382 1078 ἐφ’
406 997 528 1079 ἡμέρας
550 995 759 1061 ἐννεακαίδεκα
781 996 827 1079 μὴ
851 995 975 1079 λάμψαι
996 995 1051 1061 τόν
1065 994 1162 1081 ἥλιον,
1186 993 1251 1060 ἀλλ’
1268 995 1396 1079 drap-5

249 1104 316 1169 πεῖς
342 1096 418 1162 εἶναι
444 1099 498 1164 καλ
524 1100 694 1171 σκοτώόεις
721 1099 777 1171 τὰς
803 1100 925 1183 ἡμέρας
953 1099 1081 1182 ἐκείνας,
1115 1100 1175 1163 οὒκ
1208 1097 1279 1163 olda
1311 1100 1369 1163 εἴτε

250 1202 386 1284 τυχαίως
408 1202 493 1267 οὕτω
516 1202 643 1286 συμβὰν
664 1204 722 1267 εἴτε
743 1202 797 1267 καλ
821 1202 871 1267 διὰ
898 1202 954 1286 τὴν
977 1208 1033 1266 τοῦ
1055 1202 1294 1267 Κωναταντίνου
1317 1202 1369 1266 τύ-

250 1301 382 1386 φλωσιν,
414 1305 462 1376 ὡς
493 1311 659 1389 τηνικαῦτα
690 1312 755 1377 τοῖς
777 1306 962 1387 ἀνθρώποις
985 1304 1097 1387 έόόκει,
1130 1306 1180 1370 οἷα
1203 1312 1258 1389 τῆς
1280 1305 1369 1377 θείας

249 1408 401 1488 προνοίας
422 1409 636 1492 νεμεοησάσης
656 1415 704 1491 τῷ
725 1408 832 1491 πάθει,
856 1408 903 1479 ώς
926 1408 962 1472 έκ
983 1407 1104 1491 μητρός
1126 1410 1169 1480 εἰς
1191 1407 1260 1473 υἱόν
1281 1432 1367 1491 γενο-

222 1510 241 1567 8
248 1510 346 1593 μένῳ.
388 1510 476 1576 καλό
490 1510 550 1594 μέν
564 1512 649 1576 οὕτω
664 1511 737 1582 τοὺς
752 1510 944 1594 ὀφθαλμοὺς
959 1511 1171 1593 έξωρώρυκτο
1186 1507 1254 1575 κατ’
1271 1510 1369 1593 αὐτὴν
1381 1514 1414 1568 10

248 1611 305 1694 τὴν
327 1614 449 1696 ἡμέραν
471 1610 548 1679 καθ’
572 1617 612 1697 ἣν
639 1614 757 1685 ἐκεῖνος
783 1614 837 1677 τὸν
863 1614 952 1677 θεῖον
978 1615 1075 1678 αὐτοῦ
1098 1612 1289 1697 Νικηφόρον
1315 1614 1405 1678 κσὶῐ)
1421 1619 1468 1675 ΙΙΙ
1514 1630 1525 1672 ε

90 1713 149 1771 PII
157 1714 302 1780 19οΑτὸν
318 1717 459 1799 Μωοηλέ
477 1717 672 1801 έξετύφλωσε
686 1717 739 1781 καλ
754 1722 819 1781 τῶν
833 1717 963 1796 λουιών,
987 1718 1034 1788 ώς
1049 1718 1173 1800 εἴρηται,
1195 1716 1251 1789 τὰς
1266 1718 1367 1799 γλώσ·

222 1818 307 1889 9σας
337 1819 479 1903 ἀπέτεμε,
512 1822 602 1885 πέντε
631 1819 749 1903 μεταξὺ
776 1819 1044 1903 παρεληλυθότων
1071 1820 1228 1885 ἐνιαυτῶν.
1285 1821 1304 1904 ἡ
1334 1820 1368 1886 dd

249 1920 370 2005 Εἰρήνη
393 1923 447 1985 καὶ
468 1920 563 1993 αὖθις
584 1929 639 2005 τῆς
660 1923 836 2006 μοναρχίας
858 1923 1029 2006 ἐπείληπτο.

206 2024 240 2079 10
338 2025 403 2088 Kai
425 2026 458 2089 έν
473 2032 511 2107 τῇ
525 2026 721 2108 πρεσβυτέρᾳ
733 2025 842 2108 Ῥώμη
858 2031 914 2089 τοῦ
929 2026 1019 2089 πάπα
1035 2025 1190 2097 θανόντος
1201 2025 1366 2107 ’stipator
1380 2032 1412 2089 15

206 2130 234 2182 ll
248 2125 343 2190 Λέων
370 2128 612 2211 κεχειροτόνητο,
645 2128 725 2210 ἀνὴρ
753 2128 873 2199 αἰόοῖος
900 2128 953 2192 καλ
976 2129 1165 2211 τιμιώτατος.
1212 2128 1242 2193 oi
1265 2129 1299 2193 όὲ
1321 2136 1368 2211 τῷ

248 2230 376 2295 θανόντι
400 2230 557 2314 Ἀόριανῷ
587 2232 800 2314 προσήκοντες
832 2232 992 2296 στασιάσαι
1022 2230 1076 2295 τὸν
1107 2230 1184 2296 λαὸν
1216 2233 1367 2317 ἠρέθισαν

250 2424 284 2478 15
300 2424 361 2493 περὶ
378 2434 425 2481 τοῦ
443 2427 513 2489 (om.
523 2425 556 2492 O)
575 2426 689 2487 Λέοντος
705 2427 780 2482 πόπα
796 2426 903 2496 Ῥώμης
921 2427 966 2482 καὶ
984 2428 1057 2486 ὅπως
1075 2428 1103 2482 ei
1120 2427 1235 2495 Φράχγσι
1248 2427 1293 2484 καὶ
1304 2429 1367 2482 πότι

249 2497 285 2563 (Ε
302 2512 380 2551 corr.
399 2512 437 2552 ex
457 2498 541 2563 ὅπως)
568 2505 614 2568 τῆς
635 2499 741 2560 Ἰταλίας
763 2497 844 2570 αὖτῆς
872 2499 941 2568 (om.
961 2497 994 2567 C)
1022 2497 1068 2554 καὶ
1091 2506 1136 2569 τῆς
1158 2499 1263 2570 Ῥώμης
1286 2499 1366 2572 αὐτῆς

249 2571 317 2633 (om.
337 2568 373 2634 Ε)
390 2569 546 2638 ἐκυρίευσαν
565 2569 612 2626 GE

302 2729 314 2782 l
336 2729 486 2785 όπόλωνται
505 2728 631 2801 prDt',
649 2731 799 2786 ἅπώλονται
819 2729 879 2799 ΑΒ,
896 2731 1053 2786 ἀπώλωνται
1073 2731 1096 2785 Ε
1180 2733 1204 2786 l.
1223 2732 1242 2786 2
1259 2731 1303 2786 τόν
1320 2735 1366 2804 βα·

301 2801 374 2855 σιλέα
392 2801 420 2855 έν
439 2811 477 2870 τῷ
495 2802 614 2871 παλατέῳ
633 2802 715 2871 Ewp,
734 2803 905 2873 τὸνβασιλέα
923 2803 983 2872 περὶ
1000 2801 1066 2858 αὐτὰ
1085 2802 1115 2858 τὰ
1133 2803 1251 2872 βασίλεια
1270 2802 1294 2858 Ο

300 2871 428 2939 2λνότην
447 2871 526 2942 DDt',
546 2890 574 2927 v.
594 2874 633 2928 ad
652 2873 706 2929 XV
724 2875 750 2941 3,
770 2875 787 2929 8
865 2873 882 2928 3
899 2874 1118 2944 προμηθούμενοι
1138 2873 1194 2940 BC,
1212 2876 1366 2944 προθυμοό·

299 2965 372 3011 μενοι
389 2943 417 2998 D
515 2945 553 3015 μὴ
573 2943 682 3015 AEwp,
701 2947 761 3015 οὐχὶ
780 2945 814 3010 Β,
833 2945 866 3000 οὗ
885 2945 912 2999 D
1014 2946 1032 3000 4
1049 2955 1171 3016 στερῆσαι
1190 2945 1214 3001 0
1301 2947 1366 3015 ἀλλ’,

301 3018 411 3071 onrisso
429 3016 484 3084 κατ’,
504 3018 576 3086 Ewp
640 3016 666 3070 4.
685 3018 702 3072 5
720 3020 762 3071 ὅτε
775 3017 820 3071 κατ’
832 3017 876 3086 ἐφ’
890 3017 988 3087 ἡμέρας
1004 3019 1125 3086 (ἡμέραις
1134 3017 1172 3081 ii)
1191 3019 1366 3074 έπτακαέότκα

300 3087 424 3142 συνέπεσε
443 3088 467 3143 Ο
539 3089 630 3144 ,ἢάλλ’
650 3105 707 3143 om.
727 3089 760 3154 Ο,
781 3089 849 3142 add.
871 3088 921 3145 Dw
1000 3090 1018 3143 6
1037 3096 1108 3143 anie
1126 3089 1189 3143 dvm
1210 3089 1278 3144 add.
1298 3090 1323 3144 δ’
1342 3090 1365 3146 0

335 3159 394 3228 εἴτε]
414 3160 439 3213 εἷ
457 3159 480 3213 Β
600 3161 616 3215 'i
636 3163 735 3229 τυχέως
754 3161 790 3226 Ι),
811 3176 886 3215 corr.
909 3161 960 3218 Dw
1076 3163 1161 3220 οὕτως
1179 3160 1203 3214 Β
1321 3163 1366 3217 καὶ

301 3247 358 3283 om.
378 3230 402 3285 Ο
494 3231 512 3285 9
529 3233 713 3300 ντμησαμένης
731 3233 755 3286 Ε
864 3232 899 3286 10
915 3232 1096 3301 έξωρώρυκιο
1115 3230 1175 3298 AR,
1195 3231 1365 3302 έξορώρυκτο

299 3299 386 3368 ΒΕνι,
404 3301 541 3370 ε’ξώρυκτα
559 3301 595 3372 ρ*
669 3302 703 3356 12
720 3301 830 3373 εἴρηται]
845 3301 899 3358 XV
918 3303 1008 3369 1212
1081 3303 1115 3358 13
1133 3303 1365 3371 ότιληλυθότωνΟ

338 3371 371 3427 14
389 3374 435 3428 καὶ
454 3389 511 3428 om.
531 3373 555 3429 0
628 3375 663 3428 16
681 3383 719 3444 τῷ
738 3391 795 3430 om.
816 3375 843 3428 D
918 3375 950 3429 17
968 3374 1095 3443 α’όριανοῦ
1115 3375 1150 3444 D,
1171 3389 1247 3430 corr.
1266 3374 1318 3434 Dw

247 3567 286 3605 ne
305 3567 390 3606 mora
408 3553 587 3621 interposita
606 3553 761 3622 dilatoque
780 3553 916 3608 facinore
935 3553 1115 3622 deprehensi
1135 3555 1277 3623 perirent,
1300 3555 1366 3621 regi

247 3623 304 3676 snb
329 3623 432 3677 horam
456 3639 566 3678 nonam
591 3624 692 3679 subito
716 3626 747 3678 in
767 3625 880 3694 palatio
900 3625 1004 3679 oculos
1023 3624 1229 3680 crudelissime
1247 3631 1367 3694 eruunt,

220 3687 345 3762 'iparati
373 3711 434 3748 non
463 3695 576 3750 iumine
602 3700 728 3763 tantum,
757 3695 810 3750 sed
836 3697 898 3750 vita
922 3697 1010 3750 etiarn
1036 3697 1102 3766 ipsa
1121 3699 1252 3766 privare.
1289 3697 1366 3751 Tum

246 3765 364 3832 accidit,
386 3773 421 3818 nt
440 3767 484 3819 aei
504 3782 559 3835 per
577 3767 642 3821 dies
662 3767 865 3837 septendecim
886 3783 946 3820 non
967 3766 1147 3836 splenderet.
1171 3768 1225 3822 sed
1245 3768 1366 3822 obscuri

246 3842 276 3889 et
295 3837 446 3891 tenebrosi
466 3846 567 3892 essent
586 3838 651 3892 dies
670 3840 719 3906 iiii,
745 3838 825 3907 quod
847 3838 927 3892 haud
947 3840 1009 3893 scie
1029 3839 1195 3894 fortuitone
1214 3840 1366 3906 acciderit,

247 3923 286 3960 an
310 3908 349 3961 nb
369 3907 599 3963 Constantinum
623 3917 829 3976 excaecatum,
858 3918 892 3964 ut
917 3916 980 3963 tum
1004 3910 1175 3964 hominibus
1195 3911 1365 3977 videbatur,

246 3979 333 4047 quasi
358 3979 463 4034 divina
486 3981 679 4048 providentia
702 3981 817 4034 cladem
838 3981 919 4033 iliam
939 3985 1134 4035 aversaretur
1153 3981 1213 4034 iiiio
1233 3997 1251 4035 a
1271 3987 1367 4036 matre

219 4047 367 4102 iiiiiatam.
404 4051 489 4105 Oculi
503 4053 529 4106 ei
544 4054 587 4106 ita
607 4054 684 4107 eruti
698 4057 769 4106 sunt
787 4052 891 4106 eedem
908 4052 965 4117 die,
985 4067 1045 4121 qno
1060 4053 1108 4107 iiie
1123 4059 1263 4121 patruum
1278 4067 1366 4108 snum

246 4119 448 4190 Nicephorum
473 4131 503 4177 ct
525 4122 664 4178 noreiam
689 4129 872 4178 excaecarat
897 4131 927 4176 ct
949 4124 1081 4192 reliquie,
1109 4131 1143 4179 ut
1171 4123 1284 4178 dictum
1313 4131 1366 4192 cst,

219 4188 368 4258 tiinguas
391 4194 591 4262 praeciderat,
621 4196 708 4248 annis
731 4196 851 4249 interim
874 4195 1010 4264 quinque
1029 4195 1147 4265 elapsis.
1186 4195 1273 4250 Irene
1293 4211 1366 4251 vero

247 4263 348 4317 denuo
367 4266 526 4334 imperium
545 4271 711 4319 consecuta
730 4272 783 4319 cat.

203 4332 237 4385 10
335 4334 479 4402 Adriane,
507 4338 620 4391 veteris
644 4337 758 4391 Romae
787 4353 877 4407 papa,
905 4343 1024 4392 mortue
1050 4337 1112 4392 Len
1138 4337 1284 4392 suffectus
1314 4343 1367 4404 est,

203 4406 294 4462 llvir
321 4409 510 4464 reverendus
538 4413 569 4465 et
596 4409 795 4480 honorabilis3
823 4410 878 4466 sed
896 4409 1024 4465 Adriani
1045 4409 1181 4465 defuncti
1203 4411 1367 4466 necessarii
