3050 4775
341 400 587 462 PHILIPPIOVS
605 400 815 462 BARDANES
833 402 1068 463 [usuarios.
1211 397 1264 455 243

145 587 164 649 ὁ
186 587 317 669 μάταιος
340 588 507 671 ἠκύρωσεν
530 588 606 652 ὅσον
627 587 663 651 τδ
685 584 753 651 κατ’
778 588 875 652 airis
901 589 940 652 δι’
968 589 1064 673 αὐτῆς
1089 586 1146 671 τὴν
1174 587 1264 669 ἁγίαν

145 690 266 773 ἐκείνην
283 690 427 755 σύνοδον.
473 690 590 773 λέγεται
605 690 665 774 γὰρ
681 691 749 772 ἄρτι
763 694 819 755 τοῦ
835 691 985 755 Λεοντίου
1008 696 1072 756 τῶν
1094 692 1291 775 σκήπτρων2

144 793 372 876 ἐπειλημμένον
399 794 654 878 χρησμοδοτῆσσι
681 794 783 876 τούτῳ
807 794 847 875 δὴ
870 802 918 876 τῷ
944 794 1121 877 Φιλυιπικῴ
1143 793 1200 875 τὴν
1222 795 1265 863 εἰς

144 894 199 959 τδν
224 897 379 979 βασίλειον
405 896 526 977 θρόνον
549 896 718 979 ἀναγωγὴν
740 895 883 980 μονσχόν
905 889 970 960 τινα
994 896 1167 979 έγκλειστον
1189 897 1264 959 ὄντα

116 998 179 1061 δέν
205 1004 243 1081 τῇ
270 1004 327 1062 τοῦ
354 998 587 1079 Καλλιστράτου
615 1006 700 1081 μονῇ
733 998 786 1062 καί
818 1006 873 1081 τῆς
903 1000 1113 1082 προρρήσεως
1144 1000 1412 1082 αίτῆσαινίΙΙῙὸΟ

144 1099 262 1182 μισύδν
283 1099 339 1183 τὴν
361 1107 417 1183 τῆς
429 1100 521 1183 ἕκτης
536 1100 673 1164 συνόδου
691 1102 838 1184 ἀθέτησιν
861 1100 914 1185 (ἧν
929 1101 990 1183 γὰρ
1005 1109 1059 1185 τῆς
1073 1106 1137 1165 τῶν
1153 1101 1264 1165 Μονο-

144 1202 288 1285 ύελητῶν
302 1202 322 1266 δ
336 1201 478 1286 μοναχδς
494 1204 610 1274 ἐκεῖνος
626 1203 801 1286 αἱρέσεως),
820 1188 879 1268 ’καί
900 1204 954 1267 τὸν
969 1205 1172 1287 ύποσχέσύαι
1209 1204 1292 1287 τὴν3

144 1304 204 1387 μὲν
232 1303 290 1368 οὖν
322 1304 542 1387 ολκουμενικὴν
574 1306 666 1388 ἕκτην
698 1305 835 1370 σύνοδον
866 1306 1043 1389 ἠκύρωσεν,
1076 1307 1122 1378 ὡς
1154 1306 1407 1373 ἐδόκειΡΙΙθὸΑ

145 1406 240 1479 αὐτὸς
263 1407 298 1471 δὲ
325 1407 451 1489 σωρούς
478 1408 651 1491 χρημάτων
680 1409 715 1471 ἐκ
747 1408 963 1490 παλαιοτέρων
994 1410 1292 1491 δησαυρισύένιας4

99 1522 135 1575 10
145 1510 391 1593 αὐτοκρατόρων
413 1511 448 1574 έν
469 1516 533 1581 τοῖς
554 1510 719 1592 βασιλείοις
741 1510 846 1592 εύρὼν
868 1512 911 1581 είς
934 1511 1028 1575 ούδὲν
1051 1511 1125 1575 δέον
1146 1512 1266 1583 τούτοις

144 1613 345 1697 χρησάμενος
374 1612 410 1675 τὰ
443 1612 539 1676 πλείω
573 1613 769 1695 διεσκόρπισε
801 1612 851 1676 διὰ
883 1614 1022 1696 βραχέος
1052 1620 1179 1695 καιροῦ·
1211 1613 1266 1677 καί

144 1716 224 1799 τάχα
253 1714 307 1778 καί
333 1716 453 1779 ἅπαντα
486 1715 708 1798 κατηνάλωσεν
739 1716 787 1788 ἄν,
819 1718 848 1778 εί
874 1714 923 1777 ἐπὶ
949 1715 1045 1779 πλέον
1066 1722 1104 1800 τῇ
1126 1716 1264 1799 βασιλείᾳ

145 1820 355 1901 προσέμεινεν.
400 1818 434 1881 έν
460 1818 519 1901 μέν
547 1817 607 1900 γὰρ
633 1825 680 1900 τῷ
702 1818 800 1899 λέγειν
822 1817 923 1881 ἐδόκει
947 1819 1197 1901 ρητορικώτατος
1219 1819 1293 1901 pipi)

146 1922 291 2005 ἀμοιρῶν
312 1944 344 1984 τε
362 1922 526 1993 συνέσεως,
550 1921 583 1983 έν
606 1920 641 1984 δὲ
662 1928 709 2003 τῷ
730 1921 874 2004 πράττειν
896 1920 935 2005 ἦν
958 1922 1148 2003 ξυμπάντων
1171 1922 1265 1985 ἀσυν-

149 2118 183 2173 13
201 2118 255 2178 οἶος
273 2118 306 2189 ἦν
323 2118 382 2185 περὶ
398 2116 508 2186 πράξεις
525 2117 542 2171 δ
562 2116 718 2177 damnande
738 2115 786 2173 ΟΕ

203 2298 228 2351 1.
246 2296 264 2349 2
281 2297 393 2351 σύνοδον
412 2296 516 2364 ἐκείνην
534 2294 582 2365 τὴν
600 2296 680 2363 ἱεράν.
701 2294 724 2351 0
824 2295 841 2350 5
858 2296 1017 2366 προρῆσεως
1035 2296 1101 2364 (sie)
1120 2293 1148 2350 A
1166 2298 1206 2361 (r.
1225 2296 1265 2351 ud

201 2366 270 2424 XIV
291 2369 332 2436 ll,
351 2368 387 2436 i),
405 2368 575 2436 προσρήσεως
593 2365 617 2421 Β
717 2367 732 2422 i
752 2374 824 2422 unte
842 2367 889 2438 τὴν
908 2368 977 2423 add.
996 2369 1042 2423 καὶ
1060 2368 1085 2423 Ε
1183 2369 1201 2423 8
1219 2368 1266 2422 σύν

202 2479 351 2495 .........
362 2461 413 2494 κυν
435 2439 508 2494 ικτδν
531 2438 589 2493 οὐδ’
608 2439 818 2510 ἀρχιερωζσύνης
837 2438 873 2508 D,
900 2439 949 2494 σύν
971 2440 1163 2528 ολκουμενικίρν
1186 2441 1267 2510 ἕκτην

201 2513 314 2567 σύνοδον
331 2511 474 2581 ἠκύρωσεν
492 2511 530 2572 ὥς
549 2513 645 2580 suppl.
666 2519 696 2565 et
713 2526 792 2565 corr.
805 2510 857 2568 Dw
929 2513 947 2565 9
966 2513 996 2566 oi
1007 2531 1049 2565 σοι
1063 2511 1099 2580 D,
1118 2511 1266 2579 deuersorio

201 2599 278 2638 corr.
297 2582 350 2640 Dw
429 2583 571 2652 πηποτέρω
589 2583 801 2652 ἐπαίπεισύέντας
820 2582 855 2649 D,
873 2583 1056 2652 παλαιοτέρων
1073 2585 1266 2651 δησαυρισύέν·

202 2676 247 2714 τας
266 2669 342 2708 corr.
358 2652 409 2713 Dw
484 2655 518 2708 10
534 2653 614 2708 αύτσν
632 2655 800 2723 κελτήμυραν
819 2693 826 2708 .
847 2695 853 2707 .
874 2695 879 2706 .
900 2695 906 2708 .
924 2656 1065 2726 βασιλείοις
1084 2654 1120 2723 D,
1139 2656 1266 2722 αὐτοκρα-

202 2729 287 2795 τόρων
303 2727 332 2780 ἓν
350 2735 402 2785 τοῖς
421 2739 497 2780 corr.
518 2732 548 2780 et
568 2726 666 2796 suppl.
687 2724 738 2784 Dw
817 2727 858 2779 10.
878 2725 1083 2795 11τύνωᾶγονὶ
1096 2765 1265 2780 ..........

201 2798 340 2866 χρώμενος
359 2796 395 2864 Ι),
414 2795 502 2866 εὑρὼν
519 2798 555 2857 είς
573 2797 652 2851 οὐδέν
670 2797 730 2851 δίον
749 2797 849 2856 τούτοις
868 2812 945 2852 corr.
965 2802 995 2852 et
1013 2813 1070 2867 sup
1093 2798 1111 2851 i.
1132 2796 1184 2855 Dw

202 2869 234 2922 11
254 2869 392 2938 χρώμενος
411 2867 485 2938 pr
577 2869 716 2938 χρώμενος
736 2906 991 2923 ...............
1000 2888 1061 2922 πιστ
1108 2909 1115 2934 ,
1135 2868 1166 2922 τὰ
1183 2869 1265 2922 πλείω

202 2941 309 3007 διεσκόρ
327 2941 359 2995 in
379 2941 489 2994 lacuna
507 2941 604 3010 suppl.
625 2939 676 2998 Dw
851 2941 894 2994 ll.
915 2941 948 2993 12
966 2939 1169 3010 καξύελγιύιλὴν
1188 2940 1266 2994 αὐτὸν

203 3049 637 3066 .........................
657 3019 689 3080 τῇ
707 3010 743 3079 Ι),
763 3019 871 3080 καιροῦ’
891 3012 937 3064 καὶ
955 3011 1022 3080 τάχα
1036 3011 1081 3065 καὶ
1093 3013 1192 3065 ἅπαντα
1205 3032 1265 3064 κατ·

202 3083 336 3152 ηνάλωσεν
354 3082 386 3137 ἀν
405 3083 469 3148 (sic)
488 3085 510 3135 εί
528 3083 569 3137 ἐπὶ
587 3081 666 3136 πλέον
686 3098 761 3137 corr.
782 3090 812 3137 ei
831 3084 927 3153 suppl.
945 3082 997 3140 Dw
1075 3082 1108 3135 13
1124 3082 1266 3150 προςίμενε

203 3193 642 3209 .........................
660 3153 698 3222 μὴ
718 3153 754 3221 D,
773 3154 950 3222 προςίμτινεν.
968 3154 996 3207 έν
1008 3152 1120 3222 μὲνγὰρ
1133 3162 1170 3220 τῷ
1182 3154 1266 3222 λέγειν

200 3227 287 3280 ε’δύκτι
306 3225 517 3296 ρητορικώτστσς
536 3241 612 3280 corr.
632 3231 662 3280 ei
681 3225 779 3350 supssl.
798 3224 850 3283 Dw
928 3225 962 3279 14
980 3224 1074 3292 συίνίιι
1093 3263 1210 3278 .......
1227 3231 1265 3278 τῶ

201 3297 324 3366 πράττειν
343 3335 653 3354 ..................
672 3295 717 3349 καὶ
763 3338 770 3363 ,
790 3297 928 3363 συνέσεως,
946 3298 975 3349 έν
992 3296 1022 3351 δὲ
1038 3305 1077 3364 τῷ
1095 3296 1215 3364 πράττειν
1233 3295 1266 3365 ἦν

202 3369 362 3436 συμπάντων
382 3369 421 3437 (v.
441 3367 480 3422 ad
499 3367 573 3422 XIII
591 3367 616 3434 5,
636 3368 663 3432 l)
682 3366 875 3426 demersissimo
895 3383 971 3422 corr.
991 3373 1021 3422 et
1038 3382 1075 3421 su
1099 3369 1136 3437 pl.
1157 3367 1208 3425 Dw

237 3440 430 3508 ἀσυνετώτερος
447 3439 509 3508 ΑΕ,
527 3437 719 3497 δσυνετώτατσς
737 3437 897 3508 BCwap,
916 3454 945 3494 v.
965 3439 1005 3493 ud
1023 3437 1066 3492 XI
1114 3439 1140 3507 3,
1159 3439 1176 3492 6

148 3623 298 3690 quantum
327 3619 357 3673 ln
386 3620 452 3688 ipso
472 3619 537 3685 init,
565 3631 683 3672 saorarn
712 3616 793 3671 illam
812 3616 963 3686 synodum
982 3617 1154 3688 abrogavit.
1190 3616 1295 3674 Nemi

148 3691 277 3746 Leontio
288 3691 377 3745 modo
388 3695 539 3760 sceptrum
559 3689 669 3758 adepto
689 3689 786 3743 fertur
803 3689 939 3743 inclusus
958 3689 1082 3758 quidam
1101 3689 1267 3744 monachus

148 3766 179 3818 in
200 3762 362 3818 callistrati
392 3762 583 3822 monasterio.
612 3761 665 3829 qui
687 3759 950 3815 Monotheiitsrum
974 3765 1087 3815 sectam
1116 3761 1268 3832 probaret,

149 3837 219 3889 huic
239 3834 404 3902 Philippico
431 3833 518 3902 regni
547 3832 739 3900 adeptionem
758 3831 947 3901 praedixisse
975 3833 1102 3901 eiusque
1121 3832 1267 3903 praedicti

149 3905 319 3960 mercedem
340 3911 444 3958 sextae
463 3903 571 3972 synodi
582 3904 814 3972 abrogationem
833 3903 1003 3972 stipulatus,
1022 3909 1051 3958 et
1062 3904 1109 3958 hie
1118 3903 1268 3974 pollicitus

149 3991 224 4032 esse.
262 3975 443 4030 desertam
464 3975 689 4029 oecumenicam
709 3973 859 4043 synodum
878 3975 1050 4046 abrogant,
1078 3979 1113 4028 ut
1131 3972 1295 4045 putabat3

150 4048 223 4104 Cum
248 4062 322 4102 vero
342 4061 469 4101 acervos
480 4047 677 4116 pecuniarum
697 4061 716 4099 a
735 4046 890 4100 veteribus
902 4045 1072 4100 cumulatos
1082 4045 1294 4115 imperatori-4

149 4121 207 4174 bus
218 4122 249 4174 in
260 4119 346 4188 regia
356 4120 547 4188 repperisset,
561 4117 705 4171 maiorem
717 4123 833 4186 partem
846 4118 878 4170 in
888 4118 987 4171 nullos
996 4131 1070 4171 usus
1080 4119 1268 4171 necessarios

150 4191 316 4247 adhibitam
335 4189 492 4260 dissipavit
517 4190 630 4256 exiguo
651 4193 799 4257 tempore,
828 4193 920 4258 atque
948 4203 1067 4243 omnem
1086 4189 1190 4242 forsan
1218 4188 1268 4240 ab·

149 4262 336 4332 sumpsisset,
355 4262 380 4313 si
399 4261 512 4314 diutius
532 4261 824 4329 regnumtenuisset.
861 4259 937 4314 Nam
955 4261 987 4313 in
998 4259 1126 4313 dicendo
1146 4258 1295 4328 quideme

150 4333 365 4388 disertissimus
393 4332 564 4386 habebatur
591 4347 648 4385 neo
673 4331 854 4400 prudentiae
881 4346 999 4400 expers,
1031 4330 1070 4383 ad
1095 4345 1144 4384 res
1167 4334 1268 4383 autem

150 4403 304 4478 gerondas
326 4409 392 4457 mut
420 4405 551 4458 omniurn
581 4404 784 4473 ineptissimus
812 4409 842 4456 et
869 4404 994 4473 ingenio
1021 4403 1111 4473 plane
1139 4401 1268 4456 sinistro.
