3050 4775
387 388 774 463 εονεεεεειεοεοὶιε
793 390 999 461 οοεοανε.
1218 390 1253 461 ii

129 586 294 673 θεμότιον,
330 584 368 651 ἵν’
393 588 531 659 ὁπόσους
553 587 659 670 μέλλοι
683 586 836 671 διαμεῖναι
864 589 942 671 αὕτη
969 589 1056 671 γνοίη
1084 588 1251 660 ένιαυτοός.

131 692 150 755 ὁ
179 691 215 755 cii
241 694 286 762 εἰς
313 692 498 765 ἑξακοσίους
525 692 578 754 καὶ
604 691 790 774 ἐνενήκοντα
821 690 903 774 πρὸς
933 697 997 762 τοῖς
1028 694 1064 765 ἓξ
1095 690 1279 761 ένιαυτοὺςῖ

133 795 297 875 διαρκέσαι
320 792 418 875 αὐτὴν
445 794 669 876 ἀπεφοίβασεν·
704 795 793 876 οίέιερ
821 795 882 877 ἤόη
911 794 967 857 καί
992 795 1254 876 παρερρυήκεσαν

132 895 198 977 πρὸ
220 896 348 959 πολλοῦ.
390 898 410 977 ἢ
434 902 511 976 γοῦν
534 896 730 978 ἐψευσμένην
753 896 948 979 ὑποληπτέον
970 896 1025 978 τὴν
1041 902 1096 960 τοῦ
1116 894 1321 960 oium-⁸1>

104 1008 187 1069 ἔντος
209 998 386 1081 πρόρρησιν
413 998 467 1060 καί
495 998 748 1080 όιημαρτημέιογν
774 998 830 1080 τὴν
857 999 968 1081 τέχνην
990 1000 1010 1080 ἢ
1034 998 1136 1061 ἐκεῖνα
1164 1021 1252 1079 νομι-

10 1100 11 1107 '
133 1102 225 1164 στόον
247 1100 367 1163 ἐκεῖνον
389 1100 484 1162 εἰπεῖν
505 1098 542 1161 τὰ
566 1101 628 1183 ἔτη,
664 1101 697 1163 ἓν
721 1100 767 1170 οίς
789 1100 826 1163 τὰ
849 1106 904 1183 τῆς
925 1100 1078 1183 πολιτείας
1100 1101 1161 1183 ἔθη
1185 1102 1253 1184 έτη-

133 1208 218 1283 ρεῖτο
241 1202 295 1266 καί
318 1203 338 1283 ἡ
362 1203 546 1272 κατάστασις
568 1204 621 1267 καὶ
644 1204 664 1285 ἡ
690 1204 836 1285 γερουσία
851 1203 991 1285 τετίμητο
1014 1203 1067 1266 καί
1089 1204 1121 1266 ολ
1141 1203 1255 1286 ταύτης

132 1304 258 1387 ἤνθουν
289 1304 409 1368 πολῖται
440 1304 494 1367 καί
526 1305 658 1387 ἔννομος
689 1304 729 1387 ἦν
756 1305 923 1385 ἐπιστασία,
958 1304 994 1367 τὸ
1016 1306 1134 1387 κράτος
1156 1305 1195 1387 όὴ
1218 1304 1254 1369 τό

131 1407 301 1489 βασίλειον,
326 1403 391 1469 ἀλλ’
408 1408 469 1470 οὐκ
488 1408 633 1489 ἄντικρυς
655 1409 806 1488 τυραννίς,
830 1407 892 1471 iiia
914 1405 951 1470 τὰ
975 1406 1065 1471 κοινὰ
1087 1411 1152 1470 τῶν
1174 1416 1281 1490 κρυ-9

10 1520 118 1577 ι111181
132 1508 276 1573 τοόνιων
306 1509 519 1591 λογιζομένων
550 1509 604 1571 καί
635 1509 679 1579 εἰς
711 1509 828 1578 οἰκείας
858 1508 1046 1579 ἀπολαύσεις
1077 1510 1255 1592 χρωμένων

134 1612 252 1693 αὐτοῖς,
289 1612 342 1675 καί
368 1612 490 1677 τούτων
519 1612 601 1681 ένίας
630 1612 690 1675 οὐκ
719 1612 849 1693 εὐαγεῖς,
884 1610 938 1674 καί
965 1610 1183 1694 όωρουμένων
1209 1610 1256 1681 ok

135 1714 303 1797 βούλονται
325 1713 362 1776 τό
386 1714 521 1796 όημόσια
545 1713 599 1777 καί
622 1714 660 1776 οὐ
683 1715 844 1796 ποιμένων
869 1712 988 1796 τρόπον
1013 1718 1077 1783 τοῖς
1103 1712 1259 1796 ὑπηκόοις

135 1817 420 1900 προσφερομένων,
456 1816 625 1899 κειρόντων
647 1815 682 1879 τὸ
704 1815 845 1896 περιττόν
866 1822 921 1898 τῆς
943 1814 1048 1899 τριχός
1070 1814 1124 1878 καί
1148 1839 1255 1898 πεφει-

137 1920 265 2002 σμένως
287 1919 541 2001 ἐμφορουμένων
563 1925 618 1983 τοῦ
642 1918 805 1999 γάλακτος,
828 1917 906 1982 ἀλλὰ
930 1917 1020 1999 όίκην
1040 1918 1162 2001 λῃστῶν
1177 1917 1394 1984 αότιὶΡΠἸΑ

89 2032 126 2087 15
136 2020 366 2085 καταθυόιπων
394 2020 430 2083 τό
459 2020 603 2103 πρόβατα
631 2020 684 2084 καί
710 2025 775 2083 τῶν
802 2025 933 2101 σαρκῶν
960 2020 1256 2102 έμιγορουμένωνῆ

135 2124 191 2188 καί
214 2123 329 2194 αὐτοὺς
352 2124 565 2205 έκμυζιόντων
586 2122 659 2194 τοὺς
679 2122 827 2206 μυελούς.

227 2223 272 2288 ‘H
288 2225 347 2308 μέν
370 2222 428 2289 οὖν
450 2225 539 2296 πόλις
562 2226 646 2289 οὕτω
669 2224 756 2307 παρὰ
779 2229 836 2288 τοῦ
858 2225 1010 2307 εὐσεβοῦς
1032 2224 1153 2288 ἐκείνου
1167 2225 1256 2307 βασι·
1269 2238 1302 2295 10

134 2329 220 2399 λέως
247 2326 478 2411 ἀνῳκοδόμητο
506 2326 586 2392 κατὰ
610 2326 649 2418 γὸ
671 2326 768 2390 πόλοι
790 2324 971 2402 Βυζάντιον.
1016 2324 1051 2390 τὸ
1075 2325 1110 2419 όέ
1132 2325 1256 2401 Βυζόν-
1267 2340 1300 2395 11

134 2455 203 2496 τιον
234 2430 324 2502 πόλις
355 2431 408 2494 καί
439 2421 554 2514 πρῴην
585 2431 750 2513 ἐτύγχανεν
779 2429 818 2493 οὗ
846 2434 910 2492 τῶν
938 2429 1119 2510 ἀνωνύμων
1145 2430 1166 2512 ἢ
1194 2433 1258 2492 τῶν

85 2533 286 2617 ἳοάσήμοιν,
321 2533 400 2597 ἀλλὰ
422 2533 475 2596 καί
497 2533 631 2616 πλήθεσι
652 2533 788 2597 πολιτῶν
811 2532 1030 2614 εὐόηνουμένη
1053 2530 1108 2594 καί
1130 2531 1258 2613 πλούτῳ

193 2729 207 2781 1
228 2728 317 2796 μέλλει
336 2726 438 2797 DEwp
533 2728 663 2795 διαμεῖναι
682 2728 748 2797 αὕτη
768 2728 841 2796 γνοίη
861 2725 971 2797 ΑΒνιρ,
999 2727 1065 2795 αὕτη
1085 2726 1187 2795 όιαγνοί
1220 2723 1257 2794 Ι),

193 2815 273 2855 corr.
291 2798 344 2858 Dw
453 2799 471 2852 3
489 2798 668 2870 ἀπεφοίβασεν
686 2799 760 2870 pr
771 2796 822 2867 Di,
841 2799 1005 2868 ἀπεφοίγλασε
1022 2797 1058 2865 Α,
1078 2813 1106 2850 v.
1126 2797 1167 2851 ad
1214 2795 1258 2850 III

195 2873 218 2938 l,
238 2871 256 2926 5
337 2871 516 2939 ὗπρόςρησιν
535 2871 559 2925 Ε
640 2871 656 2924 6
674 2871 762 2925 έκεῖνο
780 2871 805 2924 Ε
880 2871 919 2929 οίς
938 2869 1049 2939 Apr‚
1070 2867 1086 2938 ἦ
1107 2868 1131 2922 E
1201 2869 1258 2936 ἔτη·

193 2952 263 3012 ρεΐτο
281 2943 332 3010 έόη
353 2941 425 3012 pr
601 2942 625 2996 9.
648 2943 681 2995 10
699 2941 729 2996 τὰ
749 2963 771 2996 τ.
790 2961 865 3010 κρατ.
884 2941 962 2995 κοινὰ
979 2940 1035 3009 λογ.
1054 2938 1091 3008 D,
1111 2955 1186 2995 corr.
1206 2940 1258 2998 Du

194 3017 225 3069 ll
247 3015 347 3074 ἐννοίας
367 3013 401 3081 l),
422 3030 498 3068 corr.
518 3013 569 3072 Dw
696 3013 877 3081 όωρουμένων
896 3013 969 3082 pr
980 3010 1030 3080 Di,
1049 3012 1213 3080 όωρομίνων
1231 3010 1259 3064 Α

195 3087 229 3140 16
247 3087 417 3154 ίκμιιζόντων
435 3085 537 3155 DEwp
633 3085 667 3139 19
683 3086 779 3152 πρώην
797 3082 899 3154 Apr
919 3088 1101 3150 constanter,
1120 3098 1197 3137 εοτε.
1216 3081 1259 3136 Di

193 3159 230 3212 20
248 3157 430 3226 ιόόννουμένη
449 3155 526 3226 pr

135 3351 239 3393 annos
257 3336 334 3391 haec
352 3335 500 3391 duratura
519 3341 606 3391 esset.
643 3334 833 3390 vaticinatus
856 3339 902 3390 εει
922 3334 972 3389 iile
990 3348 1088 3388 anuos
1105 3333 1286 3390 εεεεεαιοεί

136 3409 312 3480 nonaginia
330 3423 385 3464 sex
404 3423 472 3463 eam
491 3421 558 3464 εεεε
580 3421 823 3530 remansuram
848 3408 901 3476 qui
924 3407 1015 3461 etiam
1038 3410 1110 3461 anio
1132 3406 1260 3460 multum

136 3480 288 3551 temporis
311 3481 542 3549 praetexuerant.
594 3487 687 3548 taque
712 3483 767 3532 aut
790 3478 869 3532 falsa
893 3477 1032 3548 putanda
1057 3481 1103 3532 est
1125 3476 1287 3532 Valentini

138 3551 311 3624 praedictio
331 3557 360 3607 et
380 3567 430 3606 ars
448 3552 559 3606 erroris
584 3550 665 3605 haud
689 3565 800 3620 expers
822 3555 877 3604 aut·
899 3548 1085 3604 eredendum
1108 3553 1153 3604 esi
1177 3549 1261 3602 iilum

139 3624 257 3679 dixisse
269 3623 336 3678 iilos
349 3637 454 3687 annos,
469 3621 579 3692 quibus
593 3622 729 3675 institut-a
741 3622 929 3690 reipublicae
941 3635 978 3674 εο
990 3625 1087 3674 status
1101 3633 1261 3675 οοαεεενε-

138 3699 265 3761 bantur,
291 3694 411 3748 durnin
432 3694 546 3748 honore
566 3699 633 3748 erui
651 3695 784 3760 senatus,
810 3692 882 3746 dum
902 3694 985 3746 cives
1006 3691 1165 3755 florebant,
1189 3691 1261 3745 dum

139 3768 311 3838 legitimum
330 3771 396 3820 erat
414 3765 572 3835 imperium
592 3765 750 3834 potestatis
764 3764 878 3833 regiae,
897 3779 959 3817 non
980 3768 1082 3818 autem
1100 3762 1288 3816 manifestaii

140 3839 291 3909 tyrannis,
310 3851 372 3906 qua
391 3836 504 3892 domini
520 3839 655 3907 privatas
668 3850 716 3890 εεε
730 3837 787 3889 rati
801 3835 938 3905 publicas
951 3835 990 3888 ad
1004 3849 1076 3888 εαεε
1088 3833 1262 3903 voluptates

142 3909 344 3966 conferebant
362 3923 476 3976 easque
495 3922 602 3978 parum
622 3906 773 3960 interdum
791 3907 942 3973 honestas,
961 3906 1084 3975 publica
1103 3905 1263 3975 quibusvis

142 3979 296 4046 donando,
316 3995 373 4035 αεε
393 3985 548 4048 pastorum
566 3980 662 4033 instar
680 3979 834 4034 subiectos
847 3977 1015 4044 tractando,
1034 3978 1105 4031 iana
1118 3991 1262 4046 superva-

143 4067 203 4108 οαε
223 4051 417 4107 όεῐοαόεαόο
441 4055 470 4106 ei
493 4051 571 4104 Ιεοιε
595 4065 686 4119 parce
708 4048 851 4117 bibendo,
877 4048 931 4103 sed
955 4049 1144 4118 praedonum
1166 4048 1262 4101 instar

143 4139 220 4180 ονεε
246 4127 329 4248 ipssa
355 4122 517 4177 mactando
546 4127 576 4176 et
605 4136 712 4176 carnes
740 4119 918 4175 devorando
947 4127 977 4175 et
1005 4121 1088 4190 ipsas
1115 4117 1263 4172 medullas

143 4211 182 4252 ex
245 4211 285 4250 en
308 4211 335 4249 0.

184 4211 284 4324 811εὸἱε
303 4267 377 4320 urbs
395 4283 414 4321 ε
434 4267 484 4337 pio
503 4266 553 4321 iiio
572 4281 647 4338 rege
666 4267 696 4320 in
710 4265 823 4320 veteris
835 4263 975 4334 Byzantii
988 4262 1053 4317 solo
1067 4261 1189 4316 condita
1208 4265 1262 4314 eet.
1273 4261 1308 4316 10

145 4339 327 4410 Byzantium
350 4343 452 4394 autem
476 4339 560 4408 prius
583 4339 674 4392 eiiam
699 4337 773 4392 urbs
798 4341 864 4391 orat
892 4334 976 4389 haud
1003 4335 1134 4388 obseura
1161 4333 1305 4401 nequell

144 4411 288 4486 ignobilis
306 4409 361 4466 sed
379 4416 410 4468 ει
429 4411 602 4484 frequentia
621 4410 733 4466 civium
752 4409 863 4464 florens
883 4414 912 4464 et
929 4407 1038 4479 opibus
1051 4411 1081 4462 ει
1095 4405 1167 4460 viris
1179 4404 1262 4460 forti·
