3050 4775
561 449 632 512 RES
652 449 681 511 S.
699 451 902 513 Mareotin.
1237 455 1290 516 3λῦ

170 631 265 717 λόγος
276 633 395 707 ἱκανῶς
407 635 623 720 ὀιαγράφαιτο.
652 638 719 703 ἐκεῖ
730 641 833 704 τοίνυν
849 639 1104 723 ἐγκεκλεισμένου
1120 643 1175 704 τοῦ
1191 640 1288 705 dorbi·
1299 649 1334 704 et

169 763 235 823 μου
258 741 377 805 ἐκείνου
400 741 528 824 πατρός,
555 742 609 806 καὶ
632 744 662 808 οἱ
684 744 882 827 αὐτάδελφοι,
905 744 926 808 ὅ
947 767 978 808 τε
1005 742 1173 828 Θεοφάνης
1194 745 1290 809 καὶὸ

174 841 356 926 Θεόδωρος,
379 843 456 926 μετὰ
479 843 536 928 τὴν
556 851 622 910 τῶν
643 847 830 928 προσώπων
844 849 1017 922 κατάστιξιν
1032 848 1290 930 ὑπεροριζόμενοι

170 945 224 1009 καὶ
251 945 331 1010 κατὰ
359 945 413 1010 τὸν
440 946 552 1031 Κάρτα
584 949 691 1031 λιμένα
724 951 951 1022 καταλύσαντες
983 950 1033 1016 διά
1064 974 1146 1024 τινος
1178 951 1322 1023 ἁλιέωςῦ

142 1048 331 1134 δσυνήθους
353 1058 400 1134 τῴ
422 1051 581 1136 Mutatio>
604 1053 811 1119 ἕπιστέλλουσι
832 1060 942 1119 ταῦτα’

328 1161 376 1236 τῷ
398 1154 490 1228 ζῶντι
512 1163 619 1239 νεκρῷ
641 1156 695 1220 καλ
716 1165 823 1240 νεκρῷ
845 1157 1020 1241 ζωηφόρῳ,
1298 1163 1333 1218 36

329 1257 443 1322 ναίοντι
464 1257 521 1342 τὴν
543 1265 601 1343 γῆν
623 1259 676 1324 καλ
698 1260 845 1325 καλοῦντι
866 1259 921 1325 τὸν
942 1260 1051 1343 πόλον,

0 1366 3 1405 ¹
45 1357 160 1413 111415
329 1359 461 1442 γραπταὶ
483 1361 640 1445 γράφουσι
663 1362 784 1446 ὀέσμιοι
805 1371 853 1447 τῷ
875 1364 1005 1447 δεσμίῳ.

170 1459 216 1532 οἷς
237 1461 329 1526 πάλιν
352 1461 403 1527 tri
425 1469 481 1528 τοῦ
505 1465 601 1529 αὐτοῦ
625 1465 738 1537 ἁλιέως
760 1466 779 1529 ὁ
802 1466 888 1538 ὅσιος
911 1467 1135 1531 ἀνταπέστειλε·
1298 1472 1333 1528 37

126 1567 161 1622 10
328 1564 402 1637 τοὺς
423 1572 489 1638 ταῖς
511 1567 660 1650 βίβλοισιν
683 1569 822 1651 οὐρανοῦ
845 1569 1081 1652 κλησιγράφους

328 1667 486 1752 καὶπρὸς
507 1671 640 1752 μέτωπα
663 1671 845 1754 σωφρόνως
868 1672 1064 1755 ἐστιγμένους

327 1777 494 1853 προσεῖπεν
517 1773 536 1836 ὁ
559 1773 730 1847 ζώθαπτος
753 1774 800 1846 ὡς
823 1775 1037 1858 σονδεσμίονς.

169 1871 308 1956 ἕβδομον
331 1869 359 1936 δ’
384 1875 452 1946 ἔτος
475 1874 623 1947 διανύσας
646 1876 680 1940 ἐν
701 1883 748 1960 τῴ
770 1878 864 1960 τάφῳ
887 1877 1021 1960 όᾶγιος,
1045 1875 1107 1941 εἶτα
1124 1877 1333 1961 ἕκβληῦεὶςθὸ
1352 1883 1379 1940 D

169 1975 290 2042 ἐκεῖθεν
305 1975 339 2041 ἓν
352 1983 416 2050 τοῖς
432 1977 617 2062 ἀνακτόροις
632 1980 873 2062 κατεκέκλειστο,
888 1979 1026 2063 μηόενὸς
1041 1979 1137 2046 αὐτὸν
1148 1979 1289 2064 ὁρῶντος

223 2224 460 2351 Ῑὸιαγράζοιτοῐ)
533 2226 803 2298 ἳπατρόςέκείνοοθ
874 2235 943 2298 post
953 2230 981 2284 ολ
990 2228 1059 2283 add.
1072 2228 1230 2299 δμολογηταλ
1242 2228 1288 2284 καλ

220 2294 343 2367 Βῦὓπ(
378 2299 742 2368 τδμολαγειτὸκαλ)ΨοΙαλ.
805 2298 1002 2370 αὖτάὸελφοςῦ
1065 2300 1219 2356 deltarum
1230 2316 1287 2355 om.

221 2369 246 2424 E
353 2369 429 2441 erip
439 2386 496 2427 om.
509 2369 545 2442 D,
556 2372 653 2443 suppl.
664 2371 716 2432 D„
773 2371 865 2441 4μετὰ
875 2371 911 2441 Ι),
921 2371 989 2428 κατὰ
999 2389 1075 2428 corr.
1086 2370 1138 2432 Dw
1192 2394 1288 2441 καρτα-

220 2384 312 2510 tum
329 2442 366 2510 D,
386 2458 463 2499 corr.
484 2442 536 2503 Dw
629 2444 724 2505 ἁλιέως
743 2444 779 2513 D,
800 2460 876 2499 corr.
896 2442 948 2504 Dw
1038 2445 1143 2515 bpoflt
1160 2452 1198 2513 τῷ
1217 2444 1287 2499 add.

222 2514 286 2582 ἱερῷ
301 2512 375 2585 pr
438 2513 519 2584 6-8]
539 2514 652 2571 Versus
664 2516 696 2569 in
711 2516 866 2571 codicibus
886 2515 1018 2570 distincti
1038 2520 1109 2570 aunt
1171 2516 1286 2579 6ζῶπι

222 2586 372 2641 ....κσὶ
390 2586 426 2654 D,
445 2595 534 2655 νεκρῷ
553 2588 583 2641 in
602 2588 658 2641 lac.
679 2588 747 2641 add.
768 2586 820 2646 Dw
933 2587 1087 2642 λοίκοῢντι
1106 2584 1186 2656 Sym.
1205 2602 1286 2657 mag.

436 2656 831 2799 rancessere
844 2658 874 2712 11
894 2657 1288 2855 Quare

422 2770 429 2783 .
686 2772 693 2797 ,
784 2771 790 2784 .
834 2759 856 2789 w
964 2760 995 2769 -
1276 2759 1286 2769 ·

221 2799 339 2854 dicibus
358 2800 489 2856 distincti
509 2808 580 2856 sunt
667 2803 702 2856 10
719 2810 773 2861 τοῖς
792 2800 828 2869 D,
847 2800 907 2862 τοὺς
927 2817 1003 2857 corr.

220 2868 307 2927 Oedr.
327 2872 345 2925 l.
365 2888 399 2939 a,
418 2870 499 2941 Sym.
518 2888 598 2943 mag.
617 2873 635 2927 l.
657 2888 689 2941 c,
710 2872 795 2943 Glyc.
816 2890 844 2943 p.
863 2872 924 2941 538,
944 2873 961 2927 8
1038 2873 1231 2942 κλησιγράφοις
1250 2872 1286 2939 Ι),

220 2958 296 2997 corr.
313 2941 367 3002 n„
442 2944 474 2997 11
492 2946 602 3012 μέτωπα
620 2946 773 3014 σωφρόνως
792 2944 896 3003 AEDw
915 2944 995 3013 Sym.
1014 2960 1095 3013 mag.
1115 2944 1132 2998 l.
1147 2959 1180 3011 a,
1200 2943 1285 3013 Glyc.

219 3014 236 3067 l.
257 3030 290 3079 o,
309 3013 439 3069 Manass.
457 3015 475 3068 l.
496 3031 529 3085 c.,
547 3017 676 3083 πρόςωπα
694 3023 831 3085 καρτερῶς
851 3017 875 3072 Ο
976 3016 1134 3085 tappete
1153 3013 1189 3081 D,
1209 3031 1286 3068 corr.

218 3083 270 3145 D„
343 3086 377 3139 12
395 3086 534 3149 ζωῧάπτσς
550 3086 577 3141 D
649 3088 815 3155 συνδεσμλοις
828 3086 864 3157 D,
884 3103 961 3143 corr.
981 3086 1032 3147 Dw
1106 3087 1148 3142 13.
1169 3085 1203 3140 14
1220 3086 1286 3140 ἐκεῖ·

217 3158 266 3212 θεν
284 3156 425 3227 ἐκβληθεὶς
443 3156 517 3228 pr
599 3159 767 3213 κατέκλειστο
786 3159 810 3213 Ε

1052 2830 1074 2861 w
1164 2802 1288 2870 οὐρανῶν

163 3388 246 3442 nulia
266 3388 426 3459 quisquam
446 3392 584 3445 oratione
603 3392 748 3460 consequi
767 3396 875 3461 potest
911 3390 975 3444 illic
994 3390 1087 3460 igitur
1103 3390 1217 3444 incluto
1234 3385 1330 3444 iilo35

163 3464 250 3528 patre
273 3461 396 3529 incluso,
425 3462 535 3516 fratres
554 3461 755 3532 Theophanes
782 3468 812 3517 et
836 3462 1015 3516 Theodorus
1044 3467 1111 3530 post
1138 3461 1283 3515 facierum

164 3532 427 3601 compunctionem
455 3534 511 3603 ipsi
540 3549 664 3603 quoque
692 3534 829 3604 relegati,
860 3548 929 3587 curn
958 3532 997 3587 ad
1026 3532 1136 3587 Cattae
1163 3540 1285 3603 portum

164 3602 359 3727 appulissehnt,
389 3619 443 3673 per
467 3604 618 3675 quendam
644 3606 824 3676 piscatorem
842 3603 995 3659 Methodio
1017 3604 1196 3659 familiarem
1215 3604 1285 3658 scri·

164 3678 291 3743 pserunt
329 3689 397 3730 accc

342 3745 463 3801 Viventi
481 3752 600 3801 mortuo
620 3752 713 3817 atque
731 3751 851 3801 mortuo
870 3747 958 3801 simui
1293 3744 1329 3799 36

342 3816 441 3872 Vitam
460 3819 577 3885 ferenti,
597 3820 736 3887 quicum
756 3818 893 3873 tellurem
914 3818 993 3874 colat

342 3888 432 3944 Poloe
451 3894 595 3958 pererrat,
615 3890 739 3945 litterati
757 3890 872 3944 litteras

341 3959 440 4015 Vincti
460 3964 567 4016 misere
587 3961 715 4015 vinculis
734 3961 894 4015 adobruto.

165 4028 281 4095 Quibus
297 4046 353 4101 per
372 4033 502 4087 eundern
523 4034 704 4103 piscatorem
723 4034 771 4085 vir
789 4037 913 4087 sanctus
932 4032 1100 4102 rescripsit:
1292 4030 1327 4084 37

342 4102 476 4166 Quorum
496 4109 601 4158 notata
619 4106 743 4159 nomina
762 4104 793 4156 in
813 4103 994 4157 caelestibus

341 4172 440 4229 Libris
458 4174 604 4245 leguntur
623 4179 654 4229 et
673 4174 851 4229 decentibus
870 4175 949 4229 votis

342 4244 549 4317 Compunctae
568 4246 692 4313 frontes,
712 4246 834 4299 vinculo
855 4245 1007 4315 oppressis
1027 4245 1092 4315 pari

342 4315 422 4373 Dicit
440 4318 577 4383 salutem,
597 4318 648 4387 qui
668 4318 775 4371 vivens
794 4318 930 4387 sepultus
949 4322 1002 4370 est.

165 4386 240 4444 eum
259 4392 361 4443 autem
380 4392 538 4459 septimum
559 4404 672 4443 annum
696 4389 726 4442 in
751 4389 891 4459 sepulcro
911 4389 958 4441 vir
977 4391 1099 4441 sanctus
1122 4386 1327 4457 exegisset38

164 4459 236 4516 inda
249 4460 365 4516 eiectus
377 4460 408 4514 in
421 4460 508 4531 regia
524 4459 772 4530 concludebatur,
786 4461 906 4515 nemine
919 4461 1018 4514 virum
1029 4458 1152 4514 vidente
1161 4462 1283 4529 praeter
