3050 4775
244 380 298 440 ττι
550 363 686 439 sousa.
706 377 806 438 nrm.
825 361 880 437 xv
898 378 923 450 τ,
944 370 1056 435 ιιι-νε.

236 566 402 651 Ἀγχίαλον
424 564 479 638 τὰς
501 572 580 650 νῆας
601 565 818 649 προσώρμισε,
850 564 904 630 καλ
925 565 1117 637 πνεύσαντος
1139 566 1260 649 ἀνέμου
1283 584 1362 648 σφα·

242 671 322 754 θροῦ
354 670 578 754 συνετρίβησαν
610 669 724 754 σχεόόν
755 671 883 751 ἅπασαι,
916 669 970 733 καὶ
995 670 1104 753 πλήθη
1131 668 1231 733 πολλὰ
1253 673 1310 731 τοῦ
1332 692 1364 732 τε

241 778 390 838 ναυτικοῦ
413 772 546 837 καὶτοῦ
569 778 790 857 στρατιωτικοῦ
814 772 980 836 ἀπώλοντο
1003 773 1037 836 έν
1053 766 1120 843 ’τοῖς
1137 772 1263 836 ὕδασιν·
1287 770 1364 835 ὅθεν

242 877 404 961 ἄπρακτος
427 876 612 961 ἐπανῆλθεν.

196 993 233 1049 20
326 979 575 1063 Ἐκμαινόμενος
596 980 702 1062 μέντοι
724 977 804 1041 κατὰ
820 983 884 1043 τῶν
899 983 1061 1062 μοναχῶν,
1085 978 1273 1062 ἱππηλααίας
1288 979 1391 1061 ἀγα-ό

240 1084 339 1167 μένης
366 1084 399 1146 ἐν
425 1090 473 1165 τῷ
500 1083 639 1166 θεάτρῳ,
671 1082 807 1153 πολλοὺς
834 1082 940 1146 αὐτῶν
962 1080 1132 1165 κατασχὼν
1154 1082 1364 1165 ἐθριάμβευσε

243 1184 294 1248 hd
316 1190 372 1249 τοῦ
394 1186 533 1268 θεάτρου
556 1186 768 1269 περιαγαγών,
791 1186 911 1268 ἄσεμνα
935 1186 968 1248 έν
991 1190 1057 1255 τοῖς
1074 1184 1162 1268 χερσὶ
1176 1186 1365 1267 κατέχοντας

155 1302 232 1359 1321
243 1288 363 1371 γύναια.
408 1288 465 1351 καί
488 1310 572 1359 τινας
599 1292 664 1351 τῶν
691 1287 855 1369 ἐπισήμων
882 1286 1047 1370 ἀρχόντων
1070 1287 1142 1357 τοὺς
1164 1286 1223 1369 μὲν
1246 1284 1364 1369 φθόνῳ

244 1386 283 1453 δι’
308 1389 485 1473 ὡραιότητα
507 1388 562 1453 καλ
585 1388 821 1472 ρωμαλεότητα,
844 1388 918 1459 τοὺς
941 1390 976 1453 ὅὲ
1000 1390 1045 1453 ὅτι
1067 1388 1122 1461 τὰς
1142 1388 1365 1472 ἀρρητοποιίας

243 1494 341 1557 αὐτοῦ
363 1496 516 1575 μοναχοῖς
539 1490 736 1574 ἐξηγόρευον,
760 1493 1004 1575 συκοφαντήσας
1027 1492 1073 1563 ὡς
1088 1487 1156 1555 κατ’
1174 1492 1271 1555 αὐτοῦ
1286 1493 1363 1575 βου-
1376 1501 1411 1555 10

242 1595 444 1679 λουομένους,
477 1594 537 1658 θύα
564 1593 623 1677 μέν
644 1599 709 1657 τῶν
732 1594 969 1677 έπισημοτέρων
991 1594 1047 1665 τὰς
1069 1593 1211 1677 κεφαλὰς
1234 1594 1364 1677 ἐξέτεμε,

242 1705 306 1769 τοῖς
330 1698 364 1762 dt
386 1697 506 1768 λοιποῖς
528 1696 673 1779 ἐκκόψας
695 1695 732 1758 τὰ
756 1696 885 1780 ὄμματα
904 1702 1123 1781 περιγραπτοῖς
1138 1695 1253 1767 αὐτοὺς
1268 1696 1365 1779 ὁρίοις

244 1800 445 1874 συνέκλεισεν,
479 1800 559 1864 ἔνθα
593 1795 661 1863 κατ’
694 1798 835 1863 ἐνιαυτὸν
868 1800 1005 1882 πέμπων
1038 1798 1150 1863 ἑκατόν
1180 1798 1365 1883 βουνεύροις

199 1905 350 1988 22ᾔκιζεν
377 1904 518 1967 ἕκαστον.
563 1902 640 1966 ἀλλὰ
669 1901 723 1966 καλ
750 1901 805 1966 τόν
833 1898 909 1985 παρ’
934 1903 1031 1966 αὐτοῦ
1059 1902 1280 1986 προβληθέντα
1303 1906 1525 1964 rra-Dlll35

243 2007 394 2091 τριόρχην
419 2005 473 2068 τὸν
500 2006 739 2071 Κωνσταντῖνον
768 2004 812 2068 ἑνὶ
839 2010 903 2069 τῶν
932 2006 1096 2089 ἀρχόντων
1123 2006 1245 2069 τούτων
1272 2028 1364 2069 συνο-
1375 2014 1410 2069 15

243 2109 341 2193 μιλεῖν
364 2108 462 2173 εἰπὼν
484 2107 539 2171 καλ
560 2109 657 2191 λέγειν
684 2103 752 2171 κατ’
783 2108 880 2172 αὐτοῦ
909 2108 963 2171 καὶ
989 2108 1187 2191 κατηγόρους
1213 2106 1296 2177 τινὰς
1323 2108 1366 2177 εἰς

245 2213 371 2296 ἔλεγχον
402 2212 500 2276 αὐτοῦ
530 2212 760 2295 παρεσκεύασε·
794 2210 848 2274 καὶ
876 2212 1074 2294 ἀρνουμένου
1103 2212 1224 2275 ἐκείνου
1251 2210 1366 2293 ὀμόσαι

300 2489 318 2545 5
336 2488 459 2558 ἐκμανεὶς
477 2488 505 2543 D
559 2489 701 2558 γενομένης
719 2488 793 2558 Ewp
848 2486 911 2543 ‘liv
931 2485 1082 2557 om.pr
1136 2485 1227 2557 χερσὶν
1241 2483 1366 2556 Ewth',

302 2579 330 2616 v.
343 2562 383 2616 ad
396 2560 469 2615 XIII
483 2560 535 2627 1,b
606 2562 624 2615 8
642 2581 713 2620 τινας
731 2559 859 2632 prDi,
878 2581 932 2614 τινα
950 2558 977 2612 Α
1048 2560 1066 2614 9
1084 2557 1270 2628 ρωμαλεότητα
1290 2573 1366 2613 corr.

301 2649 340 2688 ex
359 2633 560 2702 ῥωμαλαιότητα
579 2631 614 2700 A,
633 2632 821 2701 ρ’ωμαλεότητα
841 2630 871 2700 C,
890 2631 1092 2701 ρωμαλαιότητα
1110 2630 1185 2700 pr
1276 2631 1311 2684 10
1328 2629 1368 2692 ἔξ·

300 2713 413 2774 ηγοῦντο
429 2712 556 2773 μοναχοῖς
575 2703 602 2757 D
677 2704 736 2757 κατ’
754 2703 836 2758 αὐτοῦ
853 2703 1064 2773 βουλευομένους
1082 2701 1245 2770 AEwap,
1264 2701 1367 2770 ἐπιβού-

299 2777 362 2836 λους
380 2775 505 2831 αῧτοῦΟ
579 2775 612 2829 11
632 2779 703 2829 ante
716 2775 766 2829 δύο
779 2774 848 2828 add.
862 2775 971 2829 διώλεσε
985 2773 1058 2845 pr
1131 2773 1180 2841 μὲν
1198 2770 1260 2841 AR,
1278 2771 1367 2841 μέντοι

300 2847 367 2918 w*p
456 2845 603 2917 ἒπιαήλμων
621 2847 645 2900 Ε
736 2847 771 2900 12
789 2845 910 2914 ἐκτεμὼν
928 2843 1003 2915 pr
1094 2849 1166 2899 ante
1183 2853 1368 2914 περιγρατττοῖς

300 2919 370 2974 add.
388 2919 434 2974 κατ’
447 2919 521 2988 pr
592 2918 785 2988 περιγραιττοὺς
801 2916 907 2988 (sic)A
979 2916 1021 2970 12.
1044 2917 1078 2971 13
1096 2915 1191 2976 αὐτοὺς
1209 2916 1291 2985 θρίοις
1309 2935 1368 2970 συν-

300 2991 415 3046 έκλεισεν
427 2988 463 3059 A,
482 2992 566 3060 θρίοις
584 2991 740 3058 συγκλείσας
758 2989 855 3050 αὐτοὺς
873 2987 948 3059 pr
1022 2989 1056 3043 13
1073 2985 1195 3056 πέμπων]
1214 2986 1367 3056 πέμπτονΒ

302 3063 336 3117 14
354 3061 420 3117 ἀλλὰ
439 3061 535 3117 om.O
601 3066 677 3152 'post
694 3063 775 3117 αὐτοῦ
795 3061 864 3116 add.
883 3060 956 3152 θὲς)
1030 3060 1072 3114 14.
1084 3059 1118 3114 15
1134 3080 1211 3128 πατρ.
1220 3079 1243 3113 τ.
1252 3055 1367 3150 Koraos]

301 3135 801 3265 λῖἶὲῖτᾞθτέἵὲρίλρληὲοῂρτι
814 3132 883 3264 “30⁵4
896 3130 1368 3272 3⁰¹⁰³⁷13¹¹Jiagarsffii¹riwffi

301 3278 499 3347 παρεσκεύασεν
518 3275 553 3344 Α,
572 3292 601 3331 v.
621 3275 661 3330 ad
679 3221 797 3345 Xffiol,
817 3277 834 3332 5

250 3551 304 3616 est,
323 3546 378 3602 sed
396 3544 529 3617 procella
538 3547 623 3602 venti
632 3546 764 3602 navibus
784 3547 849 3602 iere
862 3546 1002 3601 omnibus
1021 3543 1130 3600 collisis
1144 3557 1257 3614 magna
1269 3540 1368 3598 multi·

250 3619 325 3674 tudo
347 3622 377 3673 et
387 3623 549 3672 nautarum
568 3619 735 3673 etmilitum
747 3621 778 3672 in
789 3633 871 3687 aqua
881 3619 983 3689 periit3
1002 3618 1084 3672 unde
1096 3617 1208 3671 inlecta
1226 3631 1260 3670 re
1270 3615 1368 3670 rediit.

205 3694 241 3749 20
338 3690 538 3745 Nihilominus
555 3696 658 3744 tamen
685 3694 792 3744 contra
816 3690 980 3744 monachos
999 3689 1104 3744 furore
1129 3689 1270 3759 percitus,
1299 3701 1368 3740 cum

249 3762 281 3817 in
299 3762 418 3816 theatro
437 3761 501 3815 ludi
520 3759 677 3816 Circenses
696 3767 871 3831 agerentur,
900 3761 1009 3816 multos
1028 3760 1066 3814 do
1084 3761 1122 3814 iis
1142 3756 1370 3829 comprehendit

250 3838 280 3888 et
307 3849 363 3903 per
386 3833 538 3888 theatrum
572 3834 775 3902 ignominiose
808 3834 952 3903 perduxit
976 3832 1151 3886 inhonestas
1176 3829 1369 3885 mulierculas

204 3907 239 3963 21
249 3905 390 3960 manibus
408 3907 554 3959 tenentes.
592 3904 745 3968 Quosdam
764 3905 855 3958 etium
867 3905 1027 3958 illustrium
1038 3903 1216 3973 principum,
1236 3902 1311 3956 alios
1330 3916 1369 3956 ex

249 3976 374 4044 invidia,
396 3977 434 4030 ob
453 3975 708 4046 pulchritudinem
728 3981 759 4031 et
777 3976 879 4044 robur,
910 3976 984 4030 alios
1003 3991 1058 4044 per
1077 3975 1266 4041 calumniam,
1287 3972 1370 4043 quod

250 4049 307 4104 sibi
326 4047 543 4102 insidiarentur
562 4053 592 4102 st
610 4062 667 4101 sua
685 4048 823 4102 facinora
842 4047 997 4101 monachis
1016 4051 1176 4100 narrarent
1196 4073 1228 4083 -
1249 4045 1369 4099 duobus

249 4119 469 4190 insignioribus
492 4119 593 4188 capita
617 4119 755 4186 resecuit,
781 4118 914 4189 reliquos
938 4118 1033 4174 oculis
1059 4118 1152 4172 erutis
1181 4117 1270 4170 certis
1296 4115 1370 4170 locis

250 4191 371 4246 inclusit
396 4204 495 4260 eoque
518 4190 636 4244 lorariis
661 4191 824 4259 quotannis
850 4191 947 4244 missis
971 4202 1221 4258 unumquemque
1248 4193 1369 4242 centum

205 4264 353 4323 22ncrvis
372 4263 493 4316 bubulis
513 4262 669 4316 caedebat.
706 4260 754 4314 Ad
774 4261 848 4316 haec
867 4261 1059 4332 patriarchae
1078 4259 1275 4315 Constantino
1298 4275 1318 4313 a
1336 4273 1369 4314 se

251 4336 411 4405 designato
430 4335 548 4388 crimini
567 4333 659 4399 dedit,
686 4332 769 4402 quod
789 4348 855 4387 cum
875 4348 937 4388 uno
958 4333 995 4388 de
1014 4333 1050 4386 iis
1071 4333 1259 4402 principibus
1282 4331 1370 4386 collo·

251 4409 323 4480 quia
336 4413 442 4462 contra
461 4405 637 4475 rehaberet,
657 4405 831 4459 subornatis
850 4404 890 4459 ad
909 4418 979 4459 eum
992 4403 1235 4460 convincendum
1248 4417 1370 4460 accust-
