3050 4775
432 389 635 454 munemne
654 393 845 455 succuum
863 393 940 454 LEO
959 391 981 452 1.
1216 389 1268 450 121

143 580 290 664 βιώσασα
318 582 369 666 ἔτη
397 583 434 656 ἓξ
459 581 514 646 καλ
540 580 618 646 δέκα
650 582 704 646 καί
729 583 827 648 παῖδα
856 587 989 647 τεκοῦσα
1013 579 1190 665 Ἰλδέριχον,
1223 579 1270 645 δτι

143 691 211 756 τοῖς
228 684 398 768 Ἀρειονοῖς
425 684 583 768 δμύδοξος
611 684 651 769 ἦν
678 686 697 751 δ
724 686 805 770 ἀνὴρ
835 687 940 770 αύτής,
973 686 1091 770 ήχύετο
1117 685 1173 770 τὴν
1201 680 1267 768 μετ’

145 789 267 852 ἐκείνου
299 789 482 871 συμβίωσιν.
526 788 580 853 καί
611 789 771 873 λαβομένη
804 795 917 872 καιροῦ
950 789 1003 853 καί
1035 787 1112 872 ούτὴ
1142 790 1185 860 εἷς
1213 786 1314 872 silvio

147 890 476 956 Κωνσταντινούιτολιν
490 899 675 976 μεταχωρεῖ,
698 893 760 976 ήδη
776 899 831 977 τῆς
845 891 965 975 μητρὸς
980 893 1076 976 αὐτῆς
1092 892 1267 975 θανούσης·

119 993 211 1059 {rehu
234 997 277 1066 είς
298 993 335 1058 τὰ
355 994 556 1078 Ἱεροσόλυμα
580 997 689 1070 ἄπεισι,
712 996 808 1061 κάκεῖ
826 996 957 1078 τελευτᾷ.
1278 988 1422 1048 1³1149A

237 1097 426 1182 Μαρκιανὸς
449 1097 484 1162 δὲ
506 1099 637 1182 δνήσκει
659 1101 695 1173 ἓξ
716 1099 902 1182 βασιλεύσας
923 1099 973 1182 ἔιη
990 1097 1044 1162 καὶ
1058 1098 1161 1182 μῆνάς
1175 1122 1267 1181 τινας,
1279 1095 1312 1150 31

147 1201 195 1274 ὡς
217 1202 277 1284 μέν
291 1225 368 1273 τινες
385 1202 518 1284 λέγουσι,
541 1204 688 1286 νοσήσας,
713 1203 760 1273 ὡς
777 1199 805 1266 δ’
822 1204 927 1284 ἕτεροι,
951 1201 1155 1286 ιγαρμαχδελς
1170 1202 1269 1268 νεύοει

146 1310 205 1368 τοῦ
219 1306 382 1387 πατρικίου
391 1305 562 1388 Ἄσπαρος,
584 1307 761 1390 πρεσβύτης
778 1305 944 1388 γενόμενος
959 1306 1012 1370 καί
1028 1307 1126 1390 ζήσας
1142 1306 1192 1370 ἐπὶ
1205 1329 1268 1389 μα·

147 1407 237 1490 κρύν.
284 1408 419 1491 ἐπιεικὴς
448 1408 483 1473 δὲ
509 1409 565 1492 τὴν
593 1411 724 1493 γνώμην
751 1411 800 1474 ὢν
828 1408 882 1473 καί
908 1407 990 1490 πρὸς
1011 1408 1084 1480 τούς
1106 1408 1270 1493 ὑπηκόους
1279 1406 1314 1462 32

104 1517 138 1570 10
146 1510 283 1595 χρηστὸς
306 1512 388 1593 ἔλεγε
410 1511 456 1595 μή
481 1512 544 1577 δεῖν
559 1512 641 1575 ὅπλα
656 1513 784 1597 βασιλέα
801 1517 904 1595 κινεῖν,
928 1513 991 1583 ἕως
1006 1513 1172 1595 εἶρηνεύειν
1188 1511 1268 1586 ίξόν.

147 1615 229 1696 μέγα
254 1614 289 1678 δὲ
310 1614 378 1678 τύιε
401 1614 576 1698 δυνάμενος
599 1616 617 1679 δ
640 1617 803 1698 πατρίκιος
811 1615 933 1698 Ἅσπαρ
956 1616 1015 1698 οὐχ
1037 1615 1186 1698 ήρετίσιλη
1210 1615 1269 1699 βα·
1279 1613 1315 1667 33

148 1717 283 1781 σιλεῦσαι
305 1716 393 1798 παρὰ
415 1723 471 1782 τοῦ
495 1719 600 1801 δήμου
623 1724 678 1801 τῆς
699 1718 834 1799 πόλεως,
858 1719 903 1782 δτι
918 1724 973 1802 τῆς
983 1718 1105 1800 Ἀρείου
1122 1716 1160 1801 ἦν
1180 1719 1269 1800 μετέ-

148 1844 217 1903 χων
246 1822 406 1904 ολρέσεως.
454 1820 502 1884 διὸ
533 1819 588 1884 τὸν
615 1820 737 1886 Λέοντα
771 1820 865 1892 αὐτὸς
897 1821 1100 1904 ἐβασίλευσεν,
1133 1821 1180 1890 ὡς
1210 1821 1270 1903 μέν
1279 1819 1315 1874 34

147 1947 225 1994 τινες
252 1923 429 2006 ἱστόρησαν,
463 1923 675 2007 αύτοβούλως,
699 1923 745 1995 ὡς
773 1921 801 1988 δ’
826 1926 933 2008 ἕτεροι,
966 1922 1053 2006 παρὰ
1080 1929 1135 1988 τοῦ
1164 1923 1269 2006 δήμου

3 2025 205 2108 11111251τὴν
227 2027 371 2100 ἐξουσίαν
392 2025 510 2108 λαβών,
538 2028 575 2090 ὃν
597 2027 740 2109 κτήσεσιν
762 2028 870 2108 αὐτοῦ,
895 2027 941 2098 ιδς
963 2027 1088 2108 λέγεται,
1112 2025 1269 2109 προνοού-

147 2153 245 2212 μενον
265 2129 404 2212 ἀπήτησε
419 2130 567 2212 Καίσαρα
590 2131 701 2212 στέψαι
723 2130 860 2213 ύάτερον
882 2134 946 2194 τῶν
969 2132 1048 2194 υἱῶν
1071 2130 1176 2193 αὐτοῦ.
1217 2126 1357 2192 κα135Β

147 2233 240 2296 τοῦτὸ
270 2232 530 2314 ἐπαγγειλάμενον
556 2234 599 2302 είς
627 2232 682 2314 τήν
710 2238 765 2316 τῆς
791 2232 947 2315 βασιλείας
972 2232 1137 2316 περιωπήν
1160 2231 1269 2296 ἀνεκό-

147 2358 248 2419 μισεν.
294 2336 367 2401 ἔνιοι
390 2335 425 2400 δὲ
447 2337 614 2420 τριβούνον
636 2333 711 2401 εἶναι
734 2336 830 2401 αὐτόν
853 2359 931 2421 φασι
953 2335 1007 2401 καί
1029 2340 1093 2403 τῶν
1116 2336 1149 2402 ἐν
1164 2335 1269 2421 Σηλυ-
1280 2333 1315 2389 36

149 2558 167 2613 6
185 2556 290 2629 τελευτή
308 2565 354 2612 τοῦ
371 2558 503 2628 βασιλέως
521 2559 683 2629 Μαρκιανοῦ
702 2559 864 2629 (μαρκιιινοῦ
881 2560 1010 2629 βασιλέως
1029 2560 1064 2623 Ε)
1085 2556 1132 2615 GE

205 2770 220 2823 1
239 2770 269 2833 ἓξ
287 2769 333 2823 καί
351 2770 417 2824 δέκα
436 2767 471 2836 Α,
494 2770 637 2835 ἑξκαίδεκα
655 2770 689 2838 R,
715 2770 862 2826 ἑκκαίδεκα
880 2768 1010 2840 prDi,
1030 2786 1057 2824 V.
1076 2770 1146 2825 XIV
1165 2769 1207 2836 22,
1226 2768 1270 2824 34.

204 2840 275 2895 XVI
292 2840 335 2909 22,
356 2843 370 2895 l
461 2839 479 2895 4
497 2844 689 2897 κωνσταττίνου
708 2841 783 2913 pr
874 2842 1001 2911 χωρεῖΕ
1086 2842 1103 2897 5
1122 2840 1152 2899 τὰ
1171 2858 1228 2897 om.
1248 2839 1271 2896 C

204 2913 358 2982 ’ίλίγουσιυ
378 2911 486 2983 w*pDi
504 2914 607 2968 invitis
626 2913 687 2980 AR,
707 2930 736 2967 v.
756 2914 796 2967 ad
816 2913 888 2968 XIII
909 2914 934 2981 1,
952 2913 970 2968 5
1061 2914 1086 2967 δ’
1105 2914 1190 2982 ἕτεροι
1208 2910 1271 2975 ΑΒ,

204 2984 236 3039 δί
252 3005 319 3044 τινες
337 2982 414 3054 pr
529 2986 563 3038 10
580 2985 642 3054 ἕξήν
660 2986 684 3039 Ε
794 2986 826 3039 11
847 2984 876 3039 δὲ
896 2984 995 3040 om.B
1101 2984 1224 3056 βασιλεὺς
1243 2982 1270 3037 D

205 3056 241 3111 13
258 3056 385 3125 αίρίσεως
395 3055 456 3123 AR,
472 3058 580 3125 μερίδος
589 3054 666 3127 pr
722 3058 757 3112 14
775 3059 858 3125 ἕτεροι
868 3055 929 3125 ΑΕ,
942 3058 1006 3111 ἔνιοι
1018 3057 1090 3126 pr
1146 3056 1180 3111 15
1199 3054 1272 3109 ὥνΟ

241 3128 361 3197 κτήσεων
379 3126 505 3198 prDi‚
525 3126 683 3182 ετδσεωνΑ
755 3129 952 3198 προνοούμενος
967 3128 972 3194 Ι
989 3128 1011 3183 C
1084 3129 1118 3183 18
1136 3129 1199 3183 ἔνιοι
1210 3125 1271 3191 ΑΕ,

204 3198 431 3335 ἔὲιρριγουρὸὁ)
453 3200 604 3270 σηλυμβρία
622 3200 646 3253 Ε
666 3200 807 3269 (fortasse
827 3206 922 3271 reete;
944 3216 970 3255 v.
991 3200 1167 3255 Muellerum
1186 3198 1218 3253 F.
1234 3198 1271 3253 Η.

234 3312 242 3325 .
319 3287 347 3341 p.

151 3482 318 3551 sequentis,
351 3485 465 3535 nenets
492 3486 611 3551 tempus
641 3486 845 3551 opportunum
874 3486 904 3535 et
929 3483 995 3551 ipsa
1020 3480 1134 3549 Cpolim
1159 3476 1272 3534 secedit
1282 3474 1318 3527 30

151 3554 327 3607 matreium
345 3557 480 3620 mortum
499 3557 563 3606 tum
583 3552 796 3621 Hierosolyma
815 3554 879 3607 abit
898 3558 928 3607 ot
947 3554 1006 3606 illio
1025 3553 1118 3606 vitain
1138 3552 1211 3605 linit.

240 3623 413 3677 Marcianus
438 3625 566 3678 moritur
591 3629 660 3693 post
685 3640 814 3693 regnum
841 3639 893 3678 sex
921 3639 1069 3677 annorum
1099 3628 1129 3677 et
1158 3616 1315 3690 aliquot3l

151 3696 309 3761 mensium,
327 3699 363 3748 ut
379 3695 517 3749 nonnulli
537 3694 649 3763 dicunt,
669 3710 707 3749 ex
724 3696 840 3763 morbo,
859 3698 893 3749 ut
903 3695 961 3762 alii,
975 3710 1093 3750 veneno
1110 3694 1181 3747 dete
1195 3696 1274 3746 nutu

151 3767 270 3835 patricii
294 3764 429 3835 Asprum,
458 3766 622 3820 admodum
646 3765 773 3835 grandis
799 3772 882 3833 natu,
911 3767 958 3819 vir
982 3767 1060 3821 bene
1084 3768 1219 3819 moratus
1243 3767 1273 3817 et
1283 3759 1317 3813 32

151 3852 227 3907 erga
245 3838 399 3892 subiectos
419 3838 596 3904 benevolus,
615 3838 716 3892 dieere
732 3837 838 3892 solitus
857 3852 942 3891 erma
961 3838 1027 3906 regi
1047 3853 1108 3891 non
1128 3852 1194 3891 esse
1213 3850 1273 3889 mo-

150 3908 260 3976 venda,
281 3907 378 3963 donec
397 3924 504 3979 pacem
521 3924 615 3978 egere
627 3908 740 3963 lleeret.
768 3907 868 3978 Aspar
882 3914 981 3963 autern
997 3909 1150 3977 patricius,
1170 3902 1317 3975 quum-33

151 3980 198 4034 vis
222 3980 350 4034 multum
379 3986 443 4034 tum
472 3985 581 4049 posset,
608 3996 671 4034 non
699 3986 801 4035 tamen
824 3996 879 4033 rex
904 3985 1024 4033 orestus
1048 3984 1094 4032 est
1117 3994 1135 4032 a
1159 3976 1272 4047 populo

150 4050 244 4118 urbis,
264 4050 347 4121 quod
360 4050 425 4105 Arii
444 4057 511 4106 erut
529 4053 681 4122 particeps
700 4057 811 4106 sectae.
850 4051 1042 4120 Quapropter
1061 4051 1126 4117 ipse
1139 4044 1317 4102 Leonemssl

151 4138 254 4191 regem
274 4122 355 4188 feeit,
375 4127 409 4175 ut
427 4122 564 4176 nonnulli
583 4128 796 4189 narraverunt,
816 4126 1001 4191 surrepente,
1020 4122 1126 4187 utolii‚
1147 4123 1273 4185 acceptu
1302 4186 1313 4197 ¹

151 4208 171 4245 α
184 4192 297 4262 populo
311 4196 469 4261 potestate.
507 4192 553 4247 Ita
566 4192 709 4261 Leonem,
729 4209 852 4248 suarum
866 4208 976 4259 rerum,
989 4198 1024 4247 ut
1037 4192 1142 4257 fertur,
1156 4190 1273 4256 dispen-
1283 4186 1317 4239 3ο

151 4270 292 4330 sutorem,
313 4278 381 4317 eum
401 4265 587 4333 promisisset
606 4280 639 4319 se
655 4263 794 4319 Caesaris
813 4264 954 4318 diadema
973 4265 1012 4318 ad
1032 4264 1159 4317 alterum
1179 4260 1273 4312 lilium

152 4350 218 4391 esse
237 4334 419 4403 delaturum,
439 4334 478 4389 ad
498 4336 616 4389 eulmen
635 4337 723 4404 regni
742 4335 858 4390 extulit.
896 4335 1037 4391 Nonnulli
1053 4338 1154 4388 eutem
1169 4330 1274 4384 dieunt
1283 4328 1317 4381 36

152 4422 221 4463 eum
240 4406 398 4463 tribunum
417 4407 510 4463 luisse
532 4411 563 4463 et
584 4405 833 4477 Selybrienorum
857 4407 1052 4477 vectigalium
1075 4403 1272 4477 preelectum,
