3050 4775
278 368 330 430 174
580 368 715 433 ZONAR.
736 371 836 432 ΕΡῙΤ.
854 370 925 431 XIV
943 371 986 445 10,
1005 372 1102 433 1-13.

249 558 456 639 ἳπεριὸέξιος,
483 556 539 640 τὴν
562 558 693 641 γνώμην
716 557 751 622 dd
773 558 1011 641 μεγαλόψυχος·
1040 561 1077 630 ὃς
1099 558 1231 643 εὐσεβὴς
1253 560 1303 625 ὢν
1324 559 1397 632 τοὺς

274 659 362 743 παρὰ
394 665 450 723 τοῦ
474 658 689 724 Ἰουστινιανοῦ
719 661 919 744 όομηόέντας
945 661 1111 744 ἀπεκόσμει
1137 662 1235 734 ναοὺς
1262 663 1316 727 καί
1342 664 1397 734 τὰς

276 762 396 845 ἁψῖδας
418 762 520 846 ἄμφω
543 771 589 845 τῴ
608 771 679 846 ναῷ
692 771 738 845 τῷ
754 764 788 826 ἐν
803 762 998 847 Βλαχέρναις
1019 765 1195 846 προσέθετο
1218 766 1254 830 ἐκ
1277 773 1396 849 καινῆς,

211 872 236 926 Β
249 866 323 935 θὼς
338 864 413 928 εἶναι
428 871 538 929 τοῦτον
551 866 748 949 σταυροειόῆ·
773 866 895 929 καὶτὸν
910 866 944 928 ἐν
957 875 1004 950 τῷ
1021 866 1302 951 Ὀρφανοτροφείῳ
1317 868 1396 932 ναὸν

274 973 338 1031 τῶν
356 969 546 1050 κορυφαίων
569 968 755 1032 ἀποστόλων
776 967 955 1039 πολυτελῶς
977 970 1156 1052 ἐόομήσατο
1178 969 1232 1033 καί
1254 970 1309 1033 τὸν
1329 973 1422 1034 acuat

247 1072 373 1134 ddat'oov
390 1071 591 1154 Ἀναργύρων
613 1070 690 1135 ναὸν
713 1072 747 1134 ἐν
768 1077 833 1141 τοῖς
848 1071 1052 1135 Βασιλίσκοο·
1075 1072 1130 1135 καί
1151 1072 1206 1136 τὸν
1226 1079 1282 1157 τῆς
1304 1073 1394 1154 ἁγίας

274 1173 328 1235 καί
356 1174 628 1257 πρωτομάρτιιρος
655 1171 778 1257 Θέκλης
801 1173 856 1236 καί
877 1173 932 1237 τόν
953 1180 1009 1238 τοῦ
1031 1173 1194 1238 Παλατίου
1217 1174 1393 1258 Χροσοτρί-

273 1276 380 1339 κλινον
411 1276 465 1339 καί
491 1276 545 1339 τόν
571 1277 670 1358 μέγαν
694 1276 822 1358 ἀγωγόν
844 1282 900 1339 τοῦ
928 1276 1103 1346 Οὐάλεντος
1125 1278 1308 1360 ἀνεκαίνισε,
1340 1279 1394 1342 καὶ

273 1377 401 1441 πλείονα
425 1378 453 1441 d'
477 1380 575 1460 ἕτερα.

247 1488 264 1541 5
357 1480 418 1544 Ἦν
441 1481 476 1544 ‹ti-
498 1482 610 1544 τούτου
634 1480 750 1563 γαμετὴ
774 1481 891 1565 Σοφία,
915 1484 955 1565 ἣν
977 1482 1031 1545 καί
1046 1483 1233 1564 Αὖγούσταν
1253 1486 1392 1567 ἔστεψεν,
1406 1498 1439 1550 10

273 1582 311 1667 ἧς
335 1584 464 1666 ὀνόματι
486 1584 540 1647 καί
561 1583 615 1648 τὸν
637 1583 745 1667 λιμένα
769 1588 833 1647 τῶν
855 1584 990 1667 Σοφιῶν
1012 1585 1205 1669 ᾠκοδόμησε
1227 1587 1281 1651 καί
1302 1588 1392 1669 βασί-

272 1686 337 1749 λεια
360 1685 424 1769 πρὸ
447 1694 501 1770 τῆς
515 1686 650 1768 πόλεως,
673 1686 840 1767 Σοφιανάς
863 1684 902 1750 όί
927 1688 1048 1769 ἐκείνην
1069 1688 1124 1750 καί
1146 1694 1241 1752 ταῦτα
1263 1690 1394 1754 καὶτὸν

247 1790 370 1852 6τόπον
393 1790 622 1872 κατονομάσας,
646 1790 680 1851 ἐν
703 1789 749 1859 οἷς
772 1788 825 1852 καί
849 1790 1030 1873 ἐπίγραμμα
1053 1790 1141 1873 παρὰ
1158 1784 1306 1873 Ἀγαόίου
1326 1794 1391 1875 ε’γέ-

273 1916 342 1955 νετο
365 1892 452 1955 τόόε·

241 2000 264 2057 C
380 1995 502 2058 ὁππόθι
523 1996 715 2077 τεμνομένης
737 1994 858 2077 χθονὸς
880 1996 992 2078 ἄνδιχα
1014 1995 1130 2059 πόντον
1152 1998 1267 2079 ἀνοίγει
1404 2006 1437 2058 it

423 2096 580 2179 πλαγκτὸς
603 2097 796 2161 ἆλτκλύστιον
817 2098 968 2180 πορθμός
990 2096 1039 2161 ἐπ’
1063 2100 1191 2183 ἠιόνων,

379 2201 497 2285 χρύσεα
520 2199 698 2283 σολλέκτρῳ
721 2199 789 2264 τόδ’
813 2201 973 2284 ἀνάκτορα
996 2202 1098 2285 θῆκεν
1120 2202 1240 2286 ἀνάσσῃ

422 2309 461 2387 τῇ
482 2303 693 2387 πολνκυόίστῃ
716 2304 806 2374 drios-
827 2304 908 2377 ἅναξ
930 2304 1046 2387 Σοφίῃ.

272 2517 290 2572 2
312 2516 372 2587 περὶ
394 2523 447 2571 τῶν
469 2523 542 2570 ναῶν
565 2515 610 2570 καί
632 2522 686 2570 τῶν
707 2517 796 2571 ἄλλων
820 2523 874 2571 τῶν
895 2515 966 2586 παρὰ
987 2518 1129 2572 ’Ῑονστίνοο
1152 2520 1326 2589 όομηόίντων
1344 2519 1393 2576 GE

274 2589 341 2653 (seo
360 2589 384 2643 a
403 2588 443 2642 ad
461 2587 531 2642 xrv
551 2588 593 2656 ιο,
612 2587 657 2655 aa)

327 2809 383 2862 Ῑτε
396 2807 469 2877 pr
543 2807 717 2867 ὅπολοειόῶς
730 2807 808 2866 EDw
879 2806 953 2862 6τόν
966 2823 1023 2862 ont.
1036 2807 1064 2861 D
1137 2808 1219 2864 ’ίκαί
1231 2815 1300 2880 post
1317 2810 1392 2879 ἁγίας

328 2896 384 2934 om.
405 2879 477 2948 Ewp
560 2880 595 2932 10
612 2879 697 2932 rodaco
717 2879 738 2933 C
823 2878 856 2932 12
873 2879 939 2947 πρός
957 2878 994 2948 p*
1075 2879 1189 2948 σοφιανά
1208 2880 1318 2951 wap,
1336 2883 1392 2936 sed

328 2968 356 3005 v.
375 2951 443 3004 Duc
463 2949 545 3019 Cpol.
565 2949 669 3004 Christ.
690 2949 729 3003 lV
751 2950 783 3004 12
802 2967 830 3020 p.
851 2950 902 3002 119
912 2967 935 3004 s.
1073 2952 1113 3005 1‘2.
1135 2951 1168 3004 13
1186 2953 1230 3006 τόν
1248 2956 1328 3007 τόπον
1345 2955 1392 3010 καί

327 3030 405 3078 ταῦτα
424 3023 497 3091 Eup
635 3023 668 3074 13
685 3021 816 3090 Ἀγαθίου]
836 3038 865 3074 v.
883 3021 1050 3092 Pregorum
1070 3024 1159 3076 inser.
1178 3022 1286 3078 Graec.
1305 3032 1390 3079 metr.

326 3093 407 3164 Lips.
429 3093 498 3146 1892
518 3109 545 3162 p.
566 3092 617 3146 166
718 3092 750 3146 16
769 3093 884 3151 artaxad<
903 3093 964 3160 ΕΙ),
984 3109 1060 3147 corr.
1080 3092 1132 3152 Dw
1224 3097 1348 3164 πορθμόν
1368 3098 1392 3151 F.

328 3167 361 3218 18
379 3165 521 3232 πολυόίστῃ
541 3163 592 3232 w*,
611 3163 782 3233 πσλνκιόίστῃ
802 3164 838 3234 p*
857 3165 960 3218 invitis
972 3164 1026 3218 AR

245 3383 493 3454 imag'nauimus.
513 3381 623 3438 Sauras
633 3383 725 3438 aedes
735 3383 775 3437 ab
785 3382 953 3437 Iustiniauo
965 3389 1136 3440 exstructas
1146 3401 1201 3455 pro
1211 3401 1268 3440 sua
1278 3389 1391 3457 pietate

272 3455 443 3510 adornabat
473 3460 503 3509 ot
520 3461 684 3524 utrumque
712 3455 858 3509 fornicem
887 3455 998 3524 templo
1017 3454 1237 3511 Blaolrorniano
1265 3458 1390 3528 addidit,

245 3525 307 3581 dut
326 3527 452 3581 formam
472 3525 571 3580 erucis
589 3525 728 3595 haberot3
757 3531 787 3579 at
805 3527 837 3580 iu
856 3524 1128 3596 Orphanotropheo
1147 3529 1292 3597 templum
1311 3532 1391 3600 priu-

273 3599 374 3668 cipum
401 3597 609 3667 apostolorum
637 3599 756 3666 magnis
785 3597 954 3666 sumptibus
982 3599 1134 3652 exstruxit
1162 3604 1192 3653 et
1216 3608 1390 3656 sanctorum

245 3667 504 3738 4Auargyrorum
523 3670 554 3722 in
573 3668 708 3722 Basilisci
728 3674 836 3722 tractu.
873 3668 948 3722 Item
969 3668 1060 3723 divao
1077 3669 1208 3724 Theclae
1226 3678 1391 3740 protomar·

272 3742 347 3809 tyris
366 3746 396 3794 at
415 3753 541 3795 aureum
561 3739 736 3794 Triclinium
750 3739 858 3793 Palatii
879 3749 909 3794 et
927 3754 1072 3810 magnum
1082 3740 1217 3795 Valentis
1236 3745 1390 3813 aquaedu-

272 3817 352 3866 ctum
371 3813 541 3879 ronovavit,
561 3817 653 3880 atqua
672 3811 731 3864 alia
751 3812 847 3880 plura.

245 3884 262 3937 τ’.)
361 3883 492 3938 onrem
506 3881 648 3953 Sophiam
668 3883 822 3953 augustali
845 3897 958 3936 corona
978 3883 1098 3937 ornavit
1121 3884 1249 3954 eiusque.
1267 3888 1390 3940 uomina

274 3961 391 4024 portum
411 3952 593 4023 Sophiarum
621 3955 772 4009 exstruxit
798 3960 829 4008 et
856 3954 973 4023 regium
996 3958 1068 4008 anto
1094 3956 1209 4026 urbam,
1239 3973 1330 4028 quam
1359 3965 1390 4012 ot

245 4027 366 4096 dipsam
387 4028 550 4095 vicinaque
569 4025 636 4081 looa
655 4027 719 4078 eius
748 4027 849 4094 gratia
867 4023 1036 4094 Sophiauas
1056 4027 1231 4083 nominavit.
1271 4029 1304 4082 Ei
1333 4031 1390 4084 hoo

272 4099 423 4166 Agathiao
443 4099 631 4167 epigramma
650 4101 695 4150 est
713 4097 905 4166 inscriptum:

397 4167 464 4233 Qua
482 4173 646 4223 resonante
664 4170 742 4222 liuto
762 4169 872 4221 fluctus
892 4182 970 4221 aava
989 4167 1091 4222 littora
1109 4171 1249 4242 tundunt,

432 4241 468 4294 Et
488 4240 600 4309 duplici
620 4243 731 4309 pontus
749 4241 871 4293 nomiae
889 4239 976 4291 findit
995 4239 1128 4305 humum,

397 4310 533 4366 inclutus
552 4312 641 4364 uxori
662 4310 845 4364 celebranda
864 4310 977 4379 palatia
996 4313 1107 4365 struxit

432 4382 497 4437 Rex
517 4381 656 4453 Sophiae,
676 4381 789 4436 multus
809 4397 900 4451 quam
919 4381 1077 4436 decoravit
1095 4383 1200 4441 honos.
