3050 4775
360 432 530 495 seLuuvs
550 431 727 493 CAPITVR.
765 431 921 492 PHOCAE
939 431 1087 491 OBITVS.
1232 431 1286 490 tta

169 619 280 706 (κῆόσς
309 619 369 702 γὰρ
397 618 479 702 πρὸς
503 615 708 702 Βλαόιμηρὸν
733 616 788 681 τόν
817 618 954 700 ἄρχοντα
982 617 1103 680 τούτων
1126 615 1175 680 ἐπί
1191 615 1285 699 Ἄννῃ

166 731 204 807 τῇ
232 723 355 807 ἀδελφῇ
382 723 479 786 αὐτοῦ
508 721 644 804 θέμενος
672 719 874 803 συμμαχικόν
905 721 1027 784 ἐκεῖθεν
1059 718 1198 802 ἐδέξατο)
1232 718 1318 782 nole

167 827 247 908 ῥᾷον
268 831 333 890 τῶν
356 825 504 889 ἐναντίων
526 824 677 906 ἐκράτησε
699 823 753 886 καί
777 823 873 886 αὐτὸν
892 823 946 886 τὸν
962 823 1116 905 Δελφινᾶν
1131 823 1285 905 χειρωσά-

166 952 261 1010 μενος
289 927 536 992 ἀνεσκολόπισεν.
583 926 645 990 εἶτα
672 927 754 1010 πρὸς
775 927 832 1009 τὴν
847 927 986 1010 ’Apiados
1008 929 1109 991 ἄπεισι
1130 927 1208 1010 μετὰ
1230 932 1329 992 τοῦ11

140 1032 308 1115 hadeloae
325 1030 576 1096 Κωνσταντίνοο·
601 1029 655 1093 καί
675 1030 736 1114 ἤόη
753 1031 950 1113 ἀντιμέτωπα
966 1031 1098 1113 ἔστησαν
1112 1029 1150 1093 τὰ
1165 1031 1286 1094 ἐναντία

168 1134 389 1218 στρατεύματα,
421 1133 475 1197 καί
503 1139 558 1196 τοῦ
585 1131 644 1216 μὲν
672 1133 790 1196 οἰκείου
816 1134 1022 1215 προετέτακτο
1045 1133 1064 1196 ό
1091 1133 1219 1206 Φωκᾶς,
1251 1131 1287 1196 τὸ

168 1233 196 1301 δ’
221 1237 391 1319 ἀντίμαχον
414 1236 432 1299 ὁ
455 1235 598 1318 βασιλεὺς
622 1234 785 1306 Βασίλειος
812 1237 949 1318 ἔφιππος
970 1235 1100 1318 περιιὼν
1121 1235 1286 1318 παρεθάρ-

167 1353 275 1420 ρυνεν·
299 1340 336 1402 ὃν
352 1338 370 1401 ὁ
387 1337 507 1407 Φωκᾶς
529 1336 728 1419 θεασάμενος
750 1333 819 1401 κατ’
844 1339 941 1401 alnoo
963 1337 1018 1402 τόν
1040 1341 1136 1400 ἵππον
1158 1337 1331 1411 ἐλαύνει,.12
1347 1349 1491 1405 WIIllll

168 1441 243 1524 ὅλην
267 1441 377 1522 ἐκείνῳ
398 1439 455 1522 τὴν
477 1439 567 1523 ἡνίαν
590 1440 787 1514 ἐνόεόωκώς,
810 1441 928 1523 κρίνας,
952 1441 999 1512 ὡς
1014 1442 1043 1504 τί
1055 1441 1175 1504 ἐκεῖνον
1189 1463 1285 1504 κατα·

122 1555 156 1609 10
166 1543 262 1627 βαλεῖ,
295 1545 393 1607 ἐσεται
421 1543 475 1606 τὸν
504 1543 613 1625 ἀγῶνα
636 1543 819 1624 νενικηκώς.
867 1539 933 1606 ἀλλ’
957 1545 1051 1607 οὔπω
1073 1548 1137 1606 τῶν
1160 1543 1286 1607 οἰκείων
1298 1555 1331 1609 13

166 1646 374 1729 προεληλύθει
401 1645 492 1718 πολύ,
524 1644 578 1708 καί
606 1646 637 1708 ot
662 1645 721 1726 μὲν
747 1644 844 1708 αὐτὸν
867 1645 1089 1729 ἐκκολισόῆνσι
1111 1650 1166 1709 τοῦ
1189 1647 1286 1709 ἵππου

167 1749 270 1832 φασίν,
287 1749 318 1811 ol
330 1747 365 1812 dl
376 1749 418 1818 είς
429 1770 495 1810 τινα
507 1746 608 1829 λόφον
620 1747 756 1810 ἐκκλῖναι
768 1747 822 1812 καί
833 1748 995 1831 ἀποβάντα
1010 1754 1066 1812 τοῦ
1082 1750 1180 1812 ἵππου
1196 1749 1285 1812 ἐκτα-

167 1852 262 1934 θῆναι
284 1849 364 1916 κατὰ
388 1857 444 1933 γῆς
471 1849 525 1912 καί
553 1848 651 1920 εὐθὺς
677 1849 773 1914 αὐτόν
800 1851 835 1914 τό
862 1858 986 1935 πνεῦμα
1018 1853 1121 1916 λιπεῖν.
1167 1852 1198 1915 ol
1227 1850 1377 1933 plu-11)

167 1951 224 2018 οὖν
246 1953 400 2038 πληγῆναι
421 1954 509 2034 παρά
527 1975 587 2033 Ιτοο
609 1953 734 2033 καιρίαν
756 1951 811 2017 τὸν
833 1954 934 2037 ἄνδρα
957 1955 1070 2036 ἔλεγον.
1116 1954 1169 2017 καί
1189 1954 1209 2018 ὁ
1226 1955 1286 2036 βα·
1296 1964 1330 2018 15

126 2057 266 2128 16σιλείις
282 2057 317 2121 dt
332 2057 570 2125 Κωνσταντῖνος
585 2055 689 2137 ἑαυτῷ
703 2055 759 2138 τὴν
775 2057 930 2138 ἀναίρεσιν
953 2057 1074 2121 ἐκείνου
1097 2058 1284 2140 ἐπεφήμιζε·

166 2165 258 2224 τοῦτο
274 2155 303 2224 ό’
320 2157 359 2242 ἦν
374 2158 468 2240 λόγος
483 2156 598 2228 ἄλλως·
622 2157 697 2222 οὐόέ
712 2157 774 2241 γὰρ
793 2161 989 2242 τετρωμένον
1012 2160 1109 2224 αὐτοῦ
1131 2159 1167 2223 τό
1190 2164 1285 2242 σῶμα

6 2275 37 2328 D
53 2274 91 2328 lv
105 2275 157 2330 116
167 2264 279 2345 εὕρητο
309 2261 445 2344 σῦόαμῇ.
491 2261 521 2323 οί
544 2259 579 2324 όὲ
607 2260 773 2344 φαρμάκῳ
800 2260 978 2344 όηλητηρίῳ
1000 2261 1153 2336 ἐδόξαζον
1174 2264 1330 2343 κατερ-16

167 2450 184 2504 8
202 2450 276 2508 &twa
295 2448 343 2517 (ὅτι
362 2446 401 2516 Α)
419 2448 434 2501 ό
456 2448 554 2507 Φωκᾶς
571 2447 732 2517 κατέστρεψε
751 2447 799 2518 τὴν
817 2448 891 2518 ζωήν
909 2444 986 2504 ACE

220 2630 235 2681 1
256 2626 299 2681 τόν
318 2624 437 2697 prDi
456 2624 543 2681 cour.
563 2624 705 2695 (Scylita.)
727 2626 754 2681 11
777 2644 804 2698 p.
823 2626 885 2694 444,
904 2626 929 2690 l,
949 2644 1006 2682 orn.
1025 2626 1052 2681 A
1141 2627 1160 2681 4
1176 2627 1285 2681 ἀνεσκο-

218 2700 323 2753 λόπισιν
342 2694 468 2767 prDi,
487 2696 672 2752 ἀνεσκολόπισε
691 2697 726 2766 Α,
746 2715 775 2753 v.
795 2699 834 2751 ad
853 2698 925 2753 XIII
946 2700 970 2766 1,
987 2700 1006 2753 Ξ)
1102 2700 1120 2753 6
1137 2700 1285 2766 προέτακτο

218 2769 251 2835 Β,
269 2770 429 2837 προτέτακτσ
449 2768 476 2821 D
558 2768 703 2837 Ἰπτριιών
721 2767 849 2840 prDi,
866 2770 981 2838 παριιὼκ
998 2769 1025 2823 Α
1108 2771 1125 2825 9
1143 2772 1167 2824 τί
1186 2787 1242 2825 om.
1260 2770 1284 2824 E

219 2842 254 2895 10
271 2842 353 2895 ἔσεται
372 2836 483 2909 ΑΟτη),
502 2840 594 2895 taam
613 2840 645 2907 E,
663 2842 733 2895 ἔσται
752 2839 803 2908 Di,
823 2857 851 2894 v.
870 2841 910 2895 ad
929 2841 997 2897 XVI
1016 2841 1060 2909 23,
1079 2842 1113 2896 34
1203 2862 1284 2895 νεανι-

217 2913 275 2973 κὼς
294 2918 391 2967 mutat
409 2927 448 2967 ex
466 2910 604 2980 νοανηκὼς
624 2911 647 2965 Ε
754 2913 789 2966 12
806 2913 888 2982 φησίν
908 2912 930 2968 C
1020 2913 1139 2967 ἐκκλῖναι
1158 2911 1283 2982 EwpDi,

217 2984 336 3039 ἐκκλίναι
356 2982 408 3039 ΑΟ
545 2983 579 3039 13
598 2981 665 3038 κατὰ
683 2990 731 3053 γῆς
749 2983 804 3037 AR
822 2984 898 3051 (πρὸς
916 2992 966 3053 γῆν
985 2983 1071 3039 Cedr.
1091 2982 1235 3054 (Scyllas.)
1254 2984 1284 3037 ll

218 3072 246 3126 p.
257 3055 318 3123 445,
328 3056 365 3121 6),
383 3054 451 3110 κατὰ
469 3062 515 3124 τῆς
532 3062 580 3125 γῆς
599 3053 695 3125 OEwp
769 3055 804 3109 14
821 3058 928 3124 καιρίαν
941 3062 1011 3110 ante
1022 3055 1095 3123 παρὰ
1111 3055 1135 3110 Ο
1211 3054 1244 3109 15
1261 3076 1283 3109 τ.

218 3126 321 3181 ἐκείνου
339 3128 425 3195 ἀναίρ.
444 3127 533 3196 pr3
560 3141 628 3181 cum
647 3125 782 3181 Zonaras
799 3127 911 3194 ἐκείνου,
928 3128 1040 3194 ἐκείνης,
1059 3128 1170 3181 ἐκείνων
1189 3131 1285 3196 ponat

218 3197 308 3253 modo
328 3200 407 3253 lnter
426 3198 648 3252 substantivum
669 3204 699 3253 st
718 3198 879 3253 articulum
899 3198 924 3261 (I
942 3214 971 3268 p.
990 3199 1015 3265 9,
1029 3198 1055 3252 5.
1075 3199 1116 3265 11,
1129 3198 1186 3253 68
1204 3197 1282 3262 (cod.

217 3269 265 3333 Al.
286 3270 327 3337 12,
348 3269 390 3324 19.
414 3270 458 3337 26,
478 3268 608 3337 Ilicet),
636 3270 726 3323 modo
755 3275 824 3339 post
851 3271 1075 3325 substantivum
1104 3269 1129 3331 (I
1147 3286 1175 3339 p.
1195 3268 1220 3337 b,
1240 3270 1283 3324 10.

219 3342 261 3405 11,
280 3340 298 3395 2
317 3342 394 3410 oet),
420 3341 595 3396 auctoritati
615 3342 720 3409 optimi
732 3341 852 3396 'oodiois
871 3347 917 3396 est
935 3341 1161 3411 astipulandum
1183 3342 1223 3407 (v.
1242 3340 1283 3394 ad

216 3410 317 3467 XVIII
337 3413 378 3481 15,
397 3412 426 3479 3)
498 3411 645 3482 ἐπεφήμιξι
665 3412 692 3465 D
767 3411 800 3466 17
818 3412 939 3481 οὐδαμοῦ
958 3412 990 3480 0,
1008 3414 1121 3483 μηδαμῆ
1139 3412 1211 3482 Ewp

163 3588 244 3655 (nam
265 3605 332 3645 cum
346 3590 517 3645 Blsdirnaro
532 3591 610 3645 duce
630 3606 743 3657 eorum,
763 3606 868 3645 sorore
881 3590 971 3645 Anna
990 3591 1089 3656 ducta,
1109 3590 1282 3644 affinitatem

163 3662 306 3717 iunxerat
320 3668 412 3731 atque
425 3662 539 3716 araxilia
552 3662 623 3716 inde
636 3663 848 3725 arcessiveratl
868 3663 1004 3716 hostibus
1017 3663 1105 3717 laoila
1124 3662 1283 3731 superatis,

162 3733 260 3801 ipsum
292 3732 473 3803 Delphinum
502 3740 622 3803 oapturn
653 3734 722 3803 palo
752 3733 855 3787 affixit.
897 3733 1016 3787 Deinde
1043 3733 1184 3802 Abydum
1214 3730 1326 3785 eurnll

162 3806 257 3857 tratre
276 3803 474 3859 Constantino
495 3805 707 3873 proficiscitur3
736 3819 805 3858 cum
824 3810 924 3860 autem
945 3806 1068 3874 utrique
1080 3804 1233 3859 exereitus
1251 3803 1282 3855 ln

163 3876 321 3944 procinctu
340 3880 463 3943 starent,
494 3881 523 3929 et
541 3876 659 3929 Phocus
678 3892 750 3929 suas
770 3877 874 3945 copias
898 3876 1082 3930 antecedens
1104 3889 1208 3943 regem
1228 3872 1283 3926 Ba·

162 3946 259 4000 silium
288 3962 367 4017 equo
392 3948 628 4001 circumventum
655 3947 792 4017 legiones
817 3948 1025 4002 cohortantem
1049 3946 1183 4010 vidisset,
1211 3946 1282 3999 totis
1293 3942 1328 3995 12

162 4018 289 4072 habenis
311 4018 429 4085 laxatis,
459 4032 538 4087 equo
563 4020 712 4072 concitato
732 4020 763 4071 in
783 4018 865 4072 illurn
886 4020 990 4084 sanun,
1019 4033 1055 4072 ao
1078 4022 1230 4087 prostrato
1249 4030 1282 4069 se

162 4092 225 4142 toto
244 4089 416 4143 discrimine
435 4090 501 4143 lore
521 4088 696 4143 defunctum
716 4095 810 4143 ratus.
848 4088 908 4144 Sed
927 4095 1090 4157 antequam
1113 4103 1184 4141 suos
1209 4087 1282 4140 mul·
1293 4086 1328 4139 13

161 4165 224 4214 tum
244 4161 463 4226 antecessisset,
485 4161 624 4215 allisum
645 4175 724 4229 equo
745 4160 922 4215 devolutum
945 4162 1055 4225 lerunt,
1080 4159 1139 4225 alii,
1163 4174 1230 4212 ounr
1250 4159 1282 4211 iu

161 4232 307 4285 tumulum
335 4232 487 4300 quendam
516 4231 697 4285 declinasset
720 4246 863 4301 equoque
887 4231 1101 4298 descendisset,
1129 4230 1212 4283 humi
1232 4244 1282 4283 ex·

160 4308 276 4356 tontum
287 4304 385 4357 statim
398 4318 453 4357 exs
475 4304 578 4366 tressa,
590 4303 640 4356 alii
652 4302 815 4371 aquodam
828 4305 984 4357 mortifero
998 4301 1125 4355 vulnera
1138 4300 1280 4354 affectum
1293 4297 1327 4351 14

160 4388 234 4427 esse.
254 4373 318 4428 Rex
328 4374 449 4443 quidem
455 4318 673 4429 Ilonstantinus
682 4374 805 4428 caedem
815 4376 880 4428 eius
888 4374 944 4428 sibl
955 4374 1130 4442 arrogabat,
1142 4371 1282 4426 ialsouti·
1293 4370 1327 4424 15

161 4458 228 4514 que,
243 4446 385 4515 quonium
398 4446 464 4500 eius
477 4460 589 4515 corpus
599 4445 793 4500 vulneratum
804 4460 955 4515 nusquam
967 4450 1012 4500 est
1021 4449 1183 4515 repertum.
1215 4441 1282 4511 Alii,
1292 4442 1327 4496 16
