3050 4775
591 445 754 501 Praelatio.
1178 443 1233 501 XV

109 623 216 689 labore
233 622 363 690 assiduo
380 622 558 707 defatigato
574 646 686 711 parum
704 630 855 691 accurate
869 626 968 692 verba
979 627 1145 711 scriptoris
1160 646 1232 711 pas

108 732 165 795 sim
179 738 314 796 exarata
326 733 412 812 sunt)
430 732 555 797 scribae
571 732 666 818 culpa
682 732 897 798 adulteratum
913 752 984 799 esse
999 738 1147 819 apparet,
1164 735 1228 816 qni-

108 838 164 901 bus
182 838 262 904 locis
277 858 319 904 ne
334 839 400 904 ulla
417 838 543 922 quidem
561 839 650 905 labes
666 840 755 907 libris
771 839 1003 906 recentioribus
1023 841 1065 906 sit
1088 860 1231 926 aspersa,

107 952 214 1010 tamen
239 966 298 1011 nos
322 945 451 1029 quidem
475 946 581 1012 facere
605 967 668 1011 non
691 967 868 1033 possumus,
905 949 981 1031 quin
1005 946 1047 1013 de
1070 946 1230 1013 Zonarao

106 1052 311 1119 elocutione
323 1074 452 1138 prorsus
464 1054 559 1120 aliter
573 1054 749 1121 indicemus
766 1076 805 1121 ae
822 1054 1016 1140 Dindorfius‚
1033 1057 1098 1139 qni,
1122 1076 1231 1139 quam·

105 1162 154 1224 ris
171 1160 331 1226 concedat
350 1160 439 1247 „eins
455 1163 631 1227 orationem
654 1163 761 1228 multis
785 1164 868 1247 aevi,
893 1184 956 1248 qno
975 1164 1118 1247 vivebat,
1143 1165 1231 1229 vitiis

105 1266 176 1350 [sic]
208 1288 280 1333 esse
308 1268 529 1354 depravatam,
563 1276 671 1337 tamen
695 1290 801 1356 pauca
826 1276 936 1336 censet
959 1270 1001 1336 de
1025 1271 1087 1336 hoc
1110 1290 1229 1355 genere

105 1394 177 1439 esse
201 1374 355 1459 tollenda,
380 1396 462 1459 quae
485 1396 525 1441 ne
548 1376 594 1441 illi
618 1376 748 1461 quidem
771 1379 894 1463 possint
917 1378 1026 1461 tribui,
1056 1378 1143 1444 velut
1166 1381 1229 1443 ἔσε-

104 1506 152 1545 ται
169 1502 229 1566 pro
245 1484 338 1566 ἔσται,
363 1531 416 1548 ...
431 1486 674 1569 βουληθήσομαι
690 1506 748 1570 pro
763 1487 961 1569 βουλήσομαι
984 1483 1067 1551 cet.“
1116 1484 1230 1562 Quem·

104 1589 280 1655 admodum
317 1592 399 1656 enim
438 1598 562 1659 constat
607 1594 747 1677 genuina
788 1593 886 1659 verba
915 1592 1054 1678 Polybii‚
1096 1599 1132 1658 nt
1168 1592 1230 1659 hoc

104 1698 254 1783 exemplo
270 1700 385 1764 iterum
401 1706 483 1781 utar,
508 1701 632 1767 restitui
655 1720 720 1766 non
742 1720 837 1785 posse
860 1700 921 1765 nisi
944 1719 986 1765 ex
1008 1700 1078 1785 ipso
1098 1700 1229 1785 scripte

104 1806 148 1871 ris
166 1826 236 1890 usu,
260 1807 430 1892 repudiata
452 1829 563 1874 norma
585 1808 640 1873 illa
664 1807 863 1891 quorundam
886 1809 1024 1874 virorum
1048 1807 1227 1891 doctorum,

104 1912 147 1977 ad
174 1932 268 1995 quarn
296 1914 403 1979 omnia
433 1914 571 1999 dirigere
601 1914 731 1981 student
744 1918 765 1999 ¹,
801 1914 848 1980 ita
872 1915 1029 1981 Zonaram
1057 1913 1229 1980 emendare

104 2042 170 2085 non
192 2041 370 2107 possumus,
394 2024 455 2088 nisi
478 2024 606 2109 optimis
631 2023 779 2089 codicum
803 2023 994 2089 testimoniis
1018 2023 1143 2089 collatis
1159 2042 1228 2108 per-

103 2135 251 2213 spectum
275 2129 429 2196 habemus
446 2130 658 2215 Byzantinum
682 2132 772 2197 illnm
795 2132 984 2216 scriptorem
1008 2136 1097 2196 tanto
1120 2128 1227 2196 studio

102 2234 244 2320 flagrare
269 2237 425 2322 variandi,
450 2244 484 2303 ut
501 2238 640 2304 omnium
656 2238 724 2304 fere
740 2238 940 2305 saeculorum
955 2258 1076 2321 genera
1100 2237 1229 2302 confun-

103 2342 165 2409 dat
180 2351 349 2428 certasque
365 2344 495 2413 (licendi
511 2346 600 2432 leges
621 2346 782 2414 rarissime
802 2351 963 2430 sequatur,
988 2344 1133 2431 quamvis
1149 2346 1228 2410 artis

104 2451 274 2518 cniusdam
289 2453 449 2520 oratoriae
473 2457 517 2536 (v.
535 2453 601 2519 ind.
626 2455 868 2520 annotationum
891 2473 916 2519 s.
934 2475 965 2519 v.
985 2452 1226 2535 ‘annominatia

102 2559 277 2644 chiasmus,
302 2561 480 2646 repetitio’)
502 2581 566 2628 non
589 2560 632 2626 sit
656 2581 780 2646 expers.
827 2561 898 2626 Etsi
921 2561 1019 2644 igitur
1042 2581 1060 2625 e
1080 2559 1227 2625 codicum

102 2667 298 2752 optimorum
322 2687 477 2734 consensu
500 2669 678 2734 luculenter
701 2675 838 2754 apparet
860 2705 905 2715 -
926 2669 1025 2734 liceat
1047 2667 1125 2732 milri
1150 2667 1180 2731 h.
1205 2667 1226 2731 l.

101 2775 257 2840 nonnulla
269 2775 384 2842 afferre
397 2777 554 2862 exempla,
579 2797 651 2842 eum
663 2776 822 2862 permulta
834 2774 876 2841 de
887 2777 1033 2842 Zonarae
1046 2773 1227 2840 elocutione

101 2884 137 2948 in
162 2885 370 2950 annotatione
394 2884 507 2950 critica
530 2883 822 2970 explicaverimus²
838 2921 882 2929 —
900 2885 1058 2949 Zonaram
1079 2884 1113 2946 in
1136 2881 1228 2947 adhi-

195 3060 207 3099 ¹
226 3061 353 3118 Carolus
365 3063 585 3129 Krumbacher‚
604 3065 652 3118 vir
670 3064 708 3118 de
727 3063 820 3118 rebus
839 3062 1015 3132 Byzantinis
1034 3075 1151 3116 summe
1168 3075 1227 3115 me·

100 3152 190 3216 ritae,
209 3153 314 3207 scribit
333 3151 477 3218 (Studien
496 3169 520 3207 a.
541 3153 569 3207 d.
590 3154 661 3223 Lep.
681 3153 710 3207 d.
730 3150 798 3207 seit.
816 3152 958 3206 Theonoe.
977 3149 1225 3220 Sitzunpabern.

97 3238 330 3311 philoaplailol.
350 3259 380 3297 u.
401 3240 506 3297 histor.
528 3243 630 3298 Classe
650 3243 678 3296 d.
702 3243 728 3296 le.
749 3243 852 3313 boyer.
872 3240 968 3295 Alcaei.
989 3241 1018 3294 d.
1043 3237 1131 3294 Wiaa.
1150 3239 1227 3292 1892

101 3347 133 3400 p.
154 3329 218 3398 265)
237 3331 327 3386 haec:
363 3331 478 3387 'Salvom
498 3329 545 3386 bei
563 3329 706 3402 Polybiou
725 3329 767 3386 iet
787 3346 862 3385 maa
880 3332 955 3385 tiber
972 3330 1099 3384 manche
1117 3327 1227 3399 Eiqen·

101 3417 166 3472 neit
178 3435 289 3475 ausser
301 3419 365 3476 sicle
378 3423 503 3491 perutea
514 3421 581 3476 aad
593 3421 646 3475 leat
659 3421 756 3475 durch
770 3420 974 3491 auspedelmte
983 3416 1226 3474 emendationem

101 3507 189 3563 aeine
206 3509 342 3578 Spraelte
361 3510 425 3580 auf
439 3511 496 3566 dae
511 3510 632 3566 Niveau
651 3511 706 3564 der
718 3506 983 3580 Noevnalprlteitttt
1001 3525 1038 3563 aa
1057 3508 1226 3563 aeleraubeo

99 3599 237 3668 pemati.
276 3597 555 3656 Glttckliclterweiae
574 3599 616 3656 ist
633 3597 682 3654 elie
695 3596 911 3669 Haltlosipleeit
924 3599 977 3652 dea
995 3595 1227 3652 mechaniecliea

107 3687 305 3756 Ver-falmana,
334 3689 433 3744 derret
459 3690 583 3744 welches
611 3689 698 3744 Cobet
724 3688 792 3744 aad
820 3688 933 3742 andere
958 3686 1130 3741 Holletader
1157 3687 1226 3740 dem

99 3778 186 3832 nacla
208 3775 292 3832 ihrer
310 3777 438 3834 Anatolii
461 3779 603 3834 bodemloe
626 3779 832 3833 verdorbeoen
855 3778 944 3832 Teate
966 3777 1127 3847 aufoafea
1145 3777 1225 3830 woll-

99 3872 162 3935 ten‚
184 3867 306 3923 alsbald
325 3869 423 3923 durch
440 3867 489 3923 die
502 3869 703 3938 Eotdecleoop
717 3868 770 3922 dea
783 3865 1024 3938 Hiatuaqeeetzea
1042 3865 1109 3919 aad
1127 3864 1225 3919 durch

99 3957 155 4012 ein
174 3971 342 4028 penauerea
355 3956 500 4014 Stadium
513 3959 569 4013 der
581 3957 825 4027 Haodscltris'ten
844 3973 878 4012 ao
897 3955 1063 4026 aehlapead
1081 3952 1226 4010 emoieaea

100 4047 240 4114 worden,
259 4047 334 4103 daea
353 4045 419 4102 aiae
433 4045 627 4104 Wa'ederleeler
645 4045 745 4102 dieser
764 4045 1124 4101 Emendatiooametltode
1142 4043 1226 4099 nicht

98 4137 192 4192 mear
209 4153 248 4191 zu
266 4137 442 4207 bastirelttea
460 4135 522 4193 iet’.
565 4136 706 4192 Ceterum
732 4137 838 4206 quanti
863 4135 1004 4191 ducenda
1028 4135 1088 4188 sint
1105 4133 1224 4202 Polybii

99 4227 216 4282 editori
240 4229 471 4298 inscriptionum
495 4232 526 4283 et
545 4242 731 4298 papyrorum
752 4227 924 4281 testimonia
943 4223 1061 4293 Polybii
1086 4222 1225 4292 tempori-

99 4317 163 4370 bus
183 4319 417 4387 compositorum
437 4321 563 4382 constat,
583 4319 639 4372 etsi
658 4331 713 4372 nos
732 4317 823 4386 plane
842 4315 1021 4370 confitemur
1038 4311 1169 4366 nunciis
1182 4311 1225 4364 ni·

99 4407 196 4460 mium
216 4406 343 4462 concedi
361 4407 582 4462 anctoritatem.

195 4493 207 4532 ²
226 4495 266 4552 Ut
285 4497 394 4566 omnia,
414 4511 494 4568 quae
514 4495 553 4553 de
571 4511 686 4568 genere
700 4495 821 4550 dicendi
834 4493 970 4550 Zonareo
983 4493 1015 4546 in
1028 4489 1226 4544 annotatione

1012 4577 1029 4615 e
