3050 4775
293 438 347 502 ιιι
566 434 703 499 toute
722 436 822 496 mm.
842 432 1136 508 strumis-ot.

138 624 462 707 wintstbopdrov
477 622 665 706 ἐπινενόητο,
687 622 725 685 τά
747 622 900 705 ὕπέρτιμα
924 620 1007 704 λέγω
1030 618 1083 684 καί
1105 618 1142 683 τὰ
1165 617 1335 701 ὖπὲρπλεα,
1358 614 1412 681 καί

294 726 402 791 ἄλλοτε
424 727 511 791 ἄλλοι
537 726 648 809 τρόποι
676 727 832 809 ίπηρειῶν
860 724 940 788 κατὰ
969 728 1033 787 τῶν
1059 722 1215 807 ὑπηκόων
1243 720 1509 803 &otyor-romi}

251 832 349 895 2οιιαί
377 830 444 913 ίερά
473 826 501 893 θ’
526 828 690 912 ἀφῄρηντο
713 830 750 891 ἐκ
773 828 872 892 θείων
894 832 992 891 ναῶν.
1039 824 1131 897 οὗτος
1153 826 1172 889 ὁ
1194 824 1338 907 βασιλεὺς
1361 823 1414 887 καί

295 933 331 998 τό
357 932 494 1016 νόμισμα
523 932 807 1015 κεκιβόηλενμίνον
833 929 920 1013 παρὰ
948 934 1012 993 τῶν
1043 928 1107 1011 πρὸ
1139 928 1235 992 αὐτοῦ
1268 925 1414 1011 εὑρηκὼς

295 1036 430 1119 χάλκεον
457 1035 557 1109 ἔθετο,
588 1031 618 1116 ᾦ
642 1035 685 1105 είς
707 1033 744 1096 τά
768 1040 821 1117 τῆς
848 1032 1004 1115 βασιλείας
1032 1032 1182 1115 ἐκέχρητο
1211 1029 1440 1111 ἀναλώματα,5

296 1136 369 1208 τοὺς
392 1138 428 1201 όέ
450 1161 485 1219 γε
507 1137 630 1219 φόρους
653 1135 704 1199 oui
730 1137 890 1219 χρυσίνων
919 1135 1063 1217 δοκίμων
1091 1134 1274 1215 εἰσέπραττε,
1305 1137 1350 1215 πῇ
1381 1130 1416 1193 δι’

297 1264 332 1323 γε
354 1239 409 1303 καί
437 1234 475 1303 δι’
500 1240 625 1322 ἑτέρων,
657 1240 817 1322 χρυσίνων
844 1237 903 1321 μὲν
930 1236 1096 1319 κάκείνων,
1129 1232 1193 1299 ἀλλ’
1218 1234 1414 1319 ἡμιχρύσων,

206 1352 235 1407 Ι)
253 1352 287 1406 21
298 1345 359 1407 ἔστι
382 1342 412 1405 θ’
435 1338 475 1405 οὗ
502 1342 557 1405 καὶ
579 1341 630 1405 td
652 1346 717 1405 τῶν
744 1340 890 1425 χαλκέων
919 1339 1141 1423 ίόασμοφόρει.
1186 1338 1264 1401 ὅθεν
1295 1336 1415 1420 χαλκοῦ

299 1444 450 1527 δεόμενος
476 1443 619 1513 πλείονος
640 1441 714 1513 τοὺς
736 1441 871 1525 ὀβολοὺς
902 1442 946 1512 είς
973 1442 1111 1525 νόμισμα
1138 1440 1336 1525 μετετύιιωσε
1362 1436 1419 1503 καί

297 1570 364 1611 τινα
389 1552 455 1611 τῶν
478 1546 641 1629 όημοσίων
663 1546 778 1627 ἔργων,
801 1549 865 1607 τῶν
887 1544 1181 1627 χαλκουργημάτων
1203 1542 1296 1625 φημί,
1318 1564 1415 1605 κατα·
1429 1554 1462 1607 10

299 1650 421 1721 σπάσας
443 1650 486 1719 είς
508 1655 662 1731 στατῆρας
684 1649 842 1729 συνέκοψε
864 1647 919 1710 καί
940 1648 1013 1718 νέας
1037 1647 1169 1718 δεκάτας
1192 1646 1352 1710 uanos.

254 1764 290 1819 22
383 1752 540 1835 Ἐγείνατο
562 1752 597 1815 dd
615 1752 787 1834 θυγάτριον
802 1752 821 1833 ι)
838 1750 1006 1833 Αὐγούστα
1021 1757 1068 1832 τῷ
1082 1750 1210 1833 βασιλεῖ,
1234 1749 1312 1831 ὅπερ
1321 1748 1418 1812 Ἄννα

299 1856 477 1939 ὠνομάσθη
510 1855 561 1919 διὰ
593 1854 649 1937 τὴν
677 1855 913 1936 πατρομήτορα,
946 1851 997 1935 ἐφ’
1020 1850 1042 1936 ᾖ
1069 1852 1123 1916 τὸν
1154 1858 1208 1935 τῆς
1238 1851 1420 1935 βασιλίσσης

299 1959 430 2042 Μαρίας
453 1957 523 2021 υίὸν
545 1956 784 2021 Κωνσταντῖνον
810 1962 864 2040 τῆς
893 1956 927 2030 ἐξ
945 1955 1086 2020 Ἀλανῶν
1109 1954 1128 2019 ό
1150 1954 1294 2038 βασιλεὺς
1321 1954 1418 2037 ίμνη-

255 2074 291 2129 23
299 2063 460 2127 στεύσατο·
489 2061 609 2124 ἐκείνου
634 2056 662 2123 d'
687 2058 737 2122 ἐπί
758 2065 796 2143 τῇ
819 2059 967 2142 μνηστείᾳ
989 2058 1045 2142 τὴν
1068 2057 1156 2141 ζωὴν
1178 2056 1420 2129 καταλύσαντος,
1432 2073 1466 2126 15

301 2166 348 2236 ὡς
371 2164 474 2248 ὡραία
498 2162 603 2245 γάμου
626 2164 645 2245 ἡ
669 2162 813 2245 θυγάτηρ
837 2162 970 2243 ἐγεγόνει
992 2168 1039 2243 τῷ
1061 2160 1178 2235 άναιιτι,
1201 2160 1339 2244 νυμφίον
1354 2160 1419 2223 ἔτε-

299 2291 358 2350 ρον
380 2265 428 2330 ἐπ’
453 2266 532 2349 αὐτῇ
555 2264 738 2347 είσῳκίσατο
760 2264 816 2327 τὸν
836 2264 936 2345 μείζω
959 2268 1023 2327 τῶν
1046 2264 1125 2328 υἱῶν
1147 2262 1339 2346 Νικηφόρου
1362 2268 1421 2325 τοῦ

301 2369 484 2454 Βρυεννίου,
516 2370 554 2433 δν
576 2368 595 2432 ὁ
620 2366 716 2450 λόγος
742 2368 904 2451 προίφηνε
932 2372 969 2451 τῇ
998 2366 1155 2452 τυραννίδι
1183 2366 1421 2451 ἐπιχειρήσαντα

300 2613 396 2682 ducet
414 2620 467 2668 τῶν
486 2615 556 2676 (om.
574 2613 608 2672 Ε)
627 2611 800 2682 νομισμάτων
819 2612 988 2680 (νομίσματος
1007 2611 1043 2680 Ε)
1063 2609 1111 2668 ΟΕ
1236 2609 1271 2666 12
1287 2611 1347 2681 πιρί
1365 2617 1421 2666 τῶν

300 2687 456 2755 θυγατέρων
474 2691 521 2739 τοῦ
537 2685 667 2754 βασιλέως
685 2685 731 2738 καὶ
749 2690 803 2738 τῶν
821 2685 888 2738 νίῶν
906 2683 952 2738 καί
970 2689 1022 2738 τῶν
1035 2682 1078 2738 bri
1090 2683 1235 2754 θυγατράσι
1248 2685 1376 2754 γαμβρῶν
1395 2683 1421 2739 C

357 2919 371 2974 1
390 2919 475 2989 λόγων
492 2918 520 2972 D
622 2919 640 2974 2
657 2920 787 2989 ὑπηκόων
806 2917 907 2990 ΛΕιιρ
929 2917 1014 2988 Giyo.
1034 2935 1062 2989 p.
1078 2917 1139 2987 620,
1160 2917 1201 2987 15,
1220 2918 1374 2988 ἀνθρώπων
1392 2916 1419 2972 O

355 2991 463 3046 3t50
553 2992 579 3046 3.
597 2992 616 3045 4
633 2991 679 3045 καί
697 2991 726 3044 τὸ
743 2993 860 3060 νόμισμα
879 3006 935 3044 om.
956 2990 978 3045 C
1076 2991 1361 3060 λκεκιβθηλευμλνων
1380 2989 1419 3059 p*

355 3063 512 3131 θόοιιίμων
529 3069 639 3132 χρυσῶν
657 3061 685 3115 Ι)
756 3062 943 3130 8σῦ1οὕνΒ
1015 3062 1137 3130 χάλκιων
1156 3061 1184 3115 Ι)
1257 3063 1291 3116 12
1312 3063 1421 3130 Ιγείνατο

356 3133 379 3190 0
453 3136 486 3189 13
503 3134 521 3204 ἥ
540 3135 576 3204 A,
594 3133 618 3188 ὧ
637 3134 734 3206 Rtwp)
830 3133 863 3187 16
882 3135 898 3202 ἡ
918 3134 1037 3203 θυγάτηρ
1057 3139 1128 3188 ante
1147 3135 1232 3204 ὡραῖα
1251 3135 1312 3202 (sie,
1331 3137 1366 3186 ut
1384 3132 1421 3200 B)

356 3207 388 3260 in
406 3221 502 3276 marg.
522 3207 619 3276 suppl.
639 3205 662 3261 C
744 3205 777 3261 17
795 3205 869 3274 αὐτῷ
888 3202 931 3259 Di
949 3205 1052 3260 invitis
1071 3205 1152 3260 ARw
1253 3205 1298 3260 τὸν
1316 3204 1374 3258 υἱὸν
1393 3203 1421 3256 D

391 3279 582 3347 νικηφόρονΕ
665 3277 722 3346 τοῦ]
740 3285 795 3332 τῶν
834 3275 850 3309 *
936 3278 970 3332 18
987 3279 1124 3348 βρυιννίσυ
1172 3275 1271 3349 νιρῦί,
1288 3278 1423 3348 βριεννίου

357 3350 390 3419 Ε,
408 3352 531 3422 βρνινίου
550 3348 602 3404 ΑΟ
672 3293 936 3419 προίφηνεΓΧνΙῙΙ
956 3348 999 3418 19,
1018 3349 1036 3403 2

304 3592 477 3650 nominibus
501 3593 682 3662 excogitatis
707 3609 744 3648 ea
767 3593 938 3664 hypertima
959 3598 990 3648 et
1008 3593 1174 3665 hyperples
1193 3593 1373 3651 dicebantur
1392 3601 1424 3652 et

305 3667 382 3720 siiss
400 3665 450 3718 olii
470 3666 666 3720 vexationum
687 3665 768 3719 modi
788 3666 1027 3734 reperiebantur,
1047 3665 1100 3721 sed
1118 3673 1148 3721 et
1167 3666 1295 3722 donaris
1315 3683 1332 3723 e
1351 3673 1424 3724 tem·

260 3738 363 3809 20piis
381 3738 609 3791 auferebantur.
645 3737 703 3791 Hic
721 3752 776 3790 rex
797 3751 864 3790 oum
884 3737 1011 3790 solidum
1032 3753 1051 3790 s
1070 3737 1281 3794 decessoribus
1296 3741 1358 3794 suis
1372 3741 1425 3794 ud-

305 3810 468 3864 uiteratum
487 3809 677 3879 repperisset,
705 3813 835 3862 sensum
854 3809 933 3875 fecit,
961 3823 1021 3876 quo
1041 3810 1071 3862 in
1091 3811 1179 3880 regni
1198 3813 1341 3881 expensis
1359 3815 1426 3866 ute·

306 3886 402 3949 retur3
430 3882 462 3934 in
485 3880 687 3949 vectigalibus
710 3895 784 3934 vero
808 3879 920 3949 probos
943 3895 1054 3934 eureos
1076 3881 1229 3950 exigebat,
1257 3883 1424 3952 sliqusndo

261 3953 295 4008 21
307 3953 399 4008 etism
421 3966 559 4006 nummos
582 3953 777 4019 semisureos,
804 3951 957 4006 interdum
982 3955 1102 4006 aeneos.
1139 3950 1214 4006 (ium
1237 3955 1332 4023 igitur
1350 3969 1426 4010 sere

306 4024 466 4093 indigeret,
493 4038 533 4078 ex
561 4023 658 4078 obolis
686 4037 825 4077 nummos
853 4023 924 4077 feeit
952 4027 982 4078 et
1007 4039 1100 4093 opero
1124 4024 1275 4093 quoedsm
1300 4027 1427 4095 publiea

307 4100 404 4150 senes
423 4095 582 4163 destruxit,
609 4101 644 4149 ut
664 4099 793 4150 stateres
815 4093 886 4149 inde
909 4095 1034 4150 cuderet
1053 4111 1212 4164 novasque
1231 4095 1363 4152 decimos
1382 4099 1427 4152 in-

307 4169 455 4223 stitueret.

262 4241 298 4294 22
395 4240 509 4308 Puello,
528 4253 618 4308 quom
632 4237 774 4308 Augusta
787 4243 956 4309 pepererat,
975 4235 1064 4292 Anno
1078 4244 1123 4293 ost
1135 4239 1288 4309 appellato
1301 4245 1427 4311 propter

262 4313 298 4367 23
308 4315 408 4368 oviam
428 4318 458 4367 et
476 4313 627 4381 desponsa
646 4309 852 4379 Constantino,
872 4311 932 4364 filio
952 4311 1078 4380 reginae
1092 4309 1207 4365 Mariae
1219 4309 1343 4379 Menoe,
1363 4327 1426 4382 quo

308 4391 380 4439 ante
397 4386 519 4453 nuptias
538 4387 658 4437 mortuo
677 4381 805 4436 eundem
825 4383 884 4436 iam
904 4381 1037 4436 nubilem
1056 4381 1117 4438 filio
1134 4387 1209 4436 natu
1221 4383 1328 4438 maiori
1341 4382 1428 4439 Nise-

309 4456 395 4528 pbori
410 4455 562 4524 Bryeooii,
581 4470 671 4524 quem
684 4469 778 4523 supro
792 4454 923 4510 diximus
937 4456 975 4509 ob
990 4469 1117 4524 reguum
1137 4455 1312 4511 affectatum
1332 4456 1428 4510 fuisse
