3050 4775
272 391 326 455 sss
539 392 677 461 tortas.
696 391 795 460 seir.
814 390 868 461 xi
888 394 930 476 ιο,
948 390 1063 477 sr-ri,
1083 394 1125 463 11.

271 592 382 652 τοῦτον
404 587 568 670 δεξάμενοι
589 586 752 672 βασιλικὴν
778 588 895 652 ταινίαν
923 590 1011 671 αὐτῷ
1039 589 1229 672 περιέθεντο,
1262 585 1316 652 καί
1346 582 1392 658 ὥς

271 690 415 773 βασιλεὺς
441 690 643 774 άνηγόρευτο,
677 692 706 755 εί
730 691 785 754 καλ
810 691 912 774 μηθὲν
940 693 1029 775 αὐτῷ
1051 692 1130 757 κατὰ
1154 690 1276 757 σκοπὸν
1297 714 1391 773 προε-

271 793 409 877 χώρησε.

227 897 263 955 23
363 896 426 979 Τῆς
448 896 483 960 θλ
505 896 576 979 περί
592 902 657 961 τῶν
667 897 816 979 Ἀράβων
839 899 1008 981 φροντίδος
1030 898 1240 980 ἀπαλλαγεῖσα
1264 895 1314 961 tad
1336 895 1392 978 τὴν

272 1000 398 1082 εἰρήνην
421 1001 440 1082 ἡ
463 999 582 1082 βασιλὶς
604 999 718 1082 ἐξῆλθε
740 998 798 1063 σὺν
820 1008 867 1083 τῷ
889 1002 951 1084 υἱῷ
977 1001 1056 1065 κατὰ
1084 999 1225 1083 Θρᾴκην,
1260 999 1420 1081 ῦῦναμίνῖ)

227 1106 263 1161 24
271 1126 303 1165 τε
324 1102 444 1184 πολλὴν
470 1102 678 1185 ἐπισυρομένη
707 1102 762 1165 καλ
792 1102 912 1185 ὄργανα
939 1104 1091 1186 μουσικά·
1124 1104 1177 1167 καί
1208 1102 1391 1166 ἀπελθοῦσα

271 1205 315 1275 είς
329 1203 455 1287 Βεράην
477 1204 531 1267 καλ
553 1203 588 1267 τὸ
611 1204 645 1267 ἒν
662 1205 741 1289 αὐτῇ
757 1206 914 1289 φρούριον
930 1206 1208 1289 άνοικοθομήσασα
1224 1205 1277 1269 καλ
1291 1204 1390 1288 Εἰρη-

111 1305 398 1369 Ρ11116Ανόπολιν
420 1306 497 1369 αὐτὸ
519 1306 713 1390 ὀνομάσασα,
746 1308 823 1371 ἀλλὰ
851 1308 916 1391 μὴν
944 1309 997 1373 καί
1023 1310 1079 1393 τὴν
1098 1308 1260 1392 Ἀγχίαλον
1284 1307 1390 1389 δειμα-

269 1409 349 1493 μένη
372 1408 427 1471 καί
449 1409 512 1479 ἕως
539 1408 818 1481 Φιλιππουπάλεως
840 1412 1043 1495 προελθοῦσα
1068 1412 1250 1494 ὑπέστρεψε.

219 1518 257 1582 11
365 1512 431 1576 Τοῦ
448 1511 483 1575 δὲ
496 1512 691 1595 πατριάρχου
707 1512 842 1577 Παύλου
861 1515 1052 1598 νοσήσαντος
1073 1514 1127 1578 καί
1149 1522 1204 1599 τῆς
1226 1514 1391 1597 ἐκκλησίας
1403 1524 1440 1577 10

269 1615 538 1698 ὑποχωρήσαντος
559 1614 613 1677 καλ
628 1614 851 1697 ἀποκαρέντος,
873 1617 893 1700 ἡ
909 1617 1028 1700 βασιλὶς
1042 1616 1120 1699 μετὰ
1135 1624 1191 1681 τοῦ
1208 1618 1280 1680 υίοῦ
1296 1618 1391 1699 αὐτῆς

243 1716 450 1800 κπροσῆλθεν
477 1717 574 1799 αὐτῷ,
607 1717 784 1800 αἰτιώμενοι
813 1718 908 1783 αὐτὸν
935 1725 989 1803 τῆς
1016 1720 1262 1803 ὑποχωρήσεως.
1308 1718 1327 1782 ὅ
1356 1718 1391 1782 δὲ

269 1819 387 1882 “cide''
409 1817 474 1882 εἶπε
495 1818 600 1903 ’μηδὲ
622 1818 796 1903 τὴνάρχὴν
812 1820 862 1885 ἐπὶ
876 1827 931 1886 τοῦ
947 1821 1070 1903 θρόνου
1085 1829 1140 1906 τῆς
1155 1820 1391 1905 ἀρχιερωσύνης

270 1921 416 2004 ἐκάθισα,
447 1928 501 2004 τῆς
533 1922 700 2004 ἐκκλησίας
729 1925 983 2007 τυραννουμένης
1014 1925 1068 1987 καί
1100 1925 1268 2008 σχίσματος
1300 1925 1390 1994 ὄντος

243 2026 368 2107 3μέσον
391 2024 487 2106 αὐτῆς
508 2024 562 2087 καί
584 2030 649 2089 τῶν
671 2025 776 2089 ἄλλων
798 2026 984 2091 καθολικῶν
1010 2026 1176 2109 θράνων.”
1220 2025 1272 2091 εἶτ’
1296 2023 1439 2097 αῦθιςὶῖ)

270 2128 307 2191 ἐκ
328 2134 383 2210 τῆς
405 2127 579 2210 συγκλήτου
595 2128 733 2209 λογάδας
748 2129 931 2211 ἀπέστειλεν,
955 2129 1108 2212 ἐρωτῶσα
1131 2129 1189 2212 dm
1203 2132 1243 2193 ἂν
1258 2130 1301 2201 είς
1317 2128 1390 2192 θέαν

242 2230 506 2312 4οίκονομηθείη.
553 2230 572 2293 ὁ
595 2230 631 2294 δὲ
653 2230 842 2313 ἀπεκρίνατο
865 2232 912 2303 ὡς
933 2232 986 2295 “εί
1004 2232 1049 2315 μὴ
1068 2230 1118 2296 διὰ
1134 2232 1270 2296 συνόδου
1286 2232 1389 2296 καθα·

268 2332 357 2418 λαιῆς
378 2331 414 2396 τὸ
437 2332 567 2417 σφάλμα
592 2332 764 2418 θωρθωθῇ
786 2334 926 2399 καὶτῶν
949 2336 1124 2420 ἐκκλησιῶν
1145 2336 1284 2421 προβαίη
1309 2336 1389 2400 ἕνω-

271 2581 305 2637 10
322 2583 360 2636 ὅτι
378 2584 394 2636 ά
410 2582 575 2652 πατριάρχης
594 2582 703 2644 Παῦλος
719 2583 810 2653 ἐξίστη
832 2590 878 2653 τῆς
896 2583 1038 2654 ἐκκλησίας
1058 2583 1105 2640 ΟΕ

322 2817 340 2873 2
358 2824 426 2891 post
443 2819 565 2890 doctioris
583 2821 653 2876 add.
672 2819 760 2881 αῦτοῖς
779 2819 897 2893 prDt'
1038 2826 1106 2892 post
1124 2819 1192 2876 κατὰ
1209 2819 1279 2876 add.
1298 2820 1343 2876 τάν
1361 2820 1388 2875 D

356 2893 545 2962 προςεχώρησε
564 2892 600 2960 Ι),
620 2907 697 2947 corr.
717 2893 769 2952 Dw
877 2893 894 2947 4
912 2891 972 2962 περί
991 2908 1048 2946 om.
1069 2893 1093 2948 Ο
1202 2895 1344 2963 φροντῖῦος
1364 2895 1389 2948 Ε

320 2963 338 3018 ὃ
357 2962 425 3018 κατὰ
440 2965 549 3035 θράκην
567 2964 615 3020 σῦν
633 2973 671 3034 τῷ
689 2966 741 3035 υἱῷ
761 2963 812 3020 CD
885 2964 1120 3034 ’λοίκοάομήσαοα
1140 2965 1164 3019 Ε
1236 2965 1288 3020 'is
1306 2965 1388 3020 καί-

320 3033 472 3105 ὀνομάσασα
490 3051 547 3092 0m.
566 3035 589 3090 B
698 3037 715 3091 9
734 3036 939 3105 φιλιπποῦαολιν
959 3036 981 3089 Ε
1091 3036 1122 3090 ll
1142 3035 1223 3106 αὐτῆς
1243 3052 1300 3092 om.
1320 3037 1343 3093 C

321 3106 356 3160 12
374 3109 516 3177 αἰτιωμένη
535 3107 588 3162 Bw
611 3106 788 3176 ,uissci'nmy
808 3107 872 3176 (sic)
893 3108 918 3162 E
973 3107 1007 3162 13
1025 3106 1081 3162 εἴθε
1095 3107 1199 3174 (οἰολΑ
1255 3108 1290 3163 15
1308 3109 1388 3178 αὐτῆς

321 3193 378 3304 0113.
390 3178 425 3269 ⁸D
488 3125 616 3306 Οείταλ)
725 3179 742 3233 6
760 3179 891 3249 ἐρωτῆσαι
912 3177 985 3250 Bwp
1082 3179 1115 3234 17
1135 3179 1343 3250 ολκανομηθῆναι
1364 3180 1388 3234 Ε

373 3273 401 3305 ια
420 3267 469 3305 om

220 3483 286 3539 rsa
305 3483 415 3554 quibus
443 3491 601 3557 susceptus
619 3489 651 3540 et
668 3484 755 3554 regio
776 3482 947 3540 diademate
967 3490 1093 3540 ornatus
1116 3489 1161 3540 est
1179 3499 1216 3539 sc
1234 3499 1289 3540 rex
1309 3485 1387 3540 saiu-

266 3560 355 3624 tatus‚
375 3559 515 3626 quamvis
534 3559 562 3612 ci
580 3556 654 3611 nihil
673 3572 711 3613 ex
730 3557 822 3610 animi
842 3557 992 3610 sententia
1010 3555 1196 3611 succederet.
1218 3591 1219 3596 κ

220 3627 256 3682 23
354 3627 473 3698 Regina
485 3626 617 3682 Arabico
637 3633 720 3682 metu
740 3643 912 3697 perpacem
932 3627 1074 3698 adempto
1095 3643 1162 3682 cum
1182 3627 1242 3682 fliio
1256 3628 1387 3698 magnis·

220 3699 327 3769 24que
345 3700 440 3768 copiis
458 3705 489 3754 et
508 3701 628 3753 musicis
648 3700 854 3753 instrumentis
873 3700 904 3752 in
923 3697 1084 3753 Thraciam
1104 3701 1186 3767 abiit,
1213 3715 1250 3753 ac
1268 3699 1387 3755 Beroen

265 3772 403 3840 profecta
423 3771 577 3826 castellum
597 3770 681 3825 urbis
707 3771 910 3824 instauratum
930 3769 1111 3840 irenopolim
1131 3770 1305 3841 appellavit,
1333 3771 1387 3826 sed

266 3849 295 3896 et
314 3841 494 3896 Anchialum
513 3842 686 3898 aedificavit
705 3848 736 3896 et
745 3841 977 3911 Philippopolim
996 3857 1094 3910 usque
1105 3857 1268 3912 progressa
1288 3842 1386 3897 rediit.

355 3914 398 3968 11.
435 3914 510 3969 Cum
529 3915 703 3984 patriarcha
721 3913 836 3966 Paulus
865 3912 970 3968 morbo
1000 3914 1127 3968 affectus
1147 3913 1185 3968 ab
1206 3912 1334 3968 ecclesia
1352 3929 1386 3968 se

265 3986 468 4039 subtraxisset
486 3991 516 4040 et
528 4001 616 4039 rasus
636 3990 724 4051 esset,
744 3985 853 4054 regina
873 3999 941 4037 cum
960 3984 1020 4039 filio
1041 3987 1265 4040 cumconvenit
1284 3986 1322 4040 ob
1342 4000 1386 4040 sc-

237 4056 382 4110 2cessum
410 4057 647 4127 expostulantes.
684 4054 724 4110 At
751 4055 801 4109 ille
825 4055 995 4111 “Utinam''
1021 4057 1120 4125 inquit
1146 4057 1326 4125 “nunquam
1354 4058 1385 4110 in

266 4129 459 4197 pontificatus
487 4128 563 4182 solio
592 4128 803 4194 consedissem,
833 4127 962 4182 ecclesie
988 4127 1151 4196 tyrannide
1181 4141 1329 4198 oppressa
1355 4135 1406 4183 et-

237 4200 388 4254 3dissidio
408 4201 567 4254 inteream
588 4206 617 4254 et
636 4199 885 4253 aliascatholices
905 4199 992 4253 sedes
1012 4199 1106 4252 ortc.”
1142 4198 1260 4254 Deinde
1279 4213 1385 4254 rursus

264 4271 392 4326 selectos
410 4273 554 4326 senatorii
573 4271 686 4327 ordinis
697 4272 779 4325 viros
798 4270 837 4323 ed
852 4285 920 4324 eum
932 4271 1018 4337 misit,
1038 4271 1202 4338 sciscitans,
1223 4286 1283 4341 quo
1294 4279 1384 4341 pacto

236 4342 313 4399 ⁴ires
331 4343 388 4397 rite
407 4343 665 4397 administrandae
684 4346 792 4396 essent.
830 4341 907 4396 Tum
927 4341 975 4397 iile
994 4342 1078 4397 “Nisi
1099 4343 1216 4412 synodo
1236 4343 1385 4398 catholica

265 4418 398 4476 erratum
418 4419 586 4472 correctum
615 4419 645 4471 et
664 4413 811 4469 ecclcsiae
831 4413 995 4470 concordis
1015 4415 1153 4473 restituta
1178 4415 1279 4486 fuerit,
1307 4414 1384 4470 salsi
