3050 4775
492 345 705 409 consultu
723 345 933 409 urcundum.
1236 351 1272 411 23

149 542 207 603 τοῦ
231 536 302 601 υἱοῦ
326 535 539 618 δογματίσασα
561 534 615 599 καί
636 532 672 599 τδ
695 536 783 601 θεῖον
804 535 915 600 αὐτίκα
930 542 985 621 τῆς
998 537 1131 611 πίστεως
1146 540 1271 616 ἐξέδετο

5 640 68 694 *111
86 639 314 723 186σύμβσλσν
336 640 407 721 περί
428 646 484 703 τοῦ
506 638 625 722 πατρὸς
647 639 700 703 καί
722 645 779 703 τοῦ
802 641 872 702 υίοῦ
895 640 1115 724 δεολογήσασα
1134 646 1168 709 έν
1183 647 1274 729 αὐτῷ

149 742 203 806 καὶ
226 744 320 826 μέχρι
342 749 397 807 τοῦ
421 740 487 809 “od
510 749 564 825 τῆς
585 744 741 825 βασιλείας
764 744 824 807 οὐκ
847 745 930 809 ἔσται
951 745 1075 827 τέλος”,
1101 745 1137 811 τὸ
1159 749 1271 813 τούτου

148 846 237 917 τέλος
259 849 465 931 ποιησαμένη.
511 850 529 931 ἡ
554 845 614 930 γὰρ
636 846 785 929 περὶτοῦ
809 848 899 929 ἁγίου
921 848 1099 931 πνεύματος
1122 849 1270 932 θεολογία
1282 849 1316 905 19

119 950 311 1031 ὅμετέπειτα
339 952 515 1035 προσετέθη
544 950 577 1015 ἓν
603 956 641 1035 τῇ
669 951 800 1033 δευτέρᾳ
826 951 954 1034 συνόδῳ
979 957 1035 1036 τῆς
1060 952 1132 1034 περί
1158 954 1270 1019 τούτου

149 1054 321 1135 γενομένης
344 1055 512 1139 ζητήσεως,
535 1051 658 1137 ἣκατὰ
680 1051 888 1118 Μακεδονίου
910 1060 1053 1137 συνῆκτο.

239 1153 278 1221 Ὁ
301 1153 329 1220 δ’
353 1157 557 1229 ίσαπόστσλος
578 1158 787 1239 αὐτοκράτωρ
810 1155 861 1219 ἐπὶ
882 1162 919 1241 τῇ
941 1162 1006 1221 τῶν
1028 1158 1175 1241 πατέρων
1190 1156 1351 1242 spo-201³
1356 1153 1465 1212 ΠῙΟΑ

147 1260 220 1341 νσίᾳ
242 1260 352 1341 ἡσθείς
374 1260 529 1334 ἐδεξιοῦτο
552 1260 674 1331 αὐτούς.
720 1260 778 1323 καί
795 1282 890 1324 τινων
911 1266 966 1344 τῆς
988 1260 1068 1342 ὑπὲρ
1090 1267 1146 1326 τοῦ
1167 1270 1269 1347 σωτῆ-

148 1386 207 1445 ρος
231 1362 401 1445 ὁμολογίας
429 1363 592 1447 φερόντων
618 1362 655 1426 τὰ
683 1363 831 1445 στίγματα
860 1363 893 1425 ἀν
918 1368 982 1434 τοῖς
1008 1364 1145 1447 σώμασι,
1173 1390 1269 1448 κατη-

101 1465 139 1521 10
148 1465 286 1539 σπάζετο
312 1465 349 1529 τὰ
375 1466 590 1549 πεπηρωμένα
617 1466 738 1531 τούτων
766 1466 844 1549 μέλη
873 1464 926 1529 καί
952 1465 1049 1548 μόρια
1076 1467 1130 1531 καί
1157 1467 1271 1540 αὐτοὺς

148 1565 200 1629 διὰ
228 1566 284 1637 τὰς
317 1568 476 1649 πηρώσεις
509 1568 614 1631 αὐτῶν
640 1566 819 1650 ἐμακάριζ.
870 1568 1032 1632 δοθέντων
1059 1569 1094 1633 δὲ
1120 1570 1270 1653 λιβέλλων
1279 1566 1312 1621 21

147 1670 239 1751 αι’πῷ
261 1670 341 1733 κατά
363 1693 458 1733 τινων
480 1669 671 1751 ἐπισκόπων,
695 1664 760 1734 οὔτ’
785 1670 907 1752 ἀνέγνω
928 1672 1057 1743 τούτους
1072 1668 1137 1735 οὔτ’
1154 1674 1197 1744 είς
1213 1674 1267 1756 ζή-

147 1795 234 1853 τησιν
255 1774 394 1855 ἤνεγκεν,
419 1768 484 1837 ἀλλ’
501 1773 636 1837 ἐνώπων
652 1773 800 1837 ἁπάντων
815 1772 891 1854 πυρί
906 1772 1020 1843 αὐτοὺς
1035 1774 1268 1857 ἀπετέφρωσεν,

148 1872 287 1939 ἐπειπὼν
310 1876 356 1940 δτι
378 1875 467 1940 “adv
493 1876 647 1958 αὐτόπτης
674 1875 827 1958 ἐγενόμην
855 1874 1026 1958 ἀρχιερέως
1053 1876 1136 1948 τινὸς
1164 1878 1268 1959 ἁμαρ-

101 1978 305 2059 laturarios,
334 1984 372 2061 τῇ
399 1978 571 2061 πορφυρίδι
597 2002 662 2061 μου
685 1980 724 2041 ἂν
747 1976 843 2041 αὐτὸν
866 1978 1103 2061 συνεκάλυηια.”
1147 1979 1269 2044 ἐκεῖθεν
1278 1979 1313 2033 22

147 2082 191 2151 εἰς
213 2079 250 2144 τὸ
272 2076 348 2163 παρ’
373 2081 470 2145 αὐτοῦ
493 2080 618 2145 κτισθὲν
639 2080 794 2163 βασίλειον
816 2080 893 2143 ἀστυ
914 2078 987 2151 τοὺς
1007 2081 1115 2153 δείους
1130 2081 1269 2153 ἐκείνους

143 2184 336 2266 μεταγαγὼν
357 2186 495 2265 πατέρας
517 2183 570 2248 καί
592 2189 647 2267 τῆς
669 2183 704 2257 ἐξ
726 2183 833 2246 αὐτῶν
855 2182 996 2264 εὐλογίας
1024 2183 1164 2257 ἀξιώσας
1190 2184 1267 2248 αὐτὸ

144 2286 201 2350 καὶ
223 2287 483 2371 χειροτονηθῆναι
499 2286 744 2369 παρασκευάσας
759 2286 793 2350 ἀν
808 2285 897 2367 αὐτῷ
913 2283 1058 2369 δεύτερον
1072 2286 1301 2379 πατριάρχηνΒ

145 2501 163 2556 'I
182 2503 258 2561 ὅπως
275 2489 383 2570 ίτίμησε
400 2498 461 2561 τοὺς
480 2501 568 2572 ἁγίους
586 2500 698 2570 πατίρας
717 2502 734 2554 ό
749 2501 875 2571 βασιλεύς
894 2500 941 2557 GE

201 2717 220 2770 ³
239 2717 293 2770 ἔστι
311 2716 339 2769 Ι)
479 2721 547 2786 post
565 2716 636 2776 τέλος
655 2715 723 2771 add.
743 2716 790 2772 καί
807 2715 844 2778 είς
863 2715 893 2770 τὸ
909 2723 1014 2784 πνεῦμα
1032 2713 1061 2770 τὸ
1079 2716 1154 2784 δγισν
1171 2715 1269 2786 Bpr

202 2788 220 2841 6
240 2795 287 2843 τοῦ
306 2791 378 2843 ante
394 2789 556 2854 μακεδανίου
575 2787 644 2842 add.
665 2789 688 2842 l]
810 2789 828 2843 8
868 2794 915 2843 ost
933 2809 1012 2842 τινων
1031 2786 1101 2841 edd.
1120 2795 1173 2842 τῶν
1192 2787 1249 2842 Dw

240 2867 286 2929 τῆς
295 2859 360 2926 ὑπὲρ
373 2857 436 2928 AR,
455 2860 519 2928 δπίρ
530 2867 575 2929 τῆς
585 2858 713 2929 prDt',
734 2857 819 2915 Cedr.
840 2804 901 2928 Ipp.
920 2859 1007 2927 501,1
1027 2858 1072 2915 διὰ
1090 2858 1137 2927 τὴν
1155 2860 1192 2919 τίς
1204 2861 1271 2926 Χρι·

203 2931 265 2985 στὸν
285 2933 425 2999 δγισλσγίαν
442 2939 517 2986 ταῦτα
534 2933 681 2986 πεπόνθασι
762 2931 780 2985 9
799 2932 919 2998 σώμασιν
936 2929 1071 2999 prDt'‚
1091 2947 1119 2984 V.
1139 2931 1179 2984 ad
1198 2929 1271 2984 XIII

203 3003 257 3068 1‚5
314 3003 348 3057 10
365 3003 467 3058 τούτων
477 3001 567 3058 om.C
620 3003 722 3071 μεγάλη
730 3002 767 3070 D,
781 3019 858 3056 corr.
869 3001 921 3060 Dw
976 3001 1064 3056 11.1a
1081 3002 1269 3070 ίμακάριζε-

202 3075 358 3200 dyadis}
376 3090 434 3129 om.
453 3075 477 3129 E
585 3074 619 3129 13
637 3075 760 3130 ἁπάντων
779 3071 890 3143 Apr,
908 3073 1040 3128 αάτῶνΕ
1158 3071 1192 3127 15
1210 3073 1271 3128 ἀπε·

203 3167 222 3200 κ
257 3167 316 3215 υηια

148 3362 189 3416 de
209 3361 305 3430 patris
324 3365 354 3415 et
373 3361 424 3414 lilii
444 3360 602 3417 divinitate
614 3358 800 3428 disserendo,
820 3375 883 3415 non
895 3359 976 3414 ultra
988 3359 1063 3412 illud
1075 3374 1272 3430 progressum

147 3431 262 3488 “Cuius
281 3433 368 3502 regni
387 3447 451 3486 non
470 3433 526 3486 erit
548 3432 632 3487 finis”
655 3437 748 3501 atque
769 3433 801 3484 in
825 3446 861 3485 eo
885 3429 981 3485 desiit.
1018 3429 1094 3486 Nam
1118 3430 1272 3500 theologia
1284 3425 1317 3478 19

149 3503 189 3558 de
209 3504 318 3573 spiritu
338 3507 444 3559 saneto
463 3503 589 3574 posthae
606 3502 787 3558 insecundo
801 3502 928 3556 concilio
943 3506 1048 3556 eontra
1061 3501 1273 3558 Macedonium

150 3579 351 3645 congregato,
371 3590 408 3629 ea
428 3577 606 3644 quaestione
625 3576 751 3644 agitata,
771 3575 892 3628 adiecta
911 3579 964 3627 est.

241 3645 283 3700 At
305 3647 470 3716 Imperator
493 3661 548 3716 par
576 3647 729 3716 apostolis,
758 3650 879 3713 patrum
908 3644 1071 3698 concordia
1097 3639 1319 3708 dolectatus,20

151 3719 293 3774 dextram
313 3718 356 3772 eis
376 3719 520 3787 porrexit.
557 3716 658 3786 Atque
678 3716 879 3785 quorundam,
900 3716 951 3784 qui
971 3722 1059 3769 notas
1074 3715 1273 3769 corifossionis

151 3789 191 3846 de
210 3790 365 3844 salvatore
384 3789 415 3842 in
436 3789 613 3858 corporibus
635 3789 697 3842 suis
721 3788 879 3856 gerebant,
905 3788 1043 3839 mutilata
1065 3787 1116 3839 illa
1139 3785 1274 3839 membra

151 3867 182 3916 et
207 3865 312 3930 partes
338 3859 573 3914 deosculabatur
598 3861 741 3928 ipsosque
773 3860 811 3912 ob
840 3858 1044 3911 mutilationes
1072 3858 1138 3911 illos
1166 3857 1274 3911 beatos

152 3931 381 4002 pronuntiabat.
418 3929 551 3986 Libellos
567 3947 641 3986 vero
662 3935 767 3984 contra
787 3929 934 3997 quosdam
949 3930 1108 3997 episcopos
1122 3929 1180 3982 sibi
1195 3927 1274 3982 obla·
1284 3923 1316 3975 21

152 4011 200 4058 tos
219 4017 321 4071 neque
343 4003 418 4071 legit
441 4018 542 4072 neque
566 4003 733 4056 examinari
761 4015 869 4068 passus
894 4005 940 4053 est
967 3999 1020 4056 sed
1048 4002 1080 4052 in
1109 4003 1275 4068 conspeetu

154 4076 290 4130 omnium
320 4075 383 4143 igni
408 4074 576 4143 absumpsit
601 4073 711 4127 additis
737 4072 783 4125 liis
808 4071 923 4124 verbis:
957 4071 1101 4125 “Etiamsi
1126 4072 1191 4140 ipse
1216 4071 1276 4138 epi·

152 4161 281 4217 scopum
301 4161 389 4215 quern
410 4145 634 4214 delinquentem
655 4145 807 4207 vidissem,
832 4157 968 4211 purpura
987 4158 1053 4196 mea
1080 4156 1148 4196 eum
1174 4141 1276 4195 obvol-

153 4217 295 4272 vissem.”
338 4216 414 4271 Inde
439 4231 507 4270 oum
533 4215 653 4270 divinos
679 4216 745 4268 illos
769 4215 925 4282 patrosin
944 4214 1050 4267 urbem
1070 4214 1186 4282 regiam
1206 4227 1224 4264 a
1244 4209 1321 4265 soti

155 4289 309 4344 conditam
339 4287 532 4350 traduxisset,
561 4293 595 4340 ut
623 4303 687 4341 euru
718 4286 825 4338 iniistis
854 4283 1149 4353 comprecationibus
1176 4298 1277 4352 proso·

156 4365 323 4434 querentur
344 4365 374 4416 et
394 4359 561 4414 secuudum
585 4358 789 4432 patriarcham
816 4357 847 4412 tn
873 4371 909 4412 oa
935 4355 1112 4428 deligerent,
1138 4360 1277 4410 sanctum
