3050 4775
391 391 468 458 LEO
486 391 618 459 MINOR.
655 390 763 459 ZENO.
800 389 1032 459 arsmrsors.
1219 395 1272 458 129

150 581 265 666 δρδῶς
288 583 491 667 διακείμενος.
537 591 592 666 τῆς
614 584 675 666 γὰρ
697 582 863 667 Εὐτυχσῦς
886 585 939 648 καί
955 585 1132 668 Διοσκόρου
1154 592 1301 670 μετεῖχεῦ

150 687 207 751 καί
234 684 327 758 οὗτος
354 687 515 770 αἱρέσεως,
545 686 633 769 παρὰ
662 693 718 770 τῆς
746 695 882 770 γαμετῆς
909 689 952 759 εἰς
978 688 1092 772 ταύτην
1118 688 1273 772 προβιβα-

153 790 250 871 σύείς,
273 790 328 852 καὶ
349 789 477 872 σφόδρα
499 789 555 860 τὰς
574 795 638 852 τῶν
655 790 847 872 ὂρδοδόξων
862 791 1027 874 ἐκκλησίας
1043 791 1197 873 ἐκάκωσε,
1221 791 1275 855 καί

151 892 209 973 τὴν
232 893 266 955 ἐν
287 891 473 975 Χαλκηδόνι
494 892 629 956 σύνοδον
657 900 835 975 τυραννικῷ
865 895 1023 976 γράμματι
1051 895 1172 975 ἄκυρον
1199 892 1275 956 εἶναι

125 995 324 1058 ὅτεδὲσπικε.
368 995 423 1057 καὶ
444 995 499 1058 τὸν
518 993 715 1076 πατριάρχην
729 1000 785 1076 τῆς
800 996 872 1064 νέας
884 993 1010 1078 Ῥώμης
1021 994 1169 1058 Ἀκάκιον
1183 1000 1303 1058 roanos

153 1097 357 1180 ψηφίσασθαι
385 1098 562 1168 συνοδικῶς
589 1097 739 1179 ἐβιάζετο.
786 1097 862 1159 ἀλλὰ
891 1096 926 1160 τὸ
949 1097 1135 1179 ὀρύόδοξον·
1151 1097 1276 1179 πλῆθος
1286 1107 1321 1160 10

153 1207 210 1282 τῆς
240 1200 364 1270 πόλεως
395 1199 548 1263 συνελθὸν
579 1201 622 1269 είς
652 1199 709 1282 τὴν
736 1199 903 1281 ἐκκλησίαν
931 1200 985 1262 καί
1011 1199 1065 1262 τδν
1088 1199 1276 1263 Βασιλίσκον

155 1303 373 1386 ε’κακηγόρησε
387 1302 511 1385 καλιὴν
526 1303 561 1365 ἔν
575 1301 759 1385 Χαλκηδόνι
782 1302 918 1365 σύνοδον
941 1302 1030 1382 ἁγίαν
1053 1301 1186 1366 ἐκάλεσε.
1225 1301 1275 1364 διὰ
1287 1313 1317 1366 11

153 1411 252 1468 ταῦτα
274 1406 377 1468 τοίνυν
396 1405 414 1468 δ
430 1403 618 1475 Βασιλίσκος
639 1403 726 1487 παρὰ
749 1410 806 1467 τοῦ
831 1403 935 1487 δήμου
959 1404 1012 1468 καί
1034 1411 1089 1487 τῆς
1113 1404 1309 1487 γερουσίσςΒ

109 1517 145 1570 10
154 1508 317 1591 μεμίσητο.

238 1609 384 1692 Ἔπεμψε
408 1610 443 1673 δὲ
464 1609 545 1672 κατὰ
562 1608 715 1693 Ζήνωνος
736 1608 814 1692 μετὰ
834 1609 1001 1692 δυνάμεως
1011 1607 1110 1672 Ἴλλον
1125 1609 1179 1671 καί
1196 1608 1225 1670 Τ
1220 1631 1275 1691 ρο-
1289 1620 1321 1673 12

156 1711 306 1776 κοῦνδσν·
327 1714 361 1775 οἳ
372 1712 556 1780 ἐπελθόντες
571 1711 779 1794 ἐπολιόρκουν
794 1711 898 1775 αι’πόν.
945 1711 990 1774 ότι
1007 1710 1042 1774 δὲ
1056 1709 1156 1774 πολλὰ
1172 1711 1277 1780 αὐτοῖς
1289 1723 1321 1776 13

5 1815 177 1878 Dllleoso
198 1814 386 1885 Βασιλίσκος
409 1815 668 1897 ἐπαγγειλάμενος
691 1815 751 1878 οὐκ
775 1814 916 1884 ἐπιτελεῖς
937 1813 993 1883 τὰς
1015 1814 1198 1896 ὑποσχέσεις
1221 1835 1275 1875 πε-

156 1918 279 2000 ποίητο,
309 1917 364 1980 καλ
390 1918 410 1999 ἡ
439 1917 612 2000 σύγκλητος
639 1917 674 1980 δὲ
701 1917 902 1999 βαρυνομένη
931 1915 984 1978 τδν
1010 1914 1198 1978 Βασιλίσκον
1226 1914 1276 1977 διὰ

112 2029 147 2083 15
157 2021 214 2103 τὴν
243 2020 358 2083 κακίαν
389 2020 487 2084 αύτοῦ
519 2021 639 2102 ἔγραψε
670 2025 734 2089 τοῖς
766 2018 940 2101 εἰρημένοις
972 2017 1103 2099 ἀνδράσι
1135 2017 1171 2080 τὰ
1200 2017 1276 2098 παρ’

159 2123 280 2186 ἐκείνου
302 2123 463 2206 δρώμενα,
493 2122 687 2203 προσέθεντο
709 2128 756 2204 τῷ
781 2120 916 2204 Ζήνωνι,
949 2119 1002 2183 καί
1031 2119 1096 2182 ἀντὶ
1118 2120 1279 2202 πολεμίων

159 2225 244 2308 φίλοι
266 2225 354 2306 αὐτῷ
376 2224 519 2307 γεγόνασι
541 2223 595 2287 καί
621 2224 792 2306 συνέριθοι·
821 2222 875 2286 καὶ
897 2222 1044 2305 λαβόντες
1067 2220 1162 2285 αὐτὸν
1185 2222 1277 2284 ἐπαν-

158 2457 251 2597 ΙῙὲάτι
265 2458 299 2583 gi
313 2455 385 2525 παρὰ
404 2456 567 2511 Βασιλίσκου
584 2456 752 2524 πεμφθέντες
772 2453 839 2509 κατὰ
857 2460 903 2508 τοῦ
923 2454 1048 2523 Ζήνωνος
1068 2450 1139 2521 αύτῷ
1158 2451 1279 2520 προσετί-

199 2549 248 2583 σαν

214 2743 233 2795 4
249 2743 394 2811 χαλκηδόνι
413 2740 503 2806 ARw,
521 2741 667 2810 καλχηδόνι
686 2740 719 2805 Β,
738 2740 892 2809 Χαλχηδόνι
913 2739 956 2809 p*‚
977 2756 1004 2794 v.
1024 2738 1093 2793 XIV
1111 2738 1190 2805 2,10.
1209 2738 1234 2807 3,
1254 2738 1280 2791 8.

217 2814 258 2867 18.
277 2814 302 2879 ί),
322 2815 338 2868 7
454 2811 638 2880 διεδίσπικε]
658 2813 831 2866 κατεδίσπισε
850 2812 874 2865 Ε
993 2811 1008 2865 ’ί
1028 2808 1166 2863 συνελύὼν
1186 2810 1209 2862 Ε

217 2886 235 2939 8
251 2886 398 2954 χαλκηδύνι
417 2884 519 2953 Apr
542 2889 581 2947 (v.
601 2899 645 2938 vs.
664 2885 693 2947 4)
801 2884 818 2936 9
837 2888 906 2952 post
922 2882 993 2949 παρά
1013 2881 1082 2935 add.
1102 2902 1128 2933 τε
1147 2880 1221 2949 pr

219 2957 250 3010 ll
269 2958 373 3024 ἔπεμψε
391 2956 421 3009 δὲ
439 2954 506 3010 κατὰ
526 2956 644 3023 ζήνωνας
664 2956 669 3020 Ι
687 2953 753 3022 μετὰ
772 2955 909 3022 δυνάμεως
928 2952 964 3022 Α,
987 2954 1003 3006 δ
1021 2952 1050 3006 δὲ
1068 2952 1135 3006 κατὰ
1155 2953 1281 3020 ζιβνωνος

217 3028 377 3091 ἐξαπέστειλε
393 3027 460 3095 μετὰ
480 3026 628 3095 ἀξιομάχου
647 3026 787 3093 δυνάμεως
809 3026 841 3093 Ε,
872 3024 934 3077 ὅδὲ
955 3024 1022 3078 κατὰ
1042 3024 1159 3092 ζήνωνος
1178 3025 1282 3091 ἔπεμψε

217 3098 266 3153 σύν
284 3099 426 3165 δυνάμεσιν
447 3097 520 3169 pr
601 3098 647 3151 καί
665 3098 826 3164 τροκοῦνδον
844 3094 898 3149 AR
917 3096 993 3160 (lta
1008 3092 1107 3148 mss.”:
1127 3094 1205 3161 Duc)
1226 3110 1281 3163 wp,

217 3171 397 3238 ἀτρσκοῦνδον
415 3168 452 3237 D,
471 3185 499 3224 v.
519 3169 654 3238 Theoplr.
674 3168 688 3221 Ι
731 3209 737 3221 .
757 3168 818 3233 120,
831 3168 914 3221 30ss.
987 3166 1021 3220 12
1039 3164 1196 3224 ἀπελθόντες
1208 3165 1281 3234 pr

218 3242 253 3294 13
271 3248 343 3297 ante
361 3242 412 3295 ούκ
431 3240 500 3295 add.
519 3241 565 3294 καί
583 3240 611 3293 Ι)
685 3185 728 3292 if
736 3241 905 3310 βαρυνομένη
925 3255 985 3289 *s*
1004 3238 1048 3291 τδν
1067 3236 1089 3292 C
1163 3237 1195 3291 15
1214 3238 1282 3306 είρη-

215 3314 304 3381 μένοις
323 3310 423 3368 ome
504 3331 511 3345 ·

167 3557 205 3597 ne
226 3556 267 3595 ne
285 3547 398 3595 rectam
419 3540 597 3610 religionem
617 3540 810 3608 sequebatur.
848 3538 923 3593 Nam
948 3537 987 3591 ad
1008 3542 1120 3592 seciam
1141 3538 1312 3607 Eutychisss

168 3618 198 3667 et
247 3614 355 3667 'oscori
373 3613 413 3665 ab
431 3626 529 3665 uxore
547 3612 694 3680 impulsus
714 3615 743 3664 et
767 3610 1004 3665 orthodoxorum
1028 3610 1171 3663 ecclesias
1193 3612 1286 3663 maxi·

167 3686 222 3738 mis
240 3685 326 3737 malis
345 3684 446 3737 affecit
463 3690 493 3737 et
512 3682 672 3735 concilium
682 3682 917 3736 Clralcedonium
934 3680 1033 3735 edicto
1047 3682 1206 3749 tyrannico
1222 3683 1285 3735 irri-

167 3764 231 3809 tum
254 3770 321 3810 esse
345 3755 431 3808 iussit
452 3759 482 3808 et
500 3753 703 3823 patriarcham
722 3768 823 3807 novae
844 3752 957 3807 Romae
976 3750 1120 3805 Acacium
1141 3753 1198 3805 hoc
1217 3754 1311 3807 con-9

168 3827 227 3880 cilii
247 3827 369 3881 decreto
393 3826 576 3879 constituere
601 3825 740 3894 cogebat.
777 3822 837 3879 Sed
861 3823 1099 3877 orthodoxorum
1124 3824 1284 3879 multitudo
1296 3824 1331 3878 10

167 3899 287 3951 urbana
310 3912 476 3965 congressa
500 3898 530 3949 in
554 3896 712 3950 ecclesium
730 3902 759 3949 et
778 3895 923 3949 Basilisco
942 3894 1099 3947 maledixit
1118 3900 1147 3948 et
1167 3892 1286 3949 Chalce-

169 3970 292 4024 donium
321 3968 479 4023 concilium
508 3968 677 4021 nominavit
704 3974 851 4021 sanctum.
893 3966 1097 4030 Quamobrem
1124 3964 1327 4020 Basiliscusll

168 4042 281 4110 populo
300 4049 331 4095 et
349 4040 468 4093 senatui
488 4039 557 4092 odio
577 4044 651 4091 erat.

257 4111 370 4167 Contra
389 4110 540 4164 Zenonem
563 4109 643 4163 misit
666 4124 734 4163 enm
759 4110 894 4163 exercitu
918 4108 1004 4162 illum
1029 4114 1059 4162 ei
1078 4106 1331 4174 Trocundum31‘2

169 4198 258 4251 quem
282 4183 421 4253 aggressi
447 4196 514 4234 curn
541 4181 716 4235 obsiderent
740 4196 797 4234 nec
820 4180 991 4247 Basiliscus,
1019 4194 1099 4248 quae
1124 4178 1218 4232 multa
1243 4178 1286 4230 eis
1298 4178 1331 4229 13

169 4255 319 4324 pollicitus
342 4260 416 4319 erat,
444 4257 613 4323 praestaret
637 4258 667 4305 et
690 4257 814 4305 senatus
835 4250 978 4307 Basilisco
1003 4252 1042 4304 ob
1061 4250 1225 4318 nequitiam
1246 4250 1288 4301 in·

169 4330 264 4381 lesum
283 4328 348 4381 eins
366 4326 504 4379 facinora
524 4323 563 4375 ad
583 4324 665 4376 viros
684 4324 750 4377 illos
769 4324 947 4391 scripsisset,
967 4322 1006 4375 ad
1020 4320 1169 4375 Zenonem
1186 4333 1218 4372 se
1238 4319 1286 4371 ad·

170 4399 336 4452 iunxerunt
360 4402 452 4451 etex
476 4394 611 4448 hostilius
637 4396 706 4448 l'octi
732 4394 820 4447 amici
845 4398 875 4449 et
894 4394 967 4448 socii
986 4407 1049 4446 una
1069 4406 1136 4444 carui
1157 4406 1192 4443 eo
1213 4390 1286 4443 redi·
1355 4416 1360 4422 ·

222 4504 341 4548 Zonaras
354 4504 469 4557 Epiiome
483 4499 530 4544 lll.
1111 4481 1127 4535 9

1006 4690 1142 4747 ,Α
