3050 4775
227 380 280 435 234
506 380 641 437 ZONAR.
662 378 751 437 ΕΡΙΤ
780 380 848 437 XIV
867 378 910 449 23,
929 380 1026 451 4—24,
1045 381 1071 436 4.

222 564 407 647 Ἀγαρηνῶν
437 564 729 645 πρωτοσύμβαυλος
763 563 861 645 (οὕτω
893 562 953 645 γάρ
985 564 1120 629 ἐκάλουν
1152 565 1225 637 τοὺς
1253 571 1346 648 σφῶν

226 666 490 749 προεξάρχοντας)
523 667 561 730 τά
593 666 671 730 κατὰ
704 668 760 749 τὴν
787 667 941 750 Ἀφρικὴν
972 666 1193 751 συμβεβηκότα
1225 665 1346 747 μαθὼν

226 770 279 833 καὶ
302 770 336 833 ἐν
359 770 452 851 δεινῷ
474 769 529 853 τὴν
552 770 588 833 ἐκ
611 770 723 852 ταύτης
745 772 936 852 ποιούμενος
954 771 1120 849 ἔκπτωσιν,
1143 769 1253 832 στόλου
1267 768 1344 831 ἕτοι-

226 873 316 953 μάζει
344 874 519 955 βαρύτατον
547 872 601 935 καί
627 872 739 935 στέλλει
769 870 863 943 αὖθις
893 872 950 955 τὴν
966 871 1122 954 Ἀφρικὴν
1153 871 1343 935 ἀνακαλεσά-

157 972 330 1057 Β5μενος.
376 975 458 1057 πρὸς
481 977 518 1038 ὃν
541 974 559 1038 ὁ
583 974 692 1057 ῥηθεὶς
714 976 876 1055 πατρίκιος
893 974 1044 1058 Ἰωάννης
1071 982 1272 1058 ναυμαχῆσαι
1297 974 1372 1056 μὴῡ

227 1076 372 1159 ἐξαρκῶν
395 1084 449 1141 τοῦ
472 1078 596 1161 λιμένος
619 1078 723 1161 ἐξέστη
747 1077 801 1141 καὶ
822 1077 1015 1160 ἐπανήρχετο
1036 1076 1118 1159 πρὸς
1138 1076 1192 1140 τόν
1206 1076 1344 1159 βασιλέα,

200 1180 364 1262 θαίτήσων
386 1180 512 1245 πλείστα
536 1180 676 1263 δύναμιν.
723 1180 893 1263 γενομένου
917 1179 951 1243 δὲ
973 1179 1053 1243 κατὰ
1073 1180 1130 1261 τὴν
1145 1180 1275 1262 Κρήτην
1289 1183 1346 1241 τοῦ

223 1282 404 1365 Ῥωμαικοῦ
416 1283 537 1355 στόλου,
553 1285 584 1347 οῖ
594 1289 649 1347 τοῦ
664 1284 744 1347 λαοῦ
759 1282 989 1364 προϊστάμενοι,
1006 1289 1052 1366 πῇ
1065 1281 1125 1364 μὲν
1141 1278 1180 1345 όί
1197 1281 1346 1364 αἰσχύνης

225 1385 409 1467 ποιούμενοι
431 1385 466 1449 τό
489 1387 696 1469 ὑποχωρῆσαι
719 1392 774 1469 τῆς
792 1384 944 1467 Ἀφρικῆς
965 1390 1030 1455 τοῖς
1051 1383 1211 1467 πολεμίοις
1233 1383 1346 1465 ταύτης

225 1488 524 1571 παραχωρήσαντες,
547 1496 593 1572 πῇ
617 1487 652 1552 dd
666 1488 720 1551 καὶ
735 1486 911 1557 δεδοικότες
925 1486 981 1569 τὴν
995 1492 1051 1555 τοῦ
1066 1487 1221 1569 βασιλέως
1236 1486 1344 1569 ὀργήν,
1356 1503 1392 1556 10

226 1590 370 1655 πείθουσι
396 1590 431 1655 τὸ
458 1590 603 1655 ναυτικὸν
626 1592 668 1661 εἰς
691 1590 883 1654 ἀποστασίαν
905 1590 1042 1653 ἐκκλῖναι
1064 1589 1118 1653 καί
1140 1590 1346 1672 όυσφημήσαι

226 1692 280 1756 τὸν
302 1692 458 1767 Λεόντιον,
481 1694 662 1777 εὐφημῆσαι
686 1692 721 1757 dd
742 1692 913 1775 βασιλικῶς
935 1690 988 1755 τὸν
1006 1692 1186 1774 Ἀφίμορσν
1207 1696 1272 1754 τῶν
1286 1692 1345 1755 Κι-
1356 1699 1383 1753 Ι)
1397 1700 1443 1755 IIl
1454 1702 1522 1757 32Γ

181 1814 183 1819 ·
226 1797 436 1879 βυρραιωτῶν
459 1796 533 1860 ὄντα
558 1796 776 1879 ὄρουγγάριον,
809 1797 847 1859 ὃν
870 1793 981 1858 αύτύια
1003 1794 1057 1858 καὶ
1081 1794 1221 1877 Τιβέριον
1242 1816 1345 1876 μετω-

201 1898 377 1981 ῗνόμασαυ.
423 1896 515 1970 οὗτος
539 1896 596 1963 οὖν
618 1900 684 1982 ἅμα
706 1906 754 1980 τῷ
776 1897 879 1980 στόλῳ
902 1898 1092 1981 καταλαβὼν
1113 1897 1149 1961 τὸ
1173 1896 1346 1971 Βυζάντιον

159 2001 261 2063 08ἒν
283 2000 405 2072 Συκαῖς
426 2000 472 2063 τά
487 2002 594 2084 σκάφη
618 2002 849 2083 προσώρμισεν.
894 2000 914 2064 ό
937 2001 973 2064 όε’
995 2024 1029 2081 γε
1045 1999 1192 2070 Λεόντιος
1214 1998 1270 2082 τὴν
1292 2004 1347 2081 τῆς
1358 2014 1391 2070 15

201 2102 352 2173 9πόλεως
369 2103 516 2187 φυλακὴν
532 2104 582 2167 διὰ
598 2103 767 2186 φροντίδος
780 2101 939 2185 πεποίητο.
985 2102 1062 2166 ἀλλά
1077 2126 1154 2173 τινες
1168 2107 1233 2167 τῶν
1248 2102 1346 2182 ἐπαρ-

228 2210 358 2287 χεωτιῖιν
373 2206 536 2289 ἀρχόντων
550 2205 586 2270 τὸ
602 2204 681 2269 κατὰ
695 2205 878 2287 Βλαχέρνας
892 2211 993 2288 τεῖχος
1006 2206 1176 2288 φυλάσσειν
1190 2205 1346 2288 λαχόντες,

229 2308 350 2371 ἐκεῖθεν
372 2310 537 2392 εἰσήγαγον
559 2308 613 2371 τὸν
632 2308 820 2391 Ἀφίμαραν,
848 2309 903 2371 καὶ
924 2314 1019 2372 ταῦτα
1042 2303 1117 2392 μεθ’
1141 2308 1252 2390 ὅρκων
1274 2331 1346 2391 φρι-

228 2417 313 2474 κτῶν
335 2409 389 2483 τὰς
412 2413 494 2482 κλεῖς
516 2411 769 2494 ἐμπιστευόέντες
791 2418 856 2476 τῶν
876 2420 932 2477 τοῦ
954 2415 1074 2497 τείχους
1094 2414 1214 2477 ἐκείνου
1228 2413 1347 2476 πυλῶν.

185 2514 417 2586 1οείσελόόντες
445 2513 503 2578 οὖν
530 2517 633 2585 οὕτως
661 2516 692 2580 οἱ
712 2521 769 2579 τοῦ
792 2516 904 2580 στόλου
925 2515 981 2588 τὰς
1004 2515 1104 2587 οἰκίας
1125 2520 1190 2580 τῶν
1211 2516 1393 2580 πολιτῶν20

229 2709 246 2763 5
264 2709 303 2763 ὅτι
322 2708 400 2768 adda,-
418 2709 487 2763 εἷλον
506 2709 553 2778 τὴν
570 2709 701 2779 Ἀφρικὴν
719 2713 746 2764 οἱ
758 2711 867 2782 Ἄραβες
886 2709 934 2766 CE
1061 2709 1095 2765 12
1113 2709 1284 2770 ἐπανάστασις
1303 2716 1348 2764 τοῦ

228 2789 354 2835 ναυτικοῦ
372 2781 418 2835 καὶ
435 2780 580 2850 άνάρρησις
595 2781 741 2852 Ἀιμιμάρσυ
762 2781 809 2838 CE

282 2979 300 3033 3
318 2979 349 3032 ἐκ
369 2994 426 3033 om.
446 2978 470 3032 Ε
542 2979 559 3034 5
578 2986 762 3048 μονομαχήσω
783 2978 810 3032 D
888 2980 906 3034 9
925 2978 978 3048 τῆς]
999 2987 1051 3038 τοῖς
1069 2977 1093 3032 Β
1179 2979 1209 3032 11
1229 2979 1347 3032 ἐκκλῖναι

282 3047 447 3120 BSEwth',
468 3050 587 3105 ἐκκλίναι
607 3048 661 3104 AR
770 3057 837 3120 post
856 3053 1028 3120 όυςφημήσαι
1047 3049 1115 3104 add.
1134 3071 1183 3118 μεν
1201 3049 1276 3119 pr

284 3123 326 3177 12.
347 3123 381 3177 18
398 3123 536 3192 ἁηιίμιτρον
554 3121 581 3175 D
668 3123 702 3176 15
720 3123 917 3192 προςὼρμησαν
936 3139 956 3191 p
975 3125 1105 3176 fortasse
1124 3137 1162 3175 ex
1181 3121 1250 3175 XIV
1269 3121 1313 3187 27,
1331 3122 1348 3174 3

283 3195 385 3248 invitia
403 3193 485 3248 Allw
570 3195 603 3250 17
622 3193 779 3262 βλαχέρναις
799 3193 822 3249 C
911 3194 945 3248 18
962 3200 1072 3262 φρικῶν
1090 3192 1154 3263 w*p
1173 3193 1277 3246 invitis
1295 3190 1348 3246 AR

284 3267 318 3321 19
337 3273 389 3320 τῶν
404 3267 409 3334 1
425 3266 526 3334 τείχους
545 3266 569 3319 Ε

231 3459 309 3512 enim
329 3457 525 3528 appellabant
544 3473 615 3512 suos
627 3459 789 3528 principes)
808 3457 900 3512 rebus
910 3455 1032 3510 Ardeae
1043 3457 1173 3526 coguitis
1191 3457 1349 3510 iacturam·

231 3543 291 3598 que
317 3536 417 3584 torrae
443 3530 548 3598 iniquo
575 3530 676 3584 tereus
698 3529 799 3584 animo
819 3529 945 3582 classem
968 3529 1124 3598 ingentem
1144 3531 1233 3598 parat
1250 3527 1349 3581 mittit·

202 3595 291 3670 bque
310 3601 349 3655 ad
369 3598 503 3655 Africam
532 3615 605 3655 recu
628 3601 781 3655 erandam.
819 3599 875 3655 Cui
894 3614 963 3653 cum
983 3600 1128 3670 patricius
1151 3599 1201 3652 ille
1218 3597 1349 3654 Ioannes

230 3675 328 3743 impar
347 3677 434 3738 esset,
459 3675 549 3742 portu
577 3617 681 3727 revicta
710 3672 749 3726 ad
768 3686 873 3742 regem
902 3686 934 3725 se
954 3671 1140 3735 conferebat,
1167 3675 1202 3724 ut
1220 3671 1350 3725 maiores

203 3739 335 3814 deopias
354 3743 529 3814 postularet.
566 3742 625 3799 Sed
649 3757 717 3798 cum
738 3742 874 3798 Romana
893 3742 997 3796 classis
1015 3741 1134 3796 Cretam
1154 3742 1350 3811 pervenisset,

231 3815 335 3886 populi
349 3817 509 3885 principes,
529 3816 635 3885 partim
653 3821 743 3885 turpe
762 3815 820 3868 rati
834 3813 938 3867 Africa
957 3813 1067 3867 omissa
1087 3817 1117 3867 et
1127 3813 1264 3867 hostibus
1283 3827 1351 3867 con-

232 3903 317 3940 cessa
338 3887 460 3952 reverti,
482 3888 590 3956 partim
613 3887 694 3956 regis
714 3885 903 3940 iracundiam
923 3885 1011 3939 veriti
1030 3884 1191 3940 classiariis
1211 3884 1351 3938 defectio·

231 3959 278 4012 nis
297 3964 438 4013 auctores
457 3958 533 4012 flunt
552 3973 588 4012 ac
610 3955 728 4012 Leontii
746 3955 915 4011 insectandi
934 3955 1133 4025 etApsimari,
1153 3953 1351 4025 Cibyrrhaeo·

232 4036 331 4083 tarum
351 4029 517 4097 drungarii,
537 4043 626 4098 quem
646 4030 747 4083 statim
767 4029 856 4082 etiam
877 4027 1032 4081 Tiberium
1045 4027 1250 4093 nominarunt,
1268 4028 1351 4096 rogis

204 4097 219 4150 l
232 4100 393 4156 salutandi.
431 4099 460 4154 Is
489 4101 583 4166 igitur
611 4115 679 4154 eum
708 4099 804 4154 classe
823 4098 1004 4169 Byzantium
1025 4102 1186 4168 pervectus
1205 4099 1235 4152 iu
1256 4097 1351 4168 Sycas

204 4170 358 4242 Sappulit.
395 4170 457 4226 litai
477 4177 577 4226 autom
589 4171 735 4226 Leontius
754 4171 839 4225 urbis
857 4171 1025 4225 custodiam
1039 4170 1200 4240 diligenter
1220 4173 1351 4236 curarat,

204 4241 334 4298 litamen
354 4242 476 4312 quidam
496 4242 699 4312 provinciales
709 4243 906 4312 magistratus
926 4257 980 4312 par
998 4257 1118 4296 murum
1130 4240 1352 4308 Blachernium,

233 4316 321 4370 cuius
346 4313 513 4369 custodiam
542 4315 639 4369 sortiti
659 4320 753 4380 eraut,
783 4314 921 4368 clavibus
940 4318 1047 4383 portas
1075 4328 1144 4367 cum
1163 4313 1352 4367 sanctissimo

188 4384 223 4437 10
233 4386 432 4442 iureiurando
457 4386 598 4456 acceptis,
627 4385 819 4456 Apsimarum
844 4384 1087 4439 introduxerunt.
1129 4383 1176 4438 lta
1207 4383 1352 4438 classiarii
