3050 4775
276 405 581 469 Atnuvuonuvs.
618 403 887 468 strenuom
905 406 1100 469 vicuoum.
1195 407 1244 467 141

132 595 262 666 ἅπαντας
289 594 516 678 διεφθάρησαν.
562 591 610 657 ὧν
632 593 688 676 τὴν
710 593 843 676 φθορὰν
865 594 1007 678 κομήτης
1030 595 1128 680 ἀστὴρ
1151 619 1245 678 προε-
1259 602 1292 655 10

130 699 247 780 μηνυσε
266 697 321 761 καλ
343 697 481 780 κόρακες
501 698 729 778 πορευομένων
751 699 858 762 αὐτῶν
880 698 1123 781 ύπερυετάμενοί
1142 698 1246 761 τεκαὶ
1303 713 1306 718 ’

130 802 361 883 προηγούμενα
383 800 438 862 καί
460 801 491 862 οἱ
512 799 694 880 σαλπιγκταί
717 800 783 862 ἀντὶ
805 800 949 863 ένυαλίου
973 801 1052 884 ἠχῆς
1074 801 1247 882 περιπαθές

132 926 155 964 τι
176 903 230 966 καί
251 902 421 986 θρηνῶδες
443 902 622 985 ἠχήσαντες.

107 1013 123 1064 b
223 1006 289 1069 Τοῦ
314 1005 343 1068 δ’
366 1004 495 1068 ἄνευθεν
514 1004 668 1086 ῥηθέντος
688 1004 850 1086 Τιμοθέου
865 1004 965 1069 πολλὰ
980 1010 1043 1075 τοῖς
1059 1005 1248 1086 όρθοδόξοις
1258 1012 1290 1065 11
1313 1011 1442 1067 antis

132 1107 347 1191 ἐνδεξαμένου
369 1107 455 1170 κακὰ
477 1108 531 1170 καί
552 1107 796 1190 τελευτήσαντος,
815 1107 965 1191 Ἰωάννης
988 1108 1006 1171 δ
1027 1109 1248 1190 Καππαδόκης

132 1218 183 1293 τῆς
213 1212 381 1294 ἐκκλησίας
412 1211 603 1293 ἐνεχειρίσθη
636 1210 694 1292 τὴν
723 1211 925 1292 προστασίαν,
960 1213 1011 1294 ἔτη
1046 1211 1105 1274 δύο
1136 1212 1249 1294 ταύτης

131 1315 274 1395 προστάς.
318 1313 453 1396 τέθνηκε
475 1313 510 1376 δὲ
532 1313 586 1376 καὶ
608 1313 628 1396 ἡ
651 1313 770 1395 βασιλίς
788 1312 944 1396 Ἂριόδνη.

217 1418 349 1500 Λέγεται
361 1416 396 1480 δὲ
411 1417 445 1479 έν
458 1421 522 1486 τοῖς
536 1414 662 1498 χρόνοις
675 1421 731 1497 τῆς
744 1415 903 1497 βασιλείας
911 1416 1111 1480 Ἀναστασίου
1123 1417 1248 1500 ἄγαλμα
1260 1421 1293 1474 12

94 1526 183 1602 ιοτῆς
210 1519 319 1602 Ίύχης
339 1525 396 1601 τῆς
420 1518 545 1588 πόλεως
571 1519 605 1582 έν
632 1517 704 1581 εἴδει
731 1518 880 1600 γυναικός
908 1520 944 1582 ἐκ
970 1519 1091 1602 χαλκοῦ
1118 1543 1248 1603 πεποιη-

130 1610 234 1704 μένον,
267 1622 406 1704 θάτερον
435 1625 500 1684 τιῑνν
530 1620 642 1684 ποδῶν
674 1620 760 1690 έντὸς
792 1621 869 1704 νηδς
899 1621 1033 1704 ἐχούσης
1060 1622 1124 1704 πρὸ
1154 1623 1249 1706 αὐτῆς

131 1727 270 1809 ἑστώσης
301 1723 355 1788 καλ
386 1724 499 1806 ὁμοίας
529 1722 606 1806 ὕλης
639 1723 887 1806 ἐξειργασμένης,
921 1725 1068 1787 ἴστοσθαί
1098 1749 1161 1788 που
1195 1733 1249 1809 τῆς

130 1828 263 1899 πόλεως.
306 1827 419 1890 τούτου
440 1826 517 1909 δῆτα
540 1830 595 1888 τοῦ
617 1831 673 1909 τῆς
694 1824 771 1908 νηδς
793 1825 1007 1908 εἰκονίσματος
1030 1828 1049 1909 ἢ
1073 1834 1119 1909 τῷ
1141 1828 1249 1910 χρόνῳ
1262 1831 1294 1884 13

130 1932 328 2014 μογήοαντος
349 1932 370 2013 ἢ
394 1929 428 2003 ἐξ
450 1927 617 2010 ἐπιβουλῆς
642 1928 724 2010 μέρη
751 1928 817 1991 τινὰ
845 1929 1047 2010 θραυσθέντα
1077 1929 1248 2012 ἀφῄρηντο.

8 2047 68 2103 0111
77 2053 122 2106 ρος
132 2035 232 2097 οὐκέτι
257 2029 315 2096 οὖν
336 2031 491 2114 φορτηγοί
511 2037 584 2113 νῆες
604 2032 823 2113 προσώρμουν
845 2033 888 2102 είς
910 2032 945 2096 τὸ
968 2031 1148 2114 Βυζάντιον,
1173 2033 1249 2096 ἀλλὰ
1262 2037 1294 2088 14

131 2136 263 2218 πλησίον
289 2137 392 2198 ἰοῦσαι
420 2134 501 2217 βίαις
531 2135 720 2216 πνευμάτων
751 2134 939 2216 ἀνείργοντα,
972 2135 1025 2197 καὶ
1052 2137 1081 2198 εί
1104 2136 1149 2219 μὴ
1179 2143 1250 2219 νῆες

130 2239 253 2323 μακραὶ
278 2238 332 2302 καί
359 2237 485 2306 πολλοῖς
511 2235 628 2317 έρέταις
654 2235 835 2318 κινούμεναι
863 2233 935 2305 τοὺς
961 2235 1100 2324 φόρτους
1122 2238 1283 2300 ἐκείνωνΒ

130 2470 147 2523 δ
163 2470 224 2539 περὶ
235 2474 409 2539 πατριαρχῶν
422 2465 470 2524 CE
541 2466 559 2521 9
577 2466 638 2535 περὶ
650 2474 696 2521 τοῦ
708 2474 754 2537 τῆς
769 2466 856 2537 Τύχης
869 2474 915 2537 τῆς
926 2468 1029 2527 πόλεως
1042 2466 1189 2539 όγόλματος
1202 2464 1250 2523 ΟΕ

181 2694 310 2749 ἳαύτῶν
327 2692 423 2747 om.E
493 2691 511 2745 3
529 2690 706 2745 οαλπιιιταίΕ
777 2690 795 2743 4
813 2690 953 2759 θρηνῷδες
966 2690 1020 2743 DE
1091 2690 1109 2744 5
1127 2689 1157 2744 δὲ
1172 2689 1249 2759 pr

182 2767 200 2820 6
218 2765 420 2833 τελευτήσαντος
428 2761 489 2831 AB,
507 2762 555 2832 τὴν
567 2761 642 2832 ζωὴν
654 2762 847 2821 καταλύσαντος
861 2760 933 2831 pr
1007 2762 1031 2815 λ.
1049 2762 1066 2816 8
1084 2762 1248 2831 ἐνεχειρίσθη

182 2838 231 2906 τὴν
249 2838 417 2905 προστασίαν,
435 2836 478 2902 ἔτη
498 2834 547 2887 δύο
561 2834 656 2903 ταύτης
667 2835 782 2902 προστάς
801 2834 917 2887 omissis
936 2841 981 2901 τῆς
993 2832 1136 2902 ἐκκλησίας
1150 2833 1185 2897 Α,
1205 2841 1250 2903 τῆς

182 2909 330 2977 ἐκκλησίας
346 2906 461 2975 προέστη
481 2906 525 2974 ε’τη
545 2907 594 2959 δύο
613 2905 646 2973 Ε,
667 2912 712 2973 τῆς
732 2904 874 2974 ἐκκλησίας
892 2903 1054 2973 ἐνεχειρίσθη
1074 2905 1121 2974 τὴν
1139 2926 1250 2973 προστα-

183 2984 253 3047 σίαν,
271 2981 315 3047 ἔτη
334 2979 383 3032 δύο
401 2978 495 3045 ταύτης
512 2977 627 3044 προστάς
646 2972 764 3045 prDi
836 2976 853 3027 9
870 2977 969 3044 λέγεται
990 2975 1020 3030 δὲ
1038 2976 1098 3043 ΑΕ,
1119 2976 1253 3044 ἱστόρηταί

182 3072 213 3121 γε
231 3050 287 3121 μὴν
307 3050 381 3119 pr
453 3057 498 3173 ιΖς
515 3048 647 3118 βασιλείας
661 3045 836 3115 Ἀναστασίου]
855 3048 1012 3101 ἀναστασίου
1026 3055 1073 3101 τοῦ
1083 3047 1251 3116 βασιλέωςΕ

184 3123 219 3176 13
239 3122 312 3191 δὴΕ
394 3120 465 3187 lia
494 3140 511 3189 η
533 3118 565 3184 C,
583 3135 611 3173 v·
625 3117 694 3173 xiv
708 3119 780 3186 4,18
861 3119 1042 3186 θραυοθίνιος
1061 3118 1093 3186 Ε,
1117 3121 1168 3174 Wo
1187 3121 1250 3172 iat:

182 3196 297 3249 “cuius
315 3192 404 3247 navis
423 3232 430 3245 .
450 3232 457 3245 .
477 3232 483 3245 .
502 3206 557 3260 per
575 3190 701 3245 insidias
720 3189 891 3245 contami
972 3190 1005 3243 15
1023 3198 1087 3259 γοῦν
1106 3188 1252 3260 DEwpDi

133 3420 210 3488 piter
230 3420 303 3473 victi
322 3422 401 3485 sunt,
419 3419 454 3470 ut
466 3420 587 3485 praeter
600 3429 714 3484 paucos
728 3427 832 3467 omnes
846 3413 986 3482 perirent.
1025 3412 1135 3468 Eorum
1150 3419 1251 3469 autem
1263 3415 1297 3469 10

133 3491 251 3545 cladem
274 3495 406 3545 cometes
429 3486 516 3542 stella
538 3486 766 3556 praenuntiavit
794 3490 824 3538 et
850 3486 942 3551 corvi,
971 3486 1023 3553 qui
1049 3490 1079 3539 et
1104 3500 1197 3555 supra
1223 3492 1252 3541 et

133 3568 204 3617 ante
222 3562 291 3616 illos
310 3560 535 3631 proficiscentes
554 3557 707 3623 volabant,
736 3561 766 3611 et
791 3556 949 3621 tubicines,
976 3559 1028 3625 qui
1053 3572 1107 3626 pro
1127 3558 1250 3611 classico

132 3635 237 3688 neseio
257 3648 346 3703 quem
365 3634 512 3685 maestum
530 3634 560 3683 et
578 3628 740 3698 lugubrem
760 3642 867 3681 sonum
888 3628 1056 3682 ediderunt.

222 3703 391 3770 Timotheo,
410 3702 448 3756 de
466 3715 527 3770 quo
545 3714 639 3770 supra
657 3698 797 3764 diximus,
816 3704 884 3767 post
907 3700 1016 3753 multas
1036 3700 1137 3755 eludes
1154 3702 1251 3755 ortbo·
1263 3700 1295 3753 11

134 3778 224 3831 doxis
236 3777 335 3831 illatas
347 3780 476 3841 mortuo,
489 3772 596 3826 Ioanni
610 3770 784 3841 Cappadoci
798 3769 908 3823 tradita
923 3778 968 3825 est
982 3772 1128 3826 ecclesiae
1141 3773 1252 3841 guber-

135 3850 227 3916 natio,
246 3862 338 3917 quam
350 3860 406 3915 per
418 3844 572 3899 biennium
585 3843 690 3896 tenuit
724 3840 877 3895 Defuncto
891 3848 935 3894 est
950 3848 979 3895 et
992 3844 1096 3912 regina
1109 3841 1252 3897 Ariadne.

224 3919 344 3973 Dicitur
362 3915 549 3985 temporibus
567 3914 653 3984 regni
668 3911 821 3967 Anastasii
834 3911 1027 3967 simulacrum
1041 3929 1170 3967 aeneum
1183 3914 1298 3968 For-12

134 4000 230 4046 tianae
247 3991 385 4045 urbanae
403 3988 505 4057 speeie
525 3985 671 4050 muliebri,
691 3984 773 4054 quod
786 3984 915 4038 alterum
929 3984 1036 4053 podem
1049 3986 1129 4039 intra
1142 4000 1253 4040 navem

135 4070 207 4117 ante
225 4078 259 4117 se
277 4065 406 4115 stantem
425 4066 455 4113 et
474 4072 513 4113 ox
532 4056 638 4111 eadem
658 4056 786 4109 materia
805 4056 916 4107 laetam
937 4055 1069 4123 baberet,
1094 4057 1160 4111 loco
1181 4072 1253 4126 quo-

135 4136 205 4189 dam
228 4134 314 4187 urbis
335 4132 463 4186 stetisse.
499 4128 597 4183 Huius
621 4132 722 4181 autom
747 4128 835 4179 navis
859 4126 1009 4181 siniuiaori
1032 4129 1081 4181 vel
1100 4133 1252 4183 vetustate
1264 4128 1297 4181 13

135 4207 184 4259 vei
202 4204 320 4259 insidiis
339 4201 512 4257 labefactati
535 4204 638 4270 partes
661 4198 812 4267 quaedum
836 4197 952 4251 fractae
976 4206 1005 4252 et
1029 4199 1149 4253 ablatae
1174 4205 1252 4253 sunt.

136 4276 211 4331 lade
229 4290 326 4331 naves
343 4273 503 4328 onerariae
520 4286 583 4326 non
601 4272 662 4323 iam
676 4268 856 4338 Byzantium
870 4269 1071 4338 appellebant,
1091 4271 1144 4323 sed
1158 4286 1253 4339 prope
1265 4270 1297 4323 14

135 4349 316 4403 accedentes
333 4347 363 4400 vi
377 4348 535 4399 ventorum
549 4342 776 4412 repellebantur
789 4356 825 4393 ae
839 4342 896 4393 nisi
910 4356 1004 4395 uai'es
1018 4341 1129 4409 longae
1142 4341 1253 4396 multis-

136 4435 195 4489 que
214 4419 381 4489 remigibus
400 4422 487 4469 actae
505 4415 640 4468 sarcinas
658 4428 763 4466 aarum
784 4412 813 4465 iu
833 4412 939 4465 urbem
962 4413 1122 4481 rexissent,
1144 4414 1253 4467 urbaui
