3050 4775
325 478 506 538 AGARENL
544 479 792 538 CHRYSOCHIR
810 480 861 536 ΕΤ
879 477 1106 536 ΜΑΝΙΟΗΔΕΙ.
1220 477 1272 533 421

157 661 352 745 ἐπαγόμενος
374 663 482 726 οἴκαδε
505 663 738 746 ἐπανέστρεηιεν.
784 664 803 726 ά
819 663 854 726 δὲ
870 663 1054 744 δσμέστικος
1070 666 1135 724 τῶν
1150 660 1274 743 σχολῶν
1283 666 1318 720 25

158 766 217 829 δάο
240 773 421 848 στρατηγοῖς
443 766 608 830 ἐνετείλατο
630 765 831 847 παρέπεσδαί
851 765 882 828 οἱ
902 763 980 846 μετὰ
995 769 1060 827 τῶν
1074 763 1145 844 περὶ
1160 762 1275 832 αὐτοὺς

13 879 44 932 D
61 878 102 932 lv
114 877 148 931 26
157 869 325 950 ταγμάτων
347 869 400 932 καί
418 868 464 951 μὴ
482 869 537 932 ἐᾶν
551 868 623 939 τοὺς
638 869 824 950 βαρβάρους
839 868 1026 931 σκίδνασθαι
1041 867 1095 929 καὶ
1110 866 1273 949 λεηλατεῖν.

158 972 291 1052 ἑσπέρας
316 970 350 1034 δὲ
372 977 427 1035 τοῦ
449 971 508 1053 μέν
530 970 748 1054 Χρυσόχειρος
775 970 828 1034 καί
850 975 915 1033 τῶν
936 969 1007 1051 περὶ
1029 969 1125 1032 αι’πόν
1147 969 1319 1032 abluo-26

131 1075 264 1156 ὃμένων
287 1073 321 1136 έν
342 1074 494 1156 ὑπωρείᾳ,
518 1079 582 1136 τῶν
606 1073 640 1136 δὲ
654 1072 822 1155 Ῥωμαίων
844 1071 881 1134 τὰ
903 1073 1048 1153 μετέωρα
1071 1071 1274 1154 προκατειλη-

157 1175 276 1258 φάτων,
300 1177 364 1257 ἔρις
386 1176 509 1239 ἐνέπεσε
531 1175 602 1258 περὶ
624 1175 790 1256 πρωτείων
811 1176 865 1238 καὶ
887 1181 943 1238 τοῦ
965 1175 1043 1245 τίνες
1064 1176 1104 1236 ἂν
1122 1173 1182 1236 εἶεν
1197 1173 1274 1254 ἀγα-

156 1278 211 1342 δοὶ
233 1278 353 1360 μᾶλλον
374 1277 431 1361 τὴν
453 1277 542 1360 ίσχὺν
563 1283 627 1348 τοῖς
650 1279 770 1361 ἀμφοῖν
792 1283 856 1341 τῶν
871 1283 1053 1360 στρατηγῶν
1068 1277 1275 1358 στρατιώταις.

157 1381 203 1450 ὡς
227 1376 255 1444 δ’
279 1381 403 1444 ἕκαστοι
425 1379 556 1450 ἑαυτοὺς
578 1381 796 1462 κρειττσνεάειν
817 1386 882 1443 τῶν
904 1381 1009 1443 ἄλλων
1032 1380 1319 1463 ἕμεγαλαάχσυντίῖ

157 1483 199 1554 εἷς
221 1507 265 1554 τις
287 1482 377 1547 λῦσαι
398 1481 454 1565 τὴν
477 1485 541 1564 ἔριν
564 1483 649 1566 σφίσι
675 1483 870 1566 βουλόμενος
896 1483 972 1546 “ivo
994 1483 1024 1545 τί
1043 1482 1172 1564 μάτην”
1198 1479 1278 1564 φησί

115 1587 401 1666 10“συστρατιῶται
423 1585 664 1668 θρασυνόμεάα,
688 1585 759 1648 ένδν
781 1585 827 1667 μὴ
850 1585 964 1667 λόγοις,
993 1580 1058 1648 ἀλλ’
1083 1586 1186 1666 ἔργοις
1208 1584 1308 1665 ἄρτιῦ

159 1695 294 1772 φανῆναι
322 1688 400 1757 τίνες
427 1686 539 1769 ἄνδρες
562 1687 636 1750 εἰσλν
658 1689 776 1770 ἀγαθοί
797 1693 862 1751 τῶν
883 1687 1044 1770 πολεμίων
1065 1685 1277 1766 παρόντων,·”

158 1792 265 1865 ἔδοξεν
288 1789 345 1854 οὖν
368 1792 387 1873 ἡ
410 1789 509 1873 βουλὴ
534 1797 589 1854 τοῦ
613 1790 730 1872 ἀνδρὸς
752 1789 860 1872 ἀγαθὴ
887 1789 941 1852 καί
964 1787 1074 1851 αὐτίκα
1096 1794 1161 1858 τοῖς
1183 1787 1321 1850 πολε-28

157 1895 241 1976 μίσις
263 1893 421 1957 ἐπέθεντο.
467 1894 498 1956 σῖ
521 1891 555 1956 δὲ
582 1900 628 1974 τῷ
655 1893 802 1976 αἰφνιδίῳ
828 1892 1073 1972 καταπλαγέντες
1101 1894 1186 1953 νῶτα
1212 1894 1321 1958 boicii

158 1997 323 2078 βάλλουσιν
339 1997 483 2078 ἔτρεψαν,
507 1995 632 2079 καὶτῆς
656 1996 797 2068 διώξεως
819 1995 869 2058 ἐπὶ
890 1993 971 2058 πολὺ
995 1993 1164 2075 γενομένης
1185 2015 1275 2054 κατε-

116 2099 288 2182 15στρώδη
312 2097 347 2162 τὸ
369 2098 485 2180 μεταξὺ
508 2099 616 2161 πεδίον
638 2103 770 2181 νεκροῖς,
802 2096 856 2160 καί
878 2096 973 2167 αὐτὸς
997 2096 1031 2160 δὲ
1054 2095 1073 2158 ὁ
1095 2093 1276 2176 Χρυσδχειρ

159 2202 248 2264 ἔπεσε
275 2201 351 2273 τότε,
383 2201 437 2264 καὶ
463 2201 573 2264 πολλοὶ
596 2197 624 2264 δ’
649 2201 882 2283 ἐζωγρήθησαν
904 2199 957 2262 καὶ
979 2206 1026 2280 τῷ
1048 2197 1170 2280 βασιλεῖ
1188 2196 1276 2260 ἐστά-

159 2303 256 2384 λησαν
279 2303 407 2386 δέσμιοι,
431 2303 485 2366 καί
508 2303 585 2386 αιἰτὴ
611 2299 639 2366 δ’
664 2305 683 2386 ἡ
707 2302 829 2385 κεφαλὴ
853 2308 909 2366 τοῦ
932 2300 1159 2383 Χρυσόχειρος.

242 2405 390 2488 Ἰγνατίσυ
415 2405 449 2469 δὲ
470 2412 526 2470 τοῦ
548 2406 743 2489 πατριάρχου
769 2406 976 2488 μεταστάντος
1002 2405 1046 2475 είς
1073 2403 1128 2474 τὰς
1157 2403 1322 2467 ἐκείδενὸθ

161 2638 195 2690 18
212 2640 250 2691 ὅτι
269 2646 314 2693 τοῦ
330 2638 456 2706 Ἰγνατίου
474 2638 672 2707 τελωνήσαντας
691 2639 706 2691 ά
727 2638 829 2697 Φώτιος
847 2636 926 2697 αὖθις
944 2636 1051 2706 άνήχδη
1070 2634 1108 2695 είς
1123 2634 1166 2688 τὸν
1178 2634 1279 2702 θρόνον

160 2708 203 2763 τὸν
220 2711 410 2777 πατριαρχικάν
430 2708 588 2778 (εἰς-πατρ.
609 2724 665 2764 om.
686 2708 721 2777 E)
741 2708 790 2765 Ol}

213 2923 319 2992 9παρὰ
337 2924 437 2977 πεσάαί
453 2926 481 2978 οἱ
497 2924 533 2991 Ι),
553 2939 630 2979 corr.
640 2922 692 2981 Dw
764 2923 782 2976 3
800 2923 860 2982 τοὺς
878 2923 1031 2991 βαρβάρους
1046 2919 1107 2988 ΑΕ,
1126 2920 1186 2980 τοὺς
1204 2941 1279 2988 μανι·

213 2999 304 3065 χαίσσς
323 2996 347 3050 Ο
373 2996 422 3049 Wo
442 2996 500 3062 lab,
520 3003 572 3055 τοῖς
590 2995 736 3064 βαρβάροις
756 3010 803 3063 wp
916 2992 1131 3062 ὅμηεωρότερα
1150 2992 1224 3061 pr

214 3067 230 3121 7
244 3068 289 3137 τὴν
302 3067 377 3135 ἰσχὺν
388 3068 487 3134 μᾶλλον
500 3066 523 3119 Β
596 3066 665 3135 ἀμφὶ
677 3066 715 3119 τὼ
728 3065 865 3134 στρατηγὼ
878 3065 930 3123 Dw
993 3065 1064 3118 7-9
1076 3063 1279 3131 στρατιώταις-

213 3139 287 3193 λῦσαι
308 3155 364 3193 oin.
385 3138 408 3191 E
485 3139 502 3192 9
520 3139 595 3193 λῦσαι
616 3135 727 3204 ΒΒΟΠί,
746 3137 822 3191 λύσαι
843 3137 947 3205 Apr
1018 3137 1093 3205 σφίσι
1112 3133 1161 3203 τὴν
1179 3134 1233 3201 ἔριν
1251 3132 1279 3186 D

214 3212 238 3264 9.
261 3213 294 3264 10
312 3211 377 3277 φησὶ
398 3215 464 3279 post
483 3229 571 3277 συστρ.
591 3208 664 3277 pr
769 3208 803 3261 12
820 3208 868 3262 οὖν
887 3224 943 3261 om.
963 3207 991 3260 D
1095 3205 1130 3259 14
1148 3206 1280 3273 ἔστρεψαν

214 3280 401 3350 CEB⁸wap
474 3282 584 3343 διόξεως
598 3280 633 3349 p*
707 3280 740 3334 16
759 3279 940 3348 ἀπεστάλησαν
952 3279 980 3333 Ι)
1054 3277 1087 3333 17
1105 3278 1280 3346 χρυσόχετρσς

215 3370 289 3407 corr.
310 3367 349 3407 ox
367 3354 550 3422 χρυσόπομσυ
571 3352 635 3420 (sio)
655 3351 682 3404 D

160 3559 255 3612 larunt
275 3558 458 3612 domesticus
478 3558 554 3612 duos
568 3556 660 3611 duces
674 3572 706 3611 se
727 3570 795 3610 oum
814 3557 877 3610 suis
896 3555 1069 3625 legionibus
1087 3555 1173 3625 sequi
1193 3556 1280 3609 iussit

160 3645 260 3698 noque
279 3631 342 3699 pati
360 3630 507 3684 barbaros
526 3629 664 3698 palantes
684 3628 815 3697 praedas
828 3642 930 3696 agore.
967 3626 1093 3696 Vesperi
1106 3641 1174 3680 cum
1188 3622 1325 3695 chry-26

161 3702 262 3755 sorlrir
291 3716 359 3755 cunr
388 3702 450 3754 suis
474 3700 513 3753 ad
538 3700 655 3754 radices
680 3700 789 3753 montis
813 3704 913 3752 castro
933 3698 1066 3765 haberet,
1091 3698 1165 3767 iugo
1186 3713 1204 3751 a
1224 3696 1280 3751 Ro·

162 3772 257 3825 munio
280 3776 512 3841 praeoccupato,
543 3772 696 3825 contentio
719 3770 757 3824 do
781 3771 895 3823 virtuto
917 3769 996 3822 lutor
1014 3770 1174 3837 utriusque
1193 3768 1280 3823 ducis

161 3843 268 3896 milites
292 3849 337 3897 est
361 3848 436 3909 orta,
465 3842 524 3896 utri
548 3844 663 3896 maiore
687 3842 718 3894 vi
739 3841 847 3895 bellica
868 3840 1017 3895 florerent.
1054 3839 1095 3894 Ut
1122 3855 1197 3894 vero
1223 3836 1324 3893 sin-27

161 3916 225 3979 guli
244 3929 277 3968 so
296 3918 453 3983 praestaro
481 3914 588 3967 coieris
615 3912 835 3983 gloriabantur,
864 3911 987 3981 quidam
1014 3911 1095 3965 litem
1119 3910 1281 3965 sedaturus

160 3984 286 4049 “Quid'’
312 3985 673 4053 iuquit'‘oomn1ilitoues
698 3986 813 4037 t'rustrn
837 3999 893 4037 nor
916 3983 1073 4049 iactamus,
1102 3996 1170 4035 rum
1195 3982 1281 4035 hosto

161 4058 332 4126 propinquo
361 4072 421 4110 uon
451 4054 552 4109 vorbis
580 4055 634 4110 sed
664 4056 752 4109 sactis
781 4056 840 4108 iam
868 4054 1077 4107 demonstrare
1103 4054 1201 4117 liceat,
1228 4053 1281 4121 qui

161 4129 220 4181 sint
239 4129 296 4181 viri
315 4126 456 4181 l'or·trs?”
485 4126 551 4191 Quo
571 4126 696 4181 consilio
717 4126 845 4196 probato
865 4126 964 4178 statim
981 4126 1081 4178 houton
1094 4120 1326 4186 invaserunt.28

162 4214 238 4266 quos
261 4200 361 4252 subito
381 4200 495 4267 impotu
513 4198 668 4267 perculsos
687 4204 776 4265 terga
795 4196 903 4250 (lautos
923 4196 974 4248 diu
995 4196 1145 4265 porsecuti
1164 4192 1326 4247 tontnrn29

162 4286 266 4325 eorum
280 4276 412 4339 stragem
430 4269 598 4337 ediderunt,
618 4272 653 4321 ut
670 4270 829 4323 interiecta
848 4267 988 4336 planities
1007 4266 1187 4335 corporibus
1206 4281 1281 4319 mor·

162 4348 283 4394 tuorum
312 4342 500 4411 irnplerotur3
530 4338 637 4395 cecidit
661 4345 691 4393 ot
710 4338 892 4408 Chryoocbir
917 4339 1064 4407 multique
1088 4338 1169 4405 capti
1192 4336 1281 4390 etad

162 4427 267 4482 regem
286 4414 367 4466 missi
386 4428 448 4466 una
470 4427 538 4465 curn
559 4410 766 4480 Chrysoehiriu
787 4411 895 4479 capito.

252 4482 373 4555 Ignatio
398 4483 571 4555 patriarcba
596 4482 739 4537 defuneto
768 4488 837 4552 post
864 4480 1023 4536 ecclesium
1050 4494 1106 4551 por
1123 4478 1167 4534 XI
1185 4478 1328 4535 nunoo30
