3050 4775
241 431 294 488 σοι
533 427 669 486 zonas.
689 427 788 482 sris.
808 427 877 484 xvi
896 427 939 496 σε,
960 425 1072 480 rs-ao.

241 619 305 680 τῶν
336 614 465 696 Σύρων,
497 611 551 676 καί
581 611 757 695 βόστρυχον
788 615 844 674 τοῦ
876 610 1044 693 βαπτιστοῦ
1072 607 1223 672 Ἰωάννου
1255 609 1360 691 abacti

239 717 453 800 πεφυρμένον.

189 826 230 880 13
324 819 379 882 Ἐν
404 819 464 901 μὲν
491 815 549 880 οὖν
576 817 770 899 στρατηγίαις
791 821 931 886 τοιοῦτος
953 813 1046 886 οὗτος
1067 814 1201 897 ἰγεγόνει
1223 814 1243 878 ό
1265 815 1358 877 αὐτο-

239 921 369 1004 κράτωρ
401 920 455 984 καί
486 919 536 983 ἐπὶ
566 919 693 1002 μακρὸν
720 918 851 1002 ηὐξήκει
868 918 1035 1000 Ῥωμαίοις
1062 917 1100 981 τὰ
1127 917 1198 999 όρια
1225 915 1280 980 καί
1304 923 1359 1000 τῆς

240 1025 346 1087 αὐτῶν
361 1023 529 1107 ἡγεμονίας
551 1023 677 1096 ἐξέτεινε
699 1021 736 1084 τὰ
759 1022 974 1104 σχοινίσματα·
999 1019 1077 1084 ἀλλὰ
1100 1016 1139 1084 δι’
1164 1020 1261 1090 αἰτίας
1275 1018 1385 1090 τινὰςῡ

197 1132 333 1192 lindon-
365 1126 404 1211 ἦν
436 1125 593 1208 στυγητός.
640 1124 672 1186 αἱ
695 1119 723 1188 ό’
748 1125 839 1188 αἰτίαι
861 1123 907 1187 ότι
929 1127 993 1187 τῶν
1015 1122 1073 1187 σὺν
1098 1123 1188 1205 αὐτῷ
1213 1129 1251 1206 τῇ
1277 1122 1357 1185 ὀπο-

241 1229 349 1311 στασίρ
377 1227 638 1311 ἐπιχειρησάντων
667 1231 865 1308 στρατιωτῶν
892 1230 1004 1296 κακῶς
1031 1224 1256 1307 διατιθεμένων
1286 1223 1359 1295 τοὺς

241 1331 287 1402 οἷς
310 1333 349 1394 ἂν
372 1331 525 1413 ἐντύχοιεν
547 1334 611 1393 τῶν
634 1330 845 1412 κακουμένων
867 1329 928 1392 ούκ
950 1329 1154 1411 ἐπεστρέφετο
1176 1327 1231 1392 καί
1250 1328 1360 1392 οἰκιῶν

81 1439 232 1496 Pnaoan
240 1434 367 1498 πολλῶν
397 1437 582 1516 περι-φανῶν
613 1455 645 1496 τε
672 1430 801 1514 ἀνδρῶν
829 1431 883 1495 καί
910 1433 1092 1514 όημοτικῶν
1120 1432 1359 1514 ὁιαρπαγεισῶν,

241 1537 288 1608 ὡς
315 1535 446 1607 ούόενὸς
474 1541 577 1600 κακοῦ
610 1535 775 1617 γεγονότος
807 1535 946 1616 όιέκειτο,
977 1533 1098 1617 μᾶλλον
1127 1533 1187 1617 μέν
1218 1531 1276 1597 οὖν
1306 1533 1360 1597 καί
1372 1545 1405 1600 10

241 1639 394 1722 ἰνετρύφα
417 1644 483 1710 ταῖς
505 1639 548 1708 εἰς
570 1637 643 1708 τοὺς
665 1635 779 1708 ἀστοὺς
803 1638 987 1720 παροινίαις,
1020 1636 1074 1700 καί
1100 1642 1195 1700 ταῦτα
1222 1659 1359 1718 συναρα-

199 1749 232 1803 15
240 1743 357 1824 μένους
379 1741 467 1822 αὐτῷ
489 1739 571 1823 πρὸς
593 1739 628 1804 τὸ
650 1746 705 1823 τῆς
726 1739 883 1822 βασιλείας
904 1745 1015 1822 τυχεῖν,
1047 1739 1102 1802 καὶ
1131 1739 1177 1803 ότι
1203 1738 1361 1822 προφάσει

241 1849 305 1908 τῶν
336 1848 478 1926 συνεχῶν
509 1842 660 1925 πολέμων
691 1847 813 1913 καιναῖς
844 1843 1005 1924 εἰσφοραῖς
1036 1841 1090 1904 καί
1120 1845 1186 1904 τῶν
1218 1841 1362 1923 ἀρχαίων

242 1947 388 2029 αὖξήσεσι
411 1945 464 2008 καὶ
487 1945 581 2008 εἰδῶν
602 1944 758 2026 εἰσπράξει
772 1943 985 2008 ποντοόαπῶν
1000 1943 1143 2026 ἐξέτρυχε
1157 1942 1193 2007 τὸ
1208 1944 1360 2026 ὑπήκοον,

242 2048 296 2111 καί
327 2048 420 2112 οὐδὲν
452 2049 579 2130 ἄμεινον
609 2047 770 2130 πολεμίων
801 2046 837 2111 τὸ
867 2045 1088 2130 στρατιωτοιόν
1119 2046 1267 2110 διετίθετο
1297 2051 1407 2117 coicis

199 2149 324 2234 16πρὸς
348 2153 404 2221 οὓς
426 2152 465 2213 ἂν
487 2154 551 2214 τῶν
574 2150 728 2233 ὑπηκόων
751 2150 969 2232 ἐπεχωρίασεν.
1015 2149 1066 2212 έπί
1087 2149 1207 2220 τούτοις
1230 2147 1280 2212 tui
1307 2149 1362 2221 τὰς

243 2253 366 2323 πυκνὰς
393 2252 589 2335 ἐκστρατείας
617 2253 736 2316 ένόειαν
764 2253 845 2334 ἔχειν
876 2253 1049 2334 χρημάτων
1075 2251 1361 2334 προφασιζόμενος,

243 2354 298 2426 τὰς
319 2355 378 2438 μέν
394 2353 622 2438 όιανεμομένας
636 2361 673 2439 τῇ
689 2353 836 2438 γερουσίᾳ
850 2353 1012 2438 βασιλικὰς
1030 2352 1154 2438 δωρεὰς
1169 2353 1249 2418 κατὰ
1264 2353 1363 2438 μέρος

210 2458 409 2542 Βήἰάττωσε,
441 2456 496 2530 τὰς
529 2452 557 2520 δ’
587 2458 862 2542 ἀπονενεμημένας
894 2458 1050 2522 ἀνέκαθεν
1083 2458 1238 2540 τεμένεσιν
1269 2459 1364 2543 ἱεροῖς

243 2654 261 2709 3
280 2654 352 2713 ὅπως
370 2654 386 2705 ό
406 2652 505 2713 Φωκᾶς
523 2653 684 2721 Νικηφόρσς
702 2654 815 2707 όιέκειτο
832 2653 893 2722 περί
912 2652 941 2708 τό
959 2653 1090 2724 ὑπήκοον·
1109 2652 1155 2708 καί
1172 2656 1210 2709 ότι
1228 2652 1291 2709 οὐδὲ
1309 2658 1363 2708 τῶν

244 2724 473 2795 έκκίησιαστικῶν
491 2722 612 2794 ἀπείχετο
631 2724 679 2780 ΟΕ

299 2905 313 2958 l
327 2906 469 2975 βόστριχον
479 2903 515 2971 D,
527 2918 603 2958 corr.
613 2903 664 2963 Dw
737 2904 755 2958 3
773 2903 849 2965 ούτος
860 2922 917 2960 0111.
928 2905 1000 2975 Ewp
1072 2904 1184 2973 ε’γεγόνει
1195 2904 1271 2965 οὗτος
1281 2904 1362 2961 OWo

297 2977 347 3031 lat.
420 2975 438 3029 4
456 2976 576 3045 ῥωμαίος
589 2974 654 3046 w*p
728 2976 753 3031 Ἰ.
772 2976 790 3030 8
810 2985 863 3037 τοῖς
874 2977 914 3036 οίς
927 2976 980 3030 DE
1052 2975 1208 3044 12111111,
1228 2975 1341 3031 0111111*

298 3048 333 3102 14
351 3046 431 3102 εἰὸὼν
451 3047 516 3117 (sic)
535 3045 563 3101 A
686 3047 720 3102 15
738 3056 792 3107 τοῖς
812 3064 868 3103 om.
888 3048 961 3118 Orrp
1089 3049 1122 3102 16
1140 3049 1321 3118 ὑπεχωρίασιν
1339 2994 1362 3104 Β

298 3119 332 3174 17
350 3120 404 3189 ἔχει
424 3118 452 3171 D
523 3120 770 3188 προςφασισάμενος
788 3118 816 3171 Ι)
889 3120 923 3174 18
940 3117 989 3188 μέν
1009 3118 1107 3174 01111)
1181 3118 1215 3174 19
1232 3120 1362 3190 ἀπονεμη-

297 3191 377 3261 μένας
395 3190 470 3262 pr

243 3362 276 3417 in
294 3360 402 3432 Syriae
420 3362 505 3429 urbe,
531 3364 561 3415 in
583 3362 641 3417 olla
659 3368 781 3433 reperta
800 3367 830 3417 et
848 3366 936 3432 parte
954 3362 1132 3433 capillorum
1150 3362 1302 3433 baptistae
1319 3362 1363 3419 Io·

244 3434 332 3488 annis
353 3434 505 3503 sanguine
530 3437 681 3488 concreta.

201 3502 235 3556 13
334 3502 435 3573 Atque
453 3506 485 3558 in
504 3505 595 3559 rebus
615 3504 728 3560 bellicis
748 3505 816 3560 talis
836 3506 894 3559 luit
914 3506 962 3560 hic
985 3506 1151 3576 imperator
1173 3506 1364 3576 Romanique

244 3577 362 3645 imperii
390 3576 466 3630 fines
493 3575 586 3645 longe
613 3576 734 3647 lateque
761 3578 959 3648 propagavit3
992 3577 1045 3632 sed
1079 3579 1169 3633 certis
1197 3577 1235 3632 dc
1263 3578 1363 3632 causis

200 3646 235 3699 14
245 3648 378 3702 omnium
399 3646 469 3701 odia
488 3648 629 3718 suscepit.
666 3648 728 3703 Eas
747 3650 880 3713 fluerunt,
900 3648 991 3718 quod,
1014 3664 1084 3703 cum
1101 3650 1122 3703 ii
1141 3650 1257 3717 milites,
1286 3664 1363 3719 quos

245 3718 423 3773 defectionis
433 3718 531 3774 socios
542 3718 697 3787 habuerat,
714 3720 825 3773 damna
838 3720 986 3775 inferrent
1000 3721 1147 3789 omnibus,
1159 3722 1191 3775 in
1206 3736 1282 3791 quos
1291 3721 1364 3775 inci·

245 3790 361 3858 derant,
374 3789 425 3843 illc
438 3805 499 3857 eos,
518 3791 569 3860 qui
585 3790 695 3845 damna
708 3797 898 3861 acceperant,
919 3807 980 3846 non
993 3796 1115 3846 curaret
1127 3796 1158 3846 et
1170 3793 1271 3847 multis
1283 3792 1365 3847 aedi-

245 3863 302 3916 bus
318 3868 381 3915 tum
400 3862 560 3916 illustrium
574 3867 636 3915 tum
650 3863 837 3932 plebeiorum
851 3863 1006 3917 hominum
1019 3863 1153 3933 direptis,
1172 3865 1215 3917 sic
1236 3864 1363 3919 allectus

244 3938 331 4000 esset,
352 3935 439 4002 quasi
453 3933 526 3987 nihil
538 3933 607 3988 mali
622 3934 794 4003 accidisset3
815 3934 870 3988 scd
888 3934 1098 3989 delectabatur
1116 3936 1217 4003 potins
1235 3936 1362 4003 iniuriis,

245 4004 356 4073 quibus
375 4006 457 4059 cives
477 4005 691 4075 onerabantur,
720 4007 860 4074 quamvis
879 4020 984 4060 eorum
1009 4020 1067 4076 ope
1086 4005 1126 4059 ad
1149 4020 1278 4075 regnum
1296 4022 1362 4076 per

201 4072 384 4130 invenisset.
422 4074 586 4131 Praeterea
609 4078 827 4132 continentium
851 4076 998 4131 bellorum
1023 4083 1185 4147 praetextu
1203 4078 1291 4132 novis
1313 4078 1362 4131 tri·

244 4147 324 4202 butis
338 4147 529 4203 instituendis
543 4154 573 4203 et
592 4149 746 4203 veteribus
764 4148 924 4217 augendis,
944 4149 1040 4202 omnis
1058 4150 1180 4218 generis
1198 4148 1361 4203 exactioni·

244 4219 301 4272 bus
315 4219 467 4275 subiectos
481 4220 644 4289 premebat,
662 4234 739 4288 quos
753 4220 867 4287 milites,
886 4234 1070 4289 quocunque
1092 4224 1249 4289 venerant,
1267 4218 1361 4274 nihilo

201 4288 234 4343 16
245 4290 420 4345 clementius
440 4290 619 4357 tractabant,
640 4306 730 4359 quam
750 4290 860 4345 hostes.
896 4288 943 4344 Ad
964 4291 1039 4345 baec
1059 4292 1098 4345 ob
1117 4292 1292 4361 frequentes
1310 4306 1361 4345 cx-

245 4361 421 4431 pcditiones,
441 4364 590 4431 pecuniae
610 4362 742 4432 inopiam
755 4362 920 4429 causando,
939 4363 1041 4431 regias
1054 4363 1230 4432 largitiones
1243 4364 1361 4417 senatui

245 4432 311 4487 dari
338 4433 440 4489 solitas
469 4448 507 4489 ex
536 4438 623 4505 parte
650 4433 848 4489 imminuebat
874 4439 905 4489 et
932 4448 1036 4489 annua
1062 4434 1143 4489 dona
1166 4434 1206 4489 ab
1229 4434 1361 4504 antiquis
