3050 4775
244 376 295 431 168
543 374 678 431 ZONAR.
699 374 797 429 ΕΡΙΤ.
818 374 884 429 xlv
904 377 929 442 8,
951 376 1063 429 12-25.

242 556 460 640 ἀρχιερατικὴν
491 558 655 639 καθέδραν
685 564 738 640 τῆς
770 558 843 627 νέας
873 557 998 640 Ῥώμης
1028 556 1190 640 Εὐτόχιος,
1223 556 1361 639 προστὰς
1371 572 1398 626 1)
1413 572 1519 625 111281

200 668 233 721 13
243 659 458 743 δρθσφρόνως
480 666 534 743 τῆς
557 660 722 743 ἐκκλησίας
745 658 903 729 ἐνιαυτοὺς
927 660 1127 724 δυοκαίδεκα.
1173 657 1224 744 ἐφ’
1249 658 1288 724 οὗ
1306 660 1360 723 καί

243 764 262 846 ἡ
285 764 409 846 πέμπτη
433 762 642 845 συνήθροιστο
665 762 800 833 σύνοδος
821 769 886 825 τῶν
909 762 1021 826 ἑκατὸν
1036 764 1187 845 ἑξήκοντα
1203 763 1256 826 καί
1271 766 1361 827 πέντε

243 866 343 947 ἁγίων
364 868 520 947 πατέρων,
544 863 592 929 ὥν
614 866 727 948 ἐξῆρχε
742 864 877 947 Βιγίλιος
892 866 999 935 πάπας
1014 865 1139 948 Ῥώμης
1158 866 1213 929 καὶ
1235 866 1254 929 ὁ
1277 868 1359 948 εἰρη-

201 974 234 1027 14
242 970 338 1051 μένος
353 967 508 1051 Εὐτόχιος
529 968 583 1032 καί
606 968 625 1031 δ
642 968 872 1050 Ἀλεξανδρείας
888 968 1106 1051 Ἂπολινάριος.
1152 969 1389 1051 συνήθροιστοό

244 1071 278 1134 δὲ
294 1070 373 1133 κατὰ
385 1070 564 1153 Ὠριγένους
583 1070 636 1133 καί
659 1075 722 1133 τῶν
745 1070 928 1132 ἀλλοκότων
950 1071 1070 1133 ἐκείνου
1094 1069 1201 1143 δοξῶν
1223 1069 1363 1133 καὶτῶν

201 1173 280 1236 loro
303 1173 424 1236 ἐκείνου
446 1173 707 1256 πρεσβευσάντων
731 1173 873 1254 Διδόμαυ
896 1172 950 1235 καὶ
972 1171 1144 1254 Εὖαγρίου,
1171 1174 1278 1243 οἵτινες
1299 1177 1364 1236 τῶν

243 1282 360 1358 ψυχῶν
382 1274 580 1359 προΰπαρξιν
603 1276 808 1358 ἕδογμάτιζσν
828 1275 882 1338 καὶ
904 1275 990 1346 τέλος
1012 1283 1066 1359 τῆς
1081 1276 1243 1346 κολάσεως
1259 1276 1364 1357 ἔλεγον

103 1377 297 1441 Ρ116811κα1
326 1383 390 1441 τῶν
420 1378 583 1460 δαιμόνων
611 1380 653 1449 εἰς
680 1378 716 1442 τὸ
745 1380 878 1460 ἀρχαῖον
910 1378 1159 1443 ἀποκατάστασιν
1190 1379 1243 1442 καί
1275 1380 1363 1459 ἔτερα

202 1487 235 1541 16
243 1480 380 1562 πλείονα,
405 1482 460 1551 οὓς
483 1480 537 1543 καλ
560 1480 734 1563 ἀναθέματι
757 1480 814 1544 σὺν
836 1486 900 1551 τοῖς
922 1482 1029 1543 αὐτῶν
1048 1481 1185 1563 ὑπέβαλε
1200 1481 1363 1563 δόγμασιν,
1378 1490 1411 1543 lo

245 1582 322 1645 ἀλλὰ
337 1582 460 1647 καὶτὸν
476 1582 727 1666 Μσμψαυεστίας
743 1580 917 1665 Θεόδωρον
932 1582 969 1646 τὰ
985 1582 1159 1664 Νεστορίου
1175 1590 1364 1665 φρονοῦντα,

245 1688 264 1768 ἢ
287 1684 408 1767 μᾶλλον
430 1686 550 1749 ἐκείνου
575 1685 722 1767 γεγονότα
747 1684 945 1759 διδάσκαλον,
968 1686 1022 1749 καὶ
1044 1692 1100 1749 τοῦ
1118 1686 1272 1768 βασιλέως
1289 1685 1364 1749 'loo-

245 1794 397 1852 στινωνοῦ
424 1788 580 1871 παρόντος
606 1790 641 1852 έν
665 1794 704 1872 τῇ
732 1787 860 1871 συνόδῳ
891 1789 946 1852 καί
972 1789 1237 1859 συνευδοκοῦντος
1266 1788 1312 1859 οίς
1335 1789 1367 1851 οἱ

246 1890 326 1953 θεῖσι
348 1892 479 1973 πατέρες
502 1892 613 1953 ἐκεῖνοι
636 1890 798 1973 θεοφιλῶς
820 1890 1042 1973 ᾠκονόμησαν.

204 2000 235 2054 17
336 1992 423 2056 Ἀλλά
452 1998 547 2057 ταῦτα
573 1992 633 2075 μὲν
659 1993 753 2076 ταότη
781 1994 958 2075 συνήνεκτο.
1004 1993 1023 2056 δ
1050 1993 1233 2076 Βελισάρισς
1262 1994 1296 2057 δὲ
1322 1994 1365 2064 εἰς
1378 2002 1411 2056 15

246 2224 341 2292 2περί
359 2232 404 2293 τῆς
421 2224 540 2293 πέμπτης
559 2225 672 2278 συνόδου
690 2223 767 2279 ΑΟΕ
842 2224 874 2280 15
892 2227 965 2285 ὅπως
982 2227 999 2278 ό
1016 2225 1170 2293 Βελισόριος
1189 2224 1229 2294 (v.
1243 2225 1283 2279 ad
1296 2224 1365 2280 XIV

246 2295 272 2363 7,
290 2295 336 2359 21)
354 2295 401 2366 τὴν
416 2294 524 2365 Ῥώμην
542 2296 618 2367 ἔλαβε
637 2296 683 2351 καί
700 2297 789 2356 πόλεις
807 2296 894 2365 ἑτέρας
914 2297 962 2353 ΟΕ

302 2521 315 2573 l
336 2528 380 2590 τῆς
393 2521 452 2580 νέας
465 2521 558 2588 ῥώμης
571 2522 708 2588 καθέδραν
721 2521 747 2575 D
815 2523 833 2575 3
851 2521 945 2576 έκαιόν
956 2523 1083 2590 ἑξήκοντα
1097 2523 1142 2576 καί
1154 2525 1230 2576 πέντε
1241 2520 1365 2590 ,1111)ττρ

301 2595 340 2653 (v.
355 2591 389 2646 G.
404 2591 440 2645 M.
461 2609 488 2662 p.
505 2592 618 2659 528,17,
642 2592 728 2647 Codr.
747 2593 761 2645 I
782 2610 810 2662 p.
827 2593 953 2660 659,18),
972 2593 1066 2647 ἕκατδν
1085 2593 1131 2647 καί
1148 2593 1309 2661 πεντήκοντα
1328 2591 1365 2656 Ι),

300 2663 393 2717 ἑκατὸν
412 2663 457 2716 καί
477 2665 552 2718 πέντε
571 2663 596 2717 R
720 2663 925 2732 δάπολινάριος
945 2663 997 2718 AR
1017 2671 1057 2729 (v.
1076 2664 1111 2720 G.
1131 2663 1168 2718 Μ.
1187 2664 1204 2717 l.
1224 2680 1258 2730 c,
1278 2663 1364 2719 Cedr.

301 2733 319 2786 l.
339 2751 373 2801 0,,
392 2735 477 2804 Glyc.
498 2751 525 2804 p.
545 2734 606 2800 504,
626 2736 662 2802 7),
681 2736 864 2803 δπσλλινάριος
884 2733 1032 2805 CEwth',
1052 2753 1080 2789 ν.
1100 2736 1139 2789 ad
1157 2735 1230 2789 XIII
1252 2735 1292 2803 12,
1312 2734 1348 2788 22

301 2805 318 2858 6
338 2805 642 2875 pessumsedere
666 2807 744 2876 Ewp,
766 2823 822 2860 orn.
842 2807 894 2861 AO
914 2811 949 2860 ut
968 2805 1002 2862 G.
1022 2806 1058 2860 M.
1079 2824 1106 2876 p.
1126 2807 1187 2874 528,
1206 2807 1241 2860 23

301 2877 319 2929 8
336 2877 508 2944 έδσγμάτισαν
528 2877 552 2931 0
626 2878 660 2931 10
678 2878 809 2947 ὑπέβαλον
827 2877 854 2930 Ι)
937 2879 968 2931 11
988 2881 1187 2948 μαμψουεστίας
1205 2877 1239 2945 Α,
1258 2900 1364 2947 μοιμου-

301 2949 384 3008 εστίας
403 2946 529 3017 prDi,
559 2965 585 3002 v.
607 2948 644 3003 de
665 2949 806 3003 Booriurn
831 2949 892 3002 incl.
911 2949 1044 3019 Theoph.
1069 2965 1091 3004 s.
1113 2967 1141 3003 v.
1161 2951 1365 3018 Μομψουεσιάι,

302 3020 462 3074 Gelzorurn
483 3019 522 3074 ιτα
543 3019 654 3090 Georg.
672 3019 760 3089 Cypr.
774 3020 834 3087 819,
854 3020 984 3074 Hierool.
1004 3021 1127 3090 synecd.
1146 3021 1235 3089 705,3
1253 3019 1366 3074 Burok·

302 3091 391 3145 hardt
465 3092 506 3145 13.
527 3092 560 3144 14
579 3091 617 3150 οἷς
638 3096 704 3160 post
722 3094 818 3144 ἐκεῖνοι
838 3090 861 3143 Β
935 3091 969 3144 14
988 3092 1164 3161 ᾠκονόμησαν
1182 3092 1292 3161 AEwp,
1310 3093 1365 3146 έδο-

302 3161 472 3287 γμάτέιανθ
559 3162 592 3216 15
610 3161 775 3231 Βελισάριος]
795 3178 823 3216 v.
843 3162 883 3216 sd
902 3161 971 3217 XIV
989 3162 1015 3230 7,
1034 3163 1068 3217 21
1154 3168 1222 3234 post
1240 3165 1277 3224 εἰς
1296 3163 1366 3218 add.

302 3254 349 3302 την
393 3249 440 3303 wp

207 3443 239 3498 13
249 3447 306 3501 XII
326 3448 466 3518 praefuit.
503 3445 566 3503 Sub
595 3449 652 3503 hoc
671 3449 809 3516 quintum
838 3450 997 3504 concilium
1027 3456 1072 3504 est
1099 3455 1237 3504 eoactum
1263 3449 1368 3505 CLXV

250 3523 423 3574 sanctorum
443 3522 571 3589 patrum,
592 3534 720 3588 qnorum
735 3521 876 3589 princeps
888 3523 945 3574 suit
958 3521 1095 3590 Vigilins,
1114 3521 1367 3592 pnpeRornsnus,

250 3595 280 3646 et
299 3591 332 3656 is,
362 3591 449 3646 euius
469 3595 514 3644 est
533 3591 645 3645 mentio
665 3592 754 3656 facta,
779 3591 946 3659 Eutychius
965 3598 995 3646 et
1014 3592 1240 3648 Alexandrinus
1258 3591 1368 3662 Apolli-

206 3657 340 3715 Moeris.
378 3661 504 3716 Consilii
524 3663 611 3716 huius
631 3661 736 3716 indicti
755 3677 849 3716 causa
868 3665 925 3717 fuit
945 3664 1092 3734 Origenes
1110 3666 1237 3734 eiusque
1249 3680 1369 3734 perver-

206 3729 303 3786 15sse
322 3733 480 3802 opiniones
494 3737 524 3787 et
534 3733 598 3788 eius
608 3738 774 3789 sectatores
784 3733 934 3803 Didymus
952 3740 1045 3804 atque
1053 3736 1219 3806 Euagrius,
1239 3749 1368 3805 quorum

250 3803 362 3872 dogrne
381 3804 438 3858 suit
458 3805 574 3859 enimes
593 3811 664 3860 ante
684 3820 814 3876 corporo
833 3806 968 3860 extitisse
987 3814 1016 3861 et
1034 3807 1174 3876 supplicii
1192 3809 1282 3862 finem
1302 3821 1370 3861 esse

250 3879 280 3928 et
300 3874 463 3931 daemones
482 3877 639 3946 pn'stinsm
660 3875 839 3945 dignitatem
859 3883 1102 3946 recuperaturos,
1131 3879 1252 3947 aliaque
1270 3877 1368 3948 plura.

207 3944 240 3996 16
250 3944 313 4000 Ηοε
341 3961 445 4000 eorum
469 3961 509 4002 ue
539 3947 684 4014 dogmata
712 3963 832 4002 necnon
860 3947 1054 4004 Theodorum
1085 3965 1122 4004 ex
1153 3948 1369 4019 Mompsuestio

250 4015 380 4072 Nestorii
409 3963 643 4088 suffragatorem
663 4019 711 4073 vel
741 4020 841 4089 potius
870 4018 949 4075 illius
978 4023 1156 4090 magistrum
1176 4021 1369 4076 anathemate

250 4089 376 4156 notavit,
397 4104 465 4144 oum
489 4105 545 4143 rex
564 4090 751 4144 Iustinisnns
777 4090 903 4144 concilio
922 4094 1081 4146 interesset
1109 4097 1139 4146 et
1166 4093 1217 4162 pis
1246 4092 1370 4148 decreta

249 4160 368 4215 illorum
387 4165 508 4231 patrum
528 4162 720 4230 approbaret.

206 4231 239 4285 17
340 4231 441 4301 Atque
451 4232 527 4286 haee
545 4234 588 4286 its
598 4237 685 4300 geste
696 4237 776 4286 sunt.
812 4231 976 4287 Belissrius
989 4238 1099 4300 entem,
1119 4247 1188 4286 cnm
1207 4235 1238 4288 in
1252 4235 1369 4289 Italiam

251 4303 426 4370 traiecisset,
456 4303 584 4372 primum
604 4303 724 4372 quidem
745 4303 901 4372 Neapolim
929 4304 1086 4358 obsidione
1105 4306 1201 4374 oepit,
1231 4313 1295 4361 tum
1314 4306 1370 4362 Ro·

251 4390 330 4428 mam
351 4389 474 4444 quoque
494 4375 600 4445 ipsam,
619 4376 695 4430 urbe
714 4377 824 4446 partim
844 4377 875 4429 vi
894 4377 1005 4446 partim
1024 4376 1238 4432 benevolentis
1258 4378 1369 4433 civium
