3050 4775
243 418 296 475 εει
526 418 663 475 zonis.
682 418 780 474 uuis.
801 420 885 475 xvii
905 418 946 489 τι,
967 419 1079 478 is-as.

152 606 180 661 D
200 606 234 662 15
243 602 311 666 νίαν
332 626 365 665 τε
387 602 441 666 καί
462 604 670 686 παραφοράν·
695 602 714 666 δ
738 600 767 666 δ’
791 602 938 685 ἐκτομίας
957 603 1106 687 Ἰωάννης
1128 602 1185 685 τὴν
1207 602 1284 686 ὅλην
1306 602 1359 666 ἀν-

243 704 369 779 εδέξατο
385 712 439 789 τῆς
461 707 617 789 βασιλείας
639 707 837 788 κυβέρνησιν,
859 705 1034 789 μοναχικδν
1056 705 1115 789 μέν
1136 707 1231 770 πάλαι
1254 712 1360 789 σχῆμα

199 815 233 869 16
243 808 433 888 έπενδυδείς,
457 814 549 872 τοῦτο
572 808 607 873 δὲ
628 814 734 892 τηρῶν
756 810 829 891 ἄχρι
851 808 954 891 μόνου
977 816 1032 873 τοῦ
1049 812 1218 894 σχήματος.
1264 809 1359 873 Κων-

243 917 400 982 σταντῖνος
423 912 457 975 δὲ
476 913 671 994 πατρίκιοςδ
690 912 902 995 Δαλασσηνός,
927 914 1008 975 οἴκοι
1031 912 1200 995 διατρίβων
1222 911 1361 993 καὶπερὶ

243 1018 298 1076 τοῦ
321 1014 394 1077 νέου
417 1014 571 1097 βασιλέως
592 1015 786 1098 πυθόμενος,
812 1014 1052 1097 δυσανασχετῶν
1074 1014 1113 1098 ἦν
1136 1015 1180 1079 ὅτι
1202 1016 1245 1086 εἰς
1260 1014 1392 1095 ἀνδραὸ

201 1124 235 1178 17
243 1122 383 1180 τοιοῦτον
405 1119 425 1200 ἡ
448 1118 586 1201 βασιλεία
608 1120 750 1201 περιέστη
771 1117 948 1201 Ῥωμαίων.
994 1123 1086 1181 τοῦτο
1114 1118 1260 1201 θορύβου
1288 1115 1362 1188 τοὺς

243 1218 314 1301 περὶ
335 1217 390 1282 τδν
411 1219 538 1301 βασιλέα
564 1221 728 1303 έμέστωσε,
756 1222 952 1303 πτοηθέντος
973 1221 1095 1303 μήποτε
1117 1221 1136 1283 ὁ
1160 1219 1362 1302 Δαλασσηνδς

201 1321 400 1403 18τυραννίδι
428 1321 579 1405 ἐπίθηται.
624 1323 678 1386 καὶ
704 1323 817 1387 στέλλει
839 1323 858 1387 δ
877 1322 1027 1405 Ἰωάννης
1052 1323 1106 1387 τδν
1135 1323 1244 1405 ὅρκοις
1266 1320 1362 1385 αὐτὸν

243 1425 458 1507 βεβαιώσοντα
491 1426 538 1496 ὡς
567 1424 698 1495 οὐδενὸς
725 1426 858 1507 ἀνιαροῦ
886 1425 1108 1508 παραβήσεται
1136 1425 1190 1488 καί
1217 1425 1361 1488 πείσοντα

41 1525 490 1609 Ρ11236Α19τδνᾶνδρατῴ
511 1527 633 1610 βασιλεῖ
657 1528 853 1610 προσελθεῖν.
899 1527 953 1591 καί
976 1527 994 1590 ὁ
1016 1526 1076 1609 μὲν
1103 1527 1276 1610 προσῆλθε,
1308 1526 1363 1589 καὶ
1375 1539 1416 1594 10

244 1629 263 1692 ὁ
286 1628 430 1712 βασιλεὺς
451 1628 547 1693 αὐτὸν
570 1630 733 1700 ἀσπασίως
754 1631 939 1713 προσήκατο
955 1630 1008 1693 καί
1024 1630 1211 1704 ἐδεξιώσατο
1228 1629 1362 1711 δωρεαῖς

243 1731 297 1795 καί
318 1731 438 1815 μείζονι
460 1733 532 1815 ἀξίᾳ
554 1734 696 1815 τετίμηκε
718 1731 772 1795 καὶ
794 1733 828 1796 ἐν
849 1738 888 1815 τῇ
910 1731 996 1797 πόλει
1020 1733 1134 1813 διάγειν
1157 1732 1306 1795 ἐκέλευσε.

199 1842 235 1895 20
333 1834 475 1917 Νικήτσς
502 1835 535 1898 δὲ
563 1835 660 1899 δτοῦ
687 1834 841 1918 βασιλέως
869 1834 1028 1917 ὁμαίμων,
1062 1832 1140 1908 δοδξ
1166 1840 1220 1917 τῆς
1248 1833 1298 1897 ini
1323 1840 1362 1917 τῇ

246 1938 357 2021 Δάφνῃ
377 1938 562 2020 Ἀντιοχείας
583 1938 823 2020 προχειρισδείς,
852 1938 962 2020 εἴρχδη
986 1935 1073 2020 παρὰ
1096 1942 1160 2000 τῶν
1179 1937 1363 2020 Ἀντιοχέων

200 2047 232 2101 21
244 2047 298 2123 τῆς
321 2042 364 2111 εἰς
386 2040 442 2123 τὴν
464 2040 553 2103 πόλιν
576 2040 708 2103 εἰσόδου.
753 2040 918 2122 πράκτορα
943 2039 1002 2123 γάρ
1025 2062 1091 2102 τινα
1114 2044 1178 2103 τῶν
1199 2039 1413 2123 δημοσίωνιῦ

245 2143 352 2224 τελῶν,
377 2143 423 2213 ῶς
446 2144 551 2212 αὐτοῖς
574 2148 735 2225 φορτικῶς
756 2143 1055 2224 προσενηνεχμενον,
1079 2140 1236 2213 ἀνελόντες
1259 2144 1290 2205 σί
1308 2148 1363 2225 τῆς

241 2246 425 2328 Ἀντιοχείας
445 2246 565 2309 πολῖται
581 2246 634 2308 καὶ
650 2245 826 2315 δεδοικότες
840 2244 885 2327 μὴ
904 2245 993 2315 δίκας
1008 2252 1054 2326 τῷ
1070 2244 1161 2307 δουκί
1176 2250 1231 2308 τοῦ
1246 2244 1363 2328 τολμή-

201 2355 236 2410 ἳὶ)
244 2372 345 2431 ματος
366 2350 499 2423 τίσωσιν,
522 2349 726 2432 δπεζύχωσαν
748 2350 836 2432 αὐτῷ
858 2346 913 2419 τὰς
932 2348 1033 2419 πύλας
1047 2354 1102 2431 τῆς
1116 2346 1248 2419 πόλεως.
1293 2346 1364 2412 δδὲ

245 2527 263 2580 3
280 2527 341 2596 περὶ
360 2533 405 2581 τοῦ
422 2527 595 2595 Δαλασσηνοῦ
613 2525 658 2580 καί
677 2524 721 2580 διὰ
739 2526 794 2579 τίνα
813 2525 896 2580 αἰτίαν
914 2525 1066 2594 καδείρχδη
1086 2523 1134 2579 ΟΕ

298 2687 323 2741 2.
341 2687 360 2741 3
376 2687 456 2740 πάλαι
475 2695 564 2757 σχῆμα
581 2687 733 2746 έπενδυδελς
751 2683 807 2739 ΑΙ)
828 2685 912 2740 Pseli.
933 2703 960 2754 p.
980 2685 1023 2752 54,
1036 2686 1079 2753 28,
1100 2687 1199 2754 ἔνδυμα
1217 2685 1296 2738 πάλαι
1314 2685 1363 2752 ἀμ·

300 2759 461 2827 φιασάμενος
480 2759 554 2828 pr
626 2757 862 2826 ὃδυςανοσχετὼν
881 2756 967 2827 Bswp
1040 2757 1056 2812 6
1073 2757 1194 2825 περιέστη
1214 2761 1285 2810 unte
1303 2757 1319 2825 ἡ
1340 2755 1363 2811 C

299 2831 325 2883 b'.
344 2830 360 2884 7
379 2831 500 2900 θορύβου
520 2834 587 2899 post·
603 2832 712 2900 βασιλέα
730 2829 779 2884 BC
851 2829 868 2883 8
886 2829 1009 2898 ἐπίθηται
1025 2827 1152 2898 prDi,
1170 2829 1317 2897 έπιτίδηται
1335 2826 1363 2880 Α

334 2903 416 2969 ὅρκον
435 2905 465 2954 et
477 2903 568 2968 ὅρκοις
580 2917 635 2972 per
649 2902 771 2972 dittogr.
785 2899 812 2952 D
867 2901 884 2954 9
902 2901 1085 2970 dedendusne
1104 2900 1176 2970 Ewp
1234 2899 1268 2952 12
1285 2899 1362 2962 ἀξιώ-

297 2994 359 3041 ματι
371 2974 477 3041 ἐτίμησε
490 2973 561 3042 Ewp
635 2974 669 3027 13
687 2982 719 3042 τῇ
738 2988 796 3025 om.
810 2972 910 3042 DEwp
985 2973 1019 3025 14
1036 2973 1131 3040 είρχδτχ
1148 2970 1196 3024 BE
1269 2970 1303 3025 17
1320 2971 1363 3024 α’ν-

299 3046 388 3113 τιόχου
407 3044 435 3098 D
536 3045 637 3098 πολῖται
657 3041 796 3114 O⁸wpDi,
814 3044 916 3097 πολίται
935 3041 987 3096 ΑΕ
1095 3043 1129 3097 18
1147 3044 1255 3096 τίσωσιν
1274 3041 1363 3108 ADE,

298 3119 413 3170 τίσουσιν
430 3116 464 3185 R,
483 3114 599 3185 otzujow
618 3115 670 3184 w*,
689 3117 800 3169 δίδωσιν
819 3114 854 3185 p*

246 3280 455 3348 pretsbantur,
474 3294 534 3348 quo
548 3294 610 3332 non
622 3293 710 3332 secus
725 3281 817 3346 atque
831 3276 900 3330 olim
914 3274 986 3331 Saul
1000 3276 1180 3345 angebatur,
1200 3275 1250 3328 alii
1264 3290 1363 3328 nmen-

203 3355 237 3410 15
247 3353 318 3406 tiam
343 3357 373 3406 et
396 3352 554 3418 insaniam,
583 3349 622 3403 ad
641 3349 787 3403 Ioannem
810 3346 977 3417 spadonem
1001 3362 1118 3400 summa
1140 3362 1242 3400 rerum
1262 3347 1363 3400 delata

246 3427 300 3488 est,
325 3436 393 3476 eum
412 3422 462 3476 ille
482 3421 602 3490 quidem
626 3419 766 3474 monachi
792 3424 906 3474 vestem
926 3421 986 3473 inm
1009 3418 1077 3472 olim
1097 3418 1281 3487 sumpsisset,
1309 3416 1363 3472 sed

202 3499 236 3552 16
246 3493 353 3547 habitu
372 3493 531 3546 dumtaxat
550 3492 622 3546 illud
642 3493 725 3546 vitae
747 3506 845 3560 genus
869 3491 1069 3559 profiteretur.
1107 3489 1269 3544 Enimvero
1289 3488 1363 3544 Con-

246 3565 397 3618 stantinus
415 3563 601 3618 Dalassenus
621 3564 774 3632 patricius,
800 3563 879 3616 domi
900 3560 1023 3632 degens,
1044 3576 1112 3615 cuin
1132 3560 1169 3614 de
1188 3576 1269 3615 novo
1290 3576 1363 3630 rege

246 3635 421 3703 audivisset,
442 3634 661 3703 indignabatur
673 3633 878 3688 Romanorum
898 3647 1027 3703 regnum
1047 3632 1086 3686 ad
1104 3632 1194 3686 talem
1212 3633 1363 3687 hominem

203 3714 236 3768 17
247 3722 313 3761 esse
327 3706 511 3760 devolutum.
549 3706 650 3770 Quare
662 3704 789 3759 Michaitl
804 3720 870 3759 sum
885 3706 947 3758 suis
961 3704 1155 3758 vehementer
1168 3704 1363 3772 perturbatus

202 3787 237 3840 18
247 3778 419 3845 verebatur,
446 3793 486 3831 ne
513 3776 698 3831 Delassenus
726 3791 855 3847 regnum
885 3777 1050 3829 affectaret.
1097 3774 1204 3843 Itaque
1233 3775 1363 3829 Ioannes

247 3849 398 3918 quendam
419 3850 515 3917 mittit,
543 3851 595 3917 qui
618 3847 815 3902 iureiurando
840 3847 1001 3901 affirmaret
1024 3847 1096 3900 nihii
1117 3848 1143 3899 ei
1167 3846 1363 3900 metuendum

203 3920 237 3973 19
247 3936 313 3975 esse
332 3921 402 3973 mali
428 3921 556 3990 viroque
581 3920 787 3989 persuaderet,
816 3924 850 3973 ut
867 3933 972 3989 regem
996 3919 1180 3973 conveniret.
1217 3917 1275 3982 Qui
1295 3933 1363 3972 cum

246 3994 388 4058 venisset,
421 4007 439 4045 a
466 4007 541 4061 rege
573 3993 706 4060 benigne
733 3995 893 4060 susceptus
921 4004 957 4043 αο
986 3989 1162 4043 muneribus
1192 3994 1222 4043 et
1249 3989 1362 4043 maiore

247 4063 397 4133 dignitate
416 4068 524 4117 auctus
542 4065 573 4116 in
593 4064 669 4117 urbe
688 4062 803 4131 degere
821 4063 922 4115 iussus
941 4071 994 4115 est.

201 4135 237 4187 20
336 4133 456 4188 Nicetss
475 4150 557 4202 vero,
577 4136 659 4204 regis
678 4135 781 4199 frater,
802 4133 864 4186 dux
885 4132 1077 4201 Daphnensis
1089 4129 1269 4186 Antiochiae
1290 4131 1364 4184 desi·

202 4206 361 4276 signatus
377 4221 437 4259 non
458 4211 503 4260 est
522 4207 551 4259 in
571 4206 678 4259 urbem
697 4206 736 4258 ab
756 4203 952 4258 Antiochenis
975 4203 1132 4257 admissus.
1170 4203 1245 4258 Nam
1269 4201 1364 4272 publi·

249 4293 352 4331 corum
371 4278 566 4346 vectigalium
587 4282 738 4342 exactore,
758 4291 777 4328 s
797 4290 857 4343 quo
871 4290 903 4329 se
923 4275 1029 4329 durius
1042 4279 1187 4340 tractatos
1206 4275 1364 4344 putabant,

247 4349 416 4413 interfecto,
445 4348 663 4403 Antiochenses
682 4347 780 4414 veriti,
805 4361 844 4400 ne
868 4348 932 4400 eius
951 4347 1095 4400 facinoris
1114 4361 1228 4415 poenas
1248 4345 1363 4411 darent,

203 4418 333 4474 22urbis
353 4427 456 4490 portas
476 4420 546 4474 duci
566 4420 749 4481 clauserunt;
779 4433 836 4475 nec
855 4419 939 4489 prins
958 4417 1116 4483 admisere,
1145 4432 1234 4487 quam
1255 4417 1364 4471 iureiu-
