3050 4775
271 380 540 445 oscvustucvs
558 384 716 445 DOCTOR
735 384 814 443 cvii
833 384 917 444 SVIS
936 384 1195 445 COMBVRI'PVR.
1250 387 1301 447 261

178 569 240 652 μέν
262 570 386 655 ἀφῆκεν
408 571 451 643 είς
472 570 529 654 τὴν
551 572 706 654 σφετέραν
727 571 925 654 πυρωθῆναι
949 570 1119 654 διατριβήν,
1142 571 1196 635 τὸν
1213 570 1303 635 οἶκον

179 674 300 738 ἐκεῖνον
332 675 453 759 θηίαόὴ
486 673 540 738 τὸν
571 675 736 757 βασίλειον,
771 674 865 745 αὐτὸς
893 674 927 738 δὲ
956 674 1105 745 κελεύσας
1128 676 1303 757 εὔπρηστον
1312 684 1347 739 22

177 778 258 861 ὕλην
288 778 486 862 συναχθῆναι
516 777 635 861 πολλὴν
666 778 721 841 καὶ
746 780 837 861 πέριξ
862 784 918 841 τοῦ
951 780 1041 841 οἴκου
1073 778 1216 842 τεθεῖσαν
1247 779 1302 841 άν-

178 881 324 964 αηνθῆναι
345 880 467 955 νυκτός,
491 882 576 945 οὕτω
598 880 653 944 τόν
676 905 708 945 τε
731 881 820 945 οἶκον
844 880 900 945 σὺν
922 886 989 951 ταῖς
1011 881 1131 963 βίβλοις
1152 881 1207 945 καί
1229 879 1302 953 τοὺς

151 983 302 1068 ὅσοφοὺς
323 983 463 1054 ἐκείνους
485 984 605 1066 ἄνδρας
626 984 681 1047 καί
704 984 894 1067 σεβασμίους
917 984 1101 1047 κατέκαυσε.

269 1085 327 1149 Διά
348 1092 445 1150 ταῦτα
468 1086 487 1149 ὁ
509 1094 564 1170 τῆς
585 1088 800 1169 πρεσβυτέρας
819 1085 945 1169 Ῥώμης
967 1086 1034 1150 τότε
1056 1085 1113 1168 τὴν
1136 1087 1333 1171 ἔκκλησίαν4

177 1190 301 1254 ίθύνων
315 1188 350 1252 Γ
344 1187 493 1272 ρηγόριος
515 1197 570 1273 τῆς
591 1189 673 1274 πρὸς
695 1189 750 1254 τὸν
771 1196 826 1273 τῆς
845 1191 917 1259 νέας
929 1188 1055 1272 Ῥώμης
1069 1189 1301 1271 προεδρεύοντα

177 1292 233 1356 καί
254 1292 326 1363 τοὺς
349 1292 460 1375 ἐκείνῳ
483 1292 671 1376 ὁμόφρονας
698 1292 838 1363 ἀποστὰς
866 1293 1043 1374 κοινωνίας,
1077 1292 1216 1363 ἐκείνους
1242 1292 1302 1375 μὲν

177 1394 237 1459 σὺν
267 1403 314 1478 τῷ
343 1395 465 1479 βασιλεῖ
493 1396 654 1479 συνοθικῴ
686 1395 909 1478 καθυπέβαίεν
944 1394 1128 1476 ἀναθέματι,
1162 1394 1235 1467 τοὺς
1268 1394 1373 1460 ὅὲΡΙΙ
1386 1403 1469 1461 105A

131 1498 170 1552 10
176 1498 271 1582 μέχρι
292 1499 360 1563 τότε
381 1505 419 1583 τῇ
442 1499 581 1583 βασιλείᾳ
609 1500 841 1582 κομιζομένους
869 1498 992 1563 ἐκεῖθεν
1024 1498 1148 1579 φόρους
1180 1498 1300 1581 ἐπέσχε,

177 1607 243 1673 τοῖς
267 1601 426 1685 Φράγγοις
448 1602 667 1686 σπεισάμενος·
692 1604 731 1667 οὐ
755 1602 815 1686 γὰρ
838 1607 893 1665 τοῦ
917 1606 982 1666 τῶν
1000 1601 1168 1683 Ῥωμαίων
1191 1602 1328 1683 γένους2

9 1702 98 1756 Dlll
111 1698 211 1768 3420&
236 1704 386 1788 Φράγγοι,
419 1705 496 1769 ἀλλὰ
520 1704 719 1788 Γερμανικὸν
751 1706 847 1776 ἔθνος
878 1704 1008 1775 τούτους
1036 1703 1115 1768 είναί
1141 1727 1218 1787 φησι
1245 1704 1302 1788 τὴν

176 1808 321 1891 ποικίλην
343 1807 480 1890 ἱστορίαν
502 1808 522 1872 ὅ
546 1808 724 1892 Καισαρεὺς
748 1808 934 1891 Προκόπισς
957 1808 1199 1889 συνταξάμενος,
1231 1808 1302 1891 περί

176 1908 232 1974 τὸν
250 1910 361 1995 Ῥῆνον
381 1910 527 1994 ποταμὸν
554 1911 608 1975 καί
636 1912 691 1975 τὸν
710 1911 860 1976 Ῥοδανὸν
888 1912 942 1976 καὶ
975 1912 1030 1983 τὰς
1062 1911 1160 1974 ἐκεῖσε
1191 1910 1301 1993 λίμνας

131 2012 168 2068 15
176 2012 272 2076 πάλαι
286 2014 523 2098 κατῳκημίνον.
550 2020 606 2077 τοῦ
623 2014 658 2078 δέ
673 2014 859 2097 Βελισσρίοο
876 2020 1121 2098 στρατηγοῦντος
1132 2014 1327 2097 Ῥωμαίων3

177 2114 228 2179 ea
254 2122 311 2180 τοῦ
339 2118 496 2199 προτέρου
514 2116 734 2181 Ἰουστινιανοῦ
758 2117 813 2181 καί
835 2117 972 2189 Γότθσις
994 2118 1299 2203 ἀντιπαίαμωμένου

176 2218 248 2303 περί
265 2218 394 2293 Ἰταλίας
415 2218 470 2283 καί
491 2224 556 2284 τῶν
578 2221 612 2286 έν
634 2219 729 2305 ταύτῃ
752 2220 879 2284 πόίεων
901 2220 955 2285 καὶ
977 2226 1032 2305 τῆς
1050 2220 1177 2304 Ῥώμης
1205 2222 1301 2305 αὐτῆς

176 2427 275 2482 hadra
293 2429 311 2498 ἦ
332 2427 421 2497 Ῥώμη
444 2429 549 2488 τελείως
571 2439 625 2490 τοῖς
651 2430 781 2498 Φράγγσις
803 2430 918 2498 ὑπετάγη
942 2429 988 2484 καὶ
1011 2432 1050 2484 ὅτι
1073 2431 1104 2486 οὗ
1124 2431 1252 2498 Ῥωμαῖοι
1275 2431 1303 2483 οί

180 2500 297 2569 Φράγγοι
316 2500 349 2568 Ε,
367 2502 407 2554 ὅτι
426 2499 471 2555 διὰ
488 2499 536 2570 τὴν
554 2501 676 2570 ἀσέβειαν
694 2510 739 2555 τοῦ
756 2503 872 2561 Λέοντος
890 2503 906 2554 ά
923 2501 1011 2561 πάντας
1027 2502 1134 2572 Ῥώμης
1146 2511 1199 2562 τοῖς
1215 2501 1297 2570 Φρέγ-

176 2593 233 2640 γοις
250 2572 386 2626 ε’σπείσατο
403 2571 449 2626 καί
467 2571 527 2632 τοὺς
545 2572 576 2626 έκ
601 2581 647 2642 τῆς
663 2573 773 2632 Ἰταλίας
797 2582 828 2642 τῇ
850 2574 968 2642 sauciata
990 2574 1183 2642 κομιζομένους
1207 2573 1300 2642 ἐπέσχε

177 2646 279 2712 φόρους
302 2643 506 2714 (καί-φόρους
526 2660 583 2699 om.
602 2645 638 2708 E)
661 2644 706 2697 καὶ
731 2646 770 2698 ὅτι
790 2643 955 2712 Γερμανικὸν
976 2646 1053 2704 έθνος
1072 2647 1099 2698 οἱ
1119 2645 1235 2715 Φράγγοι
1255 2645 1301 2700 καί

176 2715 210 2770 οὗ
225 2716 352 2784 Ῥωμαῖοι
371 2713 418 2770 OE
498 2715 530 2769 11
550 2717 599 2784 ὅρα
619 2717 658 2770 ὅτι
675 2715 708 2770 οὔ
723 2716 854 2784 Ῥωμαῖοί
869 2717 932 2770 τίσιν
950 2717 978 2770 οί
995 2717 1109 2787 Φράγγσι
1129 2715 1154 2771 Α

230 2911 444 2982 inmutabit
533 2911 698 2972 4σθτωςο
792 2921 845 2972 τοῖς
865 2913 938 2982 Ewp
1036 2912 1151 2968 6ταῦτα
1171 2911 1299 2983 prDi,

231 2985 325 3052 ταύτης
343 2981 370 3036 Α
477 2984 533 3037 τότε
551 2983 645 3053 ῥώμης
664 2982 761 3054 Bpr
870 2984 895 3038 6.
915 2985 931 3038 7
950 2985 1007 3037 τότε
1025 2988 1094 3053 post
1113 2985 1216 3038 ι’θυνων
1235 2985 1262 3038 Ι)

231 3055 249 3109 8
266 3053 417 3124 κοινωνίας]
436 3055 580 3124 έκκίησίας
598 3055 622 3109 Ε
711 3055 743 3110 11
766 3061 833 3124 post
853 3056 1024 3124 σπεισάμενος
1044 3055 1114 3110 add.
1132 3057 1196 3110 ὅθεν
1213 3055 1300 3116 αὐτοῖς

231 3125 342 3196 ἀφορμὴ
356 3127 442 3195 γέγονε
454 3133 501 3181 τοῦ
514 3135 650 3194 κυριεῦσαι
662 3134 708 3195 τῆς
720 3127 816 3197 ῥώμης
829 3126 902 3196 pr
957 3134 1011 3180 τῶν
1031 3125 1123 3182 om.O
1179 3126 1213 3179 12
1232 3133 1300 3196 post

232 3198 300 3266 φησί
318 3200 382 3262 (sic)
402 3197 471 3253 add.
489 3200 506 3252 ό
524 3198 551 3252 D
644 3198 681 3290 '13
699 3199 715 3251 ά
733 3198 790 3252 del.
810 3197 837 3251 D
931 3198 1098 3266 Προκόπισς]
1119 3198 1132 3252 Ι
1152 3215 1179 3268 p.
1199 3197 1259 3264 319,
1274 3199 1299 3253 6.

230 3269 425 3412 {hafflig
443 3291 593 3411 μιπξίίῖ
636 3291 731 3396 αάίος
750 3269 950 3410 &hanff
988 3270 1137 3340 arconate
1158 3267 1192 3338 ‘³’
1211 3271 1298 3341 ‘m'

176 3537 326 3592 suadendi
345 3553 400 3607 spe
418 3539 538 3593 abiecta
566 3553 619 3593 eos
644 3539 766 3592 domum
795 3539 907 3593 dimisit
933 3540 964 3594 in
994 3539 1085 3594 aedes
1104 3539 1169 3592 illas
1198 3541 1300 3608 regias

175 3609 539 3679 multamquemateriam‚
559 3625 639 3679 quae
658 3610 746 3664 facile
760 3610 982 3675 exardesceret,
1003 3611 1033 3664 in
1054 3625 1148 3664 unum
1169 3612 1299 3665 conferri
1309 3608 1344 3661 22

176 3687 207 3735 et
226 3682 340 3734 circum
359 3679 481 3734 domum
501 3682 678 3736 collocatam
697 3686 791 3735 noctu
819 3682 940 3736 incendi
958 3683 1045 3736 iussit
1064 3686 1157 3752 atque
1187 3683 1230 3735 ita
1250 3681 1300 3736 do-

176 3766 258 3805 mum
278 3767 347 3806 eum
366 3752 450 3806 libris
466 3757 496 3806 et
516 3752 621 3807 doctos
639 3753 706 3807 illos
724 3767 761 3806 ae
775 3754 965 3807 venerabiles
984 3755 1066 3807 viros
1086 3753 1258 3808 combussit.

265 3823 292 3876 4.
329 3823 395 3877 Hae
414 3824 453 3878 de
472 3839 566 3878 eausa
585 3823 761 3893 Gregorius
789 3825 924 3892 quitum
944 3823 1057 3878 Rornae
1077 3824 1301 3880 veteriseceie·

177 3895 253 3948 siam
281 3895 484 3964 gubernabat,
517 3896 677 3964 repudiata
705 3896 851 3950 societate
882 3896 1031 3965 pontificis
1062 3911 1162 3950 novae
1186 3896 1300 3949 Romae

178 3981 355 4036 sonumque,
384 3967 436 4035 qui
455 3967 538 4020 illum
557 3972 767 4035 sequerentur,
797 3967 863 4021 illos
881 3981 944 4021 una
964 3981 1032 4020 eum
1060 3983 1134 4036 rege
1153 3966 1299 4035 synodico

179 4039 342 4092 obstrinxit
367 4039 561 4092 anathemate
588 4042 619 4091 et
645 4038 817 4106 vectigalia,
847 4053 926 4107 quae
950 4053 1048 4108 usque
1073 4037 1162 4092 adid
1182 4041 1300 4106 tempus

178 4124 275 4177 regno
295 4109 367 4163 inde
385 4109 606 4178 pendebantur,
625 4108 756 4162 inhibuit
774 4111 834 4162 icto
855 4124 921 4163 cum
933 4109 1056 4164 Francis
1076 4109 1207 4162 foedere.
1244 4106 1326 4162 Ne-2

179 4194 239 4249 que
258 4181 337 4234 enim
356 4180 485 4234 Romani
503 4182 626 4250 generis
645 4185 716 4233 sunt
734 4179 851 4248 Franci,
872 4181 925 4234 sed
947 4180 1157 4236 Germanicam
1177 4185 1299 4250 gentem

179 4267 232 4305 eos
262 4253 357 4305 fuisse
388 4252 419 4305 in
451 4253 537 4306 veria
556 4252 680 4305 historia
706 4249 910 4306 Caesariensis
930 4252 1096 4321 Procopius
1116 4251 1188 4304 dicit
1219 4251 1299 4303 eirea

178 4322 317 4377 Rhenum
336 4323 463 4377 fluvium
483 4327 514 4377 et
531 4323 711 4377 Rhodanum
741 4328 771 4376 et
790 4323 916 4392 paludes
935 4323 1053 4376 illorum
1074 4322 1209 4376 locorum
1229 4321 1299 4374 oiim

179 4394 375 4449 habitantem.
413 4394 488 4450 Cum
507 4399 609 4450 autem
619 4392 784 4449 Belisarius
803 4395 859 4449 sub
878 4394 980 4464 priore
988 4393 1155 4448 Iustiniana
1176 4391 1326 4462 legioni-3
