3050 4775
326 509 468 575 QVALIS
487 510 629 568 FVERIT
649 512 819 572 Auuxivs
838 513 879 571 IN
897 511 1066 569 VXOREM.
1205 517 1258 574 'itt

136 695 271 777 ἄρρενας
294 694 447 778 συνῴκισε
470 698 598 781 γυναιξί,
622 695 677 769 τὰς
700 698 736 762 δέ
758 722 793 781 γε
814 697 944 782 θηλείας
966 698 1116 781 ἀνδράσιν
1131 699 1257 774 ἐξέδοτο

136 798 189 861 καί
218 798 340 881 ἔστεργε
368 799 421 862 καί
450 801 604 883 εὐηργέτει
633 799 706 872 τούς
729 800 975 883 ἀδελφόπαιδας.
1021 799 1104 885 πρὸς
1136 804 1171 867 δὲ
1201 802 1258 885 τὴν
1269 802 1303 857 14

136 900 292 966 κοινωνὸν
315 907 370 966 τοῦ
393 902 465 986 βίου
488 903 507 968 ὁ
529 902 674 987 βασιλεὺς
696 903 790 975 αὐτος
812 902 877 969 οὐτ’
902 904 1115 989 ἀποστρδφαις
1138 904 1200 989 εἶχε
1221 905 1257 970 τὸ

136 1004 291 1089 πρότερον
320 1006 391 1070 οὐτε
418 1006 486 1070 λίαν
519 1008 619 1091 ἐκείνῃ
652 1007 845 1091 προσέκειτο,
878 1008 1075 1092 ἀφροδισίων
1104 1004 1133 1071 δ’
1157 1007 1292 1092 ἡττώ-Β

110 1108 232 1191 δμενος
255 1109 294 1173 οὐ
317 1109 400 1173 πάνυ
423 1109 460 1173 τὰ
484 1111 517 1181 ἐς
540 1110 633 1194 εὐνὴν
656 1112 804 1195 ἐτύγχανε
825 1111 954 1194 δίκαιος,
978 1112 1057 1176 ὅθεν
1071 1112 1125 1175 καί
1139 1112 1259 1196 βέλεσιν

138 1212 157 1295 ἡ
182 1210 350 1294 Αὐγούοτα
374 1213 560 1296 ζηλοτυπίας
583 1214 739 1298 ἐβέβλητο.
786 1213 852 1278 ἐπεὶ
875 1211 943 1279 δ’ὁ
965 1214 1081 1298 χρόνος
1103 1215 1303 1299 προήκωνλῧ

138 1322 185 1399 τῷ
206 1316 415 1399 αὐτοκράτορι
437 1316 474 1379 τὰ
497 1317 649 1401 πυρφόρα
672 1318 748 1401 βέλη
776 1324 832 1381 τοῦ
860 1319 979 1402 ἔρωτος
1009 1318 1159 1402 ἤμβλυνε,
1191 1318 1259 1384 τότε

138 1417 220 1501 πρὸς
246 1418 303 1501 τὴν
330 1419 517 1502 Αὐγούστου
544 1422 663 1503 τρέψας
694 1420 748 1485 τὸν
781 1423 884 1503 ἔρωτα
917 1421 991 1493 ὅλος
1022 1421 1062 1505 ἧν
1092 1428 1147 1505 τῆς
1177 1419 1260 1505 πρὸς

139 1521 259 1604 ἐκείνην
290 1529 424 1605 στοργῆς
456 1523 509 1587 καί
536 1522 650 1606 ἤθελεν
677 1522 753 1587 εἶναι
781 1523 894 1607 σχεδδν
921 1525 1018 1608 αὐτῆς
1040 1524 1258 1595 ἀδιάσπαστος.

95 1631 129 1684 10
138 1623 263 1707 τοιαύτη
286 1625 345 1708 μέν
369 1623 426 1690 οὐν
448 1632 486 1709 τῇ
508 1626 668 1711 βασιλίσσῃ
692 1628 725 1697 ἐς
751 1628 881 1710 ὕστερον
904 1628 923 1710 ἠ
948 1627 1095 1701 διάθεσις,
1126 1627 1181 1692 καί
1202 1650 1258 1709 με-
1272 1628 1304 1683 16

140 1726 218 1809 γάλα
241 1726 309 1791 τότε
331 1727 468 1811 ἠδύνατο
492 1728 546 1792 καί
568 1728 648 1812 εἶχεν
671 1730 755 1793 otro
778 1731 889 1812 μέχρις
911 1732 950 1792 ἂν
972 1730 1095 1810 ἔρρωτο
1112 1728 1148 1794 τὸ
1163 1735 1259 1812 σῶμα

139 1836 186 1912 τῷ
207 1830 332 1912 βασιλεῖ.
378 1831 443 1895 ἐπεὶ
471 1831 499 1895 δ’
528 1832 646 1902 ἐκεῖνος
670 1831 743 1902 τούς
769 1832 873 1903 πόδας
894 1832 980 1915 ἤλγει
1001 1832 1055 1897 καί
1077 1830 1132 1903 τὰς
1154 1832 1260 1916 βάσεις
1270 1834 1304 1889 17

140 1932 312 2015 έβέβλαπιο
344 1933 398 1997 καί
429 1933 500 2016 περὶ
527 1932 563 1997 τὰ
593 1935 701 2018 ἄρθρα
728 1935 831 2016 τούτῳ
857 1936 1029 2018 μοχθηρᾶς
1051 1936 1127 2018 ὕλης
1150 1958 1258 2017 συνερ-

140 2035 299 2118 ρυήκεσαν
322 2036 462 2118 ῥεύματα
484 2035 538 2099 καί
561 2036 600 2120 ἦν
619 2038 762 2102 ἐντεῦθεν
778 2037 969 2121 κλινοπετής,
992 2040 1183 2121 κατῆρχενῆ
1200 2038 1293 2121 pin-C

96 2144 130 2199 15
141 2138 224 2211 σιλίς,
257 2138 311 2201 καί
337 2145 383 2221 τῷ
410 2140 523 2222 ταύτης
551 2138 590 2223 ἦν
618 2140 666 2211 ὡς
688 2140 802 2203 ἐπίπαν
823 2141 987 2223 τιθέμενος
1009 2141 1028 2204 ὁ
1051 2140 1259 2224 αὐτοκράτωρ

141 2240 302 2323 θελήματι,
334 2240 388 2304 καί
414 2246 500 2305 πᾶσα
524 2244 543 2325 ἡ
568 2243 693 2316 ἐξουσία
722 2242 777 2306 καί
799 2244 818 2327 ἡ
842 2250 897 2326 τῆς
925 2242 1081 2326 βασιλείας
1110 2243 1260 2325 διοίκησις

142 2344 330 2428 ἀνατεθῆναι
353 2345 432 2429 αὐτῇ
453 2342 531 2428 μετὰ
554 2344 738 2429 παρέλευοιν
760 2351 817 2410 τοῦ
840 2344 957 2429 ἀνδρὸς
982 2344 1180 2430 μεμελέτητο,
1213 2345 1418 2416 ὡςλἮΙΙύίθ

141 2445 270 2511 καὶτὸν
292 2446 362 2511 υῑύν
384 2448 437 2511 καί
459 2448 587 2531 βασιλέα
610 2448 799 2514 ὑποκεῖσθαι
822 2450 909 2533 αὐτῇ.
954 2455 1001 2532 τῷ
1017 2449 1052 2513 δὲ
1073 2447 1109 2513 τὸ
1132 2451 1259 2532 σκέμμα
1270 2453 1305 2509 18

142 2641 250 2702 tenor
266 2642 379 2697 διέκειτο
397 2644 493 2713 πρῴην
513 2642 580 2714 πρὸς
597 2641 645 2712 τὴν
661 2643 818 2712 Αὐγούστου
841 2644 857 2697 δ
877 2644 1010 2715 βασιλεύς,
1035 2642 1081 2698 καί
1103 2645 1176 2703 ὅπως
1198 2664 1260 2712 μετ·

141 2713 227 2768 έτιειτα
247 2711 270 2768 C
343 2714 376 2767 12
394 2715 432 2768 ὅτι
450 2715 467 2784 ἡ
486 2722 532 2784 τῆς
549 2716 682 2784 βασιλείας
701 2717 757 2780 (τοῦ
775 2715 904 2786 βασιλέως
923 2715 959 2779 Ε)
976 2715 1083 2779 ίξουσία
1095 2723 1127 2785 τῇ
1144 2715 1259 2784 βασιλίδι

141 2785 299 2854 ἀνατεθῆναι
323 2785 488 2854 μιμελέτητο,
516 2788 532 2840 ί
553 2785 583 2841 δὲ
606 2786 663 2846 υίύς
688 2788 781 2856 ταύτης
804 2787 850 2842 καί
873 2786 997 2858 βασιλεὺς
1020 2786 1174 2855 ἀντέπραττε
1194 2785 1261 2855 πρὸς

142 2856 212 2924 (om.
233 2855 266 2920 C)
285 2865 362 2912 τοῦτο
381 2856 428 2912 ΟΕ
447 2859 485 2919 ὡς
503 2858 569 2926 ι’νόν,
588 2858 633 2913 καί
653 2858 690 2919 ὥς
708 2859 832 2928 ἀπείρητο
849 2866 929 2914 πᾶσιν
945 2859 1019 2928 αὐτῷ
1036 2859 1172 2928 προσιέναι
1193 2856 1215 2915 C

196 3033 356 3105 ἳτύηργέτη
376 3035 408 3103 Ε,
429 3036 555 3105 εὐεργέτει
574 3035 640 3107 w*p
724 3035 742 3092 3
760 3037 929 3106 ἄπουτύργαις
949 3036 973 3092 O
992 3035 1078 3106 (λίγα.
1097 3053 1126 3107 p.
1145 3035 1206 3104 622,
1226 3037 1262 3091 10

231 3106 285 3176 εἶχε
305 3106 333 3161 τύ
351 3106 413 3174 ΑΟ,
432 3110 517 3176 εἴχετο
535 3107 608 3178 Eup
686 3108 703 3162 ὅ
723 3109 845 3163 antemi
864 3109 934 3162 add.
953 3110 991 3168 ὥς
1010 3128 1092 3178 φασιν
1112 3107 1260 3175 Owolat,

196 3195 224 3232 v.
237 3180 340 3270 praef.
413 3179 430 3234 6
449 3180 579 3270 adportata
599 3177 657 3247 ΑΕ,
676 3179 806 3270 αὐγούογα
825 3177 951 3250 prDt',
971 3196 999 3233 v.
1020 3180 1058 3233 ad
1077 3179 1150 3234 XIII
1169 3179 1212 3247 93,
1225 3180 1261 3270 θ]

195 3249 408 3390 ψαῗλέὐωωΙλ
424 3249 669 3390 λῖἒίλωσῗλοη.
681 3252 736 3381 λλ
751 3251 1081 3378 βελλίλῖίλολοάὓ
1103 3251 1261 3392 μλνίῖρὲ

196 3393 229 3448 13
248 3392 279 3448 τὰ
297 3433 396 3448 ......
415 3395 514 3449 τούτων
533 3395 597 3462 (sie)
618 3395 727 3449 omisso
746 3394 838 3463 ἄρθρα
856 3395 880 3449 Ε
951 3401 1068 3465 πονηροῖς
1083 3392 1136 3447 BD

141 3590 248 3661 puellis
261 3591 385 3646 maritos
398 3590 489 3657 dedit,
509 3591 611 3646 fratris
624 3591 735 3646 liberos
748 3595 778 3646 et
791 3590 1005 3647 benevolentia
1017 3596 1048 3647 et
1060 3591 1262 3647 beneficentia

142 3667 329 3732 prosecutus.
365 3661 472 3732 Neque
485 3675 559 3717 vero
576 3664 738 3732 coniugem
757 3677 845 3718 suam
863 3663 913 3718 bic
930 3679 986 3717 rex
1005 3663 1154 3733 principio
1174 3658 1308 3717 aver-14

141 3733 274 3800 sabatur,
303 3749 404 3804 neque
425 3733 585 3788 immodice
604 3735 736 3802 amabat,
765 3735 819 3789 sed
838 3734 956 3789 libidini
975 3735 1095 3790 deditus
1113 3737 1183 3789 iura
1199 3749 1261 3788 ma·

142 3805 274 3860 trimonii
297 3821 405 3876 parum
433 3811 538 3861 sancte
563 3807 754 3874 observabat,
784 3805 866 3860 unde
885 3805 1027 3876 Augusta
1045 3808 1112 3861 telis
1131 3805 1261 3860 aemula-

140 3877 233 3931 tionis
245 3877 449 3932 sauciabatur.
485 3876 559 3932 Cum
573 3883 673 3932 autem
687 3882 772 3932 aetas
785 3878 932 3947 grandior
944 3879 1135 3947 imperatoris
1148 3877 1261 3946 ignitas
1273 3872 1307 3928 lb

141 3949 206 4003 illas
226 3948 376 4019 cupidinis
394 3949 522 4018 sagittas
541 3949 677 4004 nonnihil
697 3949 862 4017 hebetaret,
883 3955 946 4004 turn
963 3950 993 4003 in
1007 3947 1179 4020 Augustam
1193 3963 1261 4002 con·

141 4036 230 4075 verso
250 4036 353 4076 amore
372 4025 453 4076 totus
472 4022 503 4075 in
522 4022 649 4076 caritate
669 4036 743 4090 erga
762 4021 843 4075 illam
863 4022 1078 4090 acquiescebat
1095 4035 1153 4074 neo
1171 4020 1261 4074 facile

141 4093 180 4146 ab
200 4092 250 4146 illa
272 4091 373 4146 divelli
396 4095 522 4162 poterat.
561 4093 605 4147 Ex
629 4107 664 4147 eo
689 4091 832 4162 deinceps
857 4093 970 4146 affectu
994 4106 1108 4160 magna
1134 4092 1261 4160 reginae
1273 4089 1306 4143 16

140 4165 277 4233 potentia
291 4167 363 4231 erat,
378 4164 468 4218 etiam
483 4164 605 4218 valente
618 4179 702 4234 rege.
737 4163 811 4218 Cum
825 4169 927 4218 autem
939 4165 965 4218 is
978 4163 1107 4233 pedibus
1120 4162 1262 4217 laborare
1273 4161 1306 4215 17

141 4235 290 4304 coepisset
316 4250 372 4288 nee
397 4235 554 4290 ambulare
579 4241 681 4304 posset
705 4239 733 4288 ot
758 4237 909 4305 corruptis
933 4235 1109 4289 humoribus
1133 4233 1173 4289 ad
1192 4235 1261 4288 arti·

141 4306 225 4359 culos
246 4306 467 4361 confluentibus
483 4307 512 4360 tn
527 4307 604 4362 lecto
619 4305 822 4372 decumberet,
843 4307 1011 4375 imperabat
1024 4307 1141 4376 ragina,
1161 4306 1263 4361 omnia

141 4377 359 4446 comprobante
377 4379 568 4447 imperatore,
598 4383 627 4434 et
646 4378 706 4431 iam
726 4378 827 4432 animo
848 4377 994 4446 agitabat,
1022 4383 1056 4431 ut
1075 4382 1143 4446 post
1161 4378 1261 4432 mariti

142 4447 308 4516 decessum,
337 4453 402 4503 tota
426 4453 576 4518 potestate
599 4454 629 4503 ct
651 4449 739 4518 rcgni
759 4449 984 4514 gubernatione
1002 4449 1033 4502 in
1053 4464 1086 4502 se
1105 4448 1261 4514 translata,

143 4519 236 4574 filium
256 4536 359 4590 regem
379 4521 459 4575 dioto
480 4521 653 4576 audientem
673 4520 808 4588 haberet,
828 4522 876 4574 cui
895 4521 955 4575 iam
975 4520 1079 4575 adulto
1094 4535 1131 4574 ac
1145 4519 1261 4591 pridem
1275 4518 1307 4574 18
