3050 4775
449 450 581 509 Dicae
599 452 727 511 GENVS
745 453 796 508 ΕΤ
815 452 984 512 NATVRA.
1219 452 1272 511 eti

154 634 328 717 συνθήκαις
351 632 499 719 ἐπίστευε)
524 634 578 698 καί
600 636 643 706 είς
666 635 835 718 ἀκροάσεις
858 636 965 701 δικῶν.
1013 636 1052 699 οῦ
1074 636 1157 699 πάνυ
1182 635 1216 700 δὲ
1234 642 1271 720 τῇ
1286 641 1350 699 l'lB

154 738 296 822 ἀκριβείᾳ
322 744 469 821 προσεῖχε
500 738 650 821 δικάζων,
683 738 750 801 ἀλλ’
779 740 904 822 ἐνιαχοῦ
932 738 986 803 καὶ
1015 739 1190 822 ἐνηυθέντει
1218 738 1271 802 καὶ

152 839 208 911 τὰς
233 842 367 924 ψήφους
393 841 574 924 ὑπήλλαττε,
606 841 688 924 πρὸς
714 840 751 905 τὰ
774 842 932 924 πρόσωπα
955 840 1010 913 τὰς
1033 842 1207 925 ἀποφάσεις
1228 866 1270 905 τι-
1283 848 1427 905 Wllltll

153 943 298 1026 θέμενος.
337 944 482 1026 γλίσχρος
498 943 532 1006 δὲ
546 945 711 1027 τυγχάνων
725 944 780 1007 καλ
796 944 952 1028 φειδωλὸς
969 945 1059 1009 ἔθετο
1074 944 1151 1029 παρ’
1168 945 1272 1027 ἑαυτῷ
1283 952 1316 1005 ie

127 1043 199 1127 ῦμὴ
222 1045 339 1128 μάχαις
360 1045 442 1128 πρὸς
463 1045 500 1109 τά
524 1047 602 1130 ἔθνη
626 1047 872 1129 συρρήγνυσθαι,
903 1046 979 1111 ἀλλὰ
1005 1047 1121 1130 δώροις
1143 1047 1197 1110 καὶ
1220 1071 1271 1130 φι-

154 1147 365 1231 λοφροσύναις
387 1150 494 1220 ἄλλοις
515 1149 594 1213 αὐτὰ
618 1150 810 1213 οἰκειοῦσθαι
833 1149 886 1213 καὶ
908 1148 1122 1213 καταλλάττειυ
1143 1155 1182 1234 τῇ
1193 1148 1271 1213 Ῥω-

152 1251 259 1333 μαίων
281 1251 374 1334 ἀρχῇ,
409 1252 468 1316 δύο
490 1258 585 1315 ταῦτα
609 1253 752 1317 ἐντεῦθεν
774 1253 943 1335 μνώμενος
970 1254 1082 1336 ἑαυτῷ,
1114 1253 1203 1316 τότε
1224 1252 1270 1335 μὴ
1286 1260 1316 1315 19

153 1352 250 1416 πλείω
274 1353 418 1417 δαπανᾶν
441 1355 474 1418 δν
497 1356 702 1437 ἐκστρατείαις
723 1355 778 1419 καί
799 1354 835 1418 τδ
858 1355 953 1425 αὐτὸς
976 1357 1103 1439 ἠρεμεῖν
1125 1354 1179 1419 καί
1196 1378 1271 1439 σχο-

154 1456 255 1530 λάζειν
282 1456 329 1527 ὡς
358 1457 471 1520 ἐπίπαν
498 1464 536 1541 τῇ
563 1464 627 1521 τών
654 1456 828 1542 χρημάτων
859 1458 1008 1543 συλλογῇ·
1042 1458 1091 1523 διδ
1123 1458 1177 1522 καί
1207 1462 1271 1521 τῶν
1281 1466 1317 1520 20

111 1570 145 1624 10
154 1564 384 1640 στρατιωτικῶν
398 1560 584 1643 καταλόγων
603 1562 757 1644 ἠμέλησεν
780 1564 799 1645 ἢ
823 1561 943 1644 μᾶλλον
965 1560 1101 1632 πολλοὺς
1122 1561 1177 1625 καὶ
1198 1560 1305 1631 τοῦςΟ

154 1663 386 1744 γενναιοτέρους
412 1668 477 1727 τῶν
505 1665 705 1746 ἀπογραφῶν
733 1663 886 1747 ἀπήλειφε
915 1664 965 1728 διὰ
994 1663 1029 1727 τδ
1055 1662 1270 1747 βαρῦμισ-θου·

154 1763 235 1827 ὥστε
257 1765 438 1848 συμβαίνειν
459 1767 677 1849 θρασύνεσθαι
698 1766 757 1847 μὲν
772 1765 807 1830 τδ
822 1766 1030 1850 βαρβαρικόν,
1055 1766 1272 1830 συστέλλεσθαι
1282 1774 1315 1828 21

155 1865 189 1929 δὲ
211 1866 266 1929 καὶ
287 1869 510 1933 ταπεινοῦσθαι
531 1870 568 1932 τὰ
591 1874 655 1933 τῶν
669 1868 838 1952 Ῥωμαίων
854 1870 1067 1951 στρατεύματα
1090 1868 1142 1933 καλ
1164 1874 1271 1952 μειοῦ-

155 1969 230 2031 σθαι
245 1968 301 2051 τήν
315 1971 485 2053 ἡγεμονίαν
499 1971 555 2054 τήν
569 1971 757 2055 Ῥωμαϊκήν.
803 1971 915 2036 πολλαὶ
931 1970 991 2055 γάρ
1006 1972 1073 2035 τότε
1091 1976 1156 2035 τῶν
1179 1970 1273 2055 ἑῴων
1283 1980 1317 2033 22

110 2082 144 2139 15
154 2076 274 2156 χωρῶν
306 2072 339 2135 αἱ
363 2072 424 2154 μὲν
452 2074 608 2156 ἐληίζοντο
636 2074 755 2145 καλεῖς
784 2074 964 2159 ἀφανισμὸν
989 2074 1208 2159 προεχώρουυ,
1241 2074 1274 2136 αἱ

154 2174 265 2239 δὲκαὶ
287 2174 351 2239 ono
373 2173 446 2247 τοὺς
468 2175 637 2259 πολεμίους
659 2177 803 2259 ἐγίνοντο.

153 2439 172 2493 4
189 2441 226 2493 ὅτι
246 2439 278 2493 ἐκ
297 2440 440 2509 φειδωλίας
458 2439 555 2508 δώροις
572 2440 652 2509 ἤθελε
673 2441 778 2510 φιλιοῦν
795 2449 826 2511 τῇ
841 2441 983 2510 Ῥωμαίων
1001 2439 1071 2511 ἀρχῇ
1090 2439 1113 2496 C

211 2703 224 2755 1
245 2707 313 2772 post
326 2702 472 2770 συνθήκαις
486 2701 556 2755 add.
568 2702 733 2771 προςθηκῶν
746 2702 820 2772 pr
892 2702 1037 2757 ἐνεπίστευε
1050 2699 1124 2769 pr
1197 2720 1223 2753 κ.
1236 2700 1273 2760 είς

208 2773 268 2842 dap.
289 2773 384 2842 δικῶν]
400 2781 507 2840 πρῶτον
524 2773 574 2841 μὲν
592 2773 639 2828 οἶν
658 2774 726 2827 τοῦτ’
744 2774 839 2827 ε’κείνω
858 2774 890 2843 ἦν
909 2774 1076 2840 σποῦδασμο·
1103 2772 1226 2839 δεύτερον
1245 2770 1274 2826 δὲ
1345 2833 1347 2836 ,

208 2847 292 2899 δικῶν
310 2846 436 2913 ἀκρόασις
454 2845 500 2898 καί
518 2846 677 2913 ψηφίσματα
697 2845 794 2915 O(wpl
892 2845 924 2899 οῦ
941 2845 1011 2898 πάνυ
1031 2843 1069 2912 δὲ]
1089 2843 1135 2896 καὶ
1153 2843 1185 2896 οῦ
1202 2843 1273 2897 πάνυ

209 2916 237 2969 Ι)
309 2918 327 2971 3
344 2917 491 2985 ἀποφάσεις
509 2914 636 2985 prDi‚
655 2917 798 2985 ἀποβάσεις
817 2915 844 2969 Λ
928 2917 944 2970 i
963 2916 1084 2969 ἐντεῦθεν
1103 2921 1182 2968 ταῦτα
1201 2912 1272 2984 pr

209 2989 261 3042 7.ss
280 2989 540 3057 δι’·ο-ἔκστρατείαις
560 2987 650 3041 om.E
723 2988 843 3041 Ίέαυτῶ
856 2985 1006 3056 R(wpDi).
1025 2987 1097 3054 αὐτῷ
1111 2983 1138 3039 Α
1210 2985 1227 3038 8
1245 2985 1274 3039 ἔν

209 3060 299 3114 om.B
372 3061 389 3112 9
407 3060 446 3119 ώς
463 3075 519 3114 om.
531 3058 558 3110 D
630 3067 662 3127 τῆ
680 3066 748 3128 post
766 3059 911 3127 χρημάτων
924 3055 1069 3128 ΒΟΕ(ινρ)
1144 3057 1175 3110 11
1194 3055 1273 3110 πολύ-

206 3134 306 3198 μισθον
323 3131 350 3184 Ι)
424 3132 459 3184 1‘2
477 3131 713 3200 συμβαίνειν-μὲν
732 3146 789 3184 om.
801 3131 831 3196 C,
851 3130 947 3199 suppl.
959 3129 1006 3187 Cw
1081 3128 1113 3182 13
1131 3128 1176 3181 καὶ
1189 3149 1273 3181 ταπει-

207 3205 316 3256 νοῦσθαι
329 3202 390 3270 AR,
412 3202 639 3257 luazweooootaa
653 3201 689 3269 D,
709 3202 754 3255 καί
773 3203 976 3255 καταπουεῒσθαι
995 3201 1067 3269 Ewp
1142 3198 1232 3253 13.14
1251 3219 1271 3252 τ.

208 3273 347 3343 ἡγεμονίαν
365 3278 433 3344 post
451 3295 507 3341 στρ.
525 3273 573 3327 καί
590 3271 614 3327 O
688 3273 722 3328 15
739 3273 916 3342 προσχώρων
933 3270 1074 3342 R(wth)

154 3534 282 3588 audiret.
319 3532 426 3602 Neque
444 3548 518 3588 vero
537 3533 569 3586 iu
588 3534 654 3587 iure
674 3531 803 3587 dicendo
825 3533 927 3602 legum
947 3531 1135 3602 praescripta
1154 3545 1273 3601 semper
1285 3529 1318 3582 Π

155 3605 347 3673 observabat,
368 3605 420 3659 sed
440 3605 552 3658 alicubi
571 3605 661 3658 etiam
681 3610 747 3658 erat
766 3619 821 3673 pro
841 3605 959 3658 ratione
972 3603 1124 3670 voluntas,
1143 3607 1178 3656 ut
1196 3617 1272 3657 com·

154 3678 277 3732 mutatis
301 3677 425 3730 calculis
448 3677 480 3729 in
508 3675 732 3746 pronuntiando
752 3690 952 3744 personarum
971 3675 1120 3728 rationem
1140 3674 1273 3728 haberet.

154 3749 219 3802 Iam
237 3754 271 3802 ut
296 3752 362 3803 erat
384 3753 478 3802 tenax
501 3752 531 3801 et
554 3762 673 3816 parcus,
703 3762 807 3800 secum
830 3745 984 3800 constituit
1003 3745 1088 3799 bellis
1108 3743 1319 3798 conflictariltl

154 3820 244 3887 nolle,
272 3820 324 3875 scd
349 3823 456 3889 gentes
479 3818 657 3873 muneribus
681 3821 711 3871 et
734 3818 800 3872 aliis
820 3817 972 3886 obsequiis
995 3815 1150 3870 devincire
1170 3820 1200 3870 et
1217 3815 1274 3869 Ro·

155 3906 244 3947 mano
268 3891 394 3960 imperio
418 3889 623 3944 reconciliare.
661 3889 728 3952 Qua
755 3904 789 3943 re
818 3887 878 3943 duo
908 3887 1065 3942 commoda
1094 3883 1318 3953 venabatur,19

155 3963 292 4029 altorum,
310 3977 350 4016 ne
367 3962 457 4031 plura
474 3963 507 4014 in
526 3960 772 4030 expeditionibus
792 3965 991 4025 consumeret,
1011 3959 1148 4025 alterum,
1166 3961 1201 4010 ut
1219 3972 1274 4026 per

155 4049 304 4088 summum
329 4034 421 4087 otium
447 4032 636 4086 cumulandis
660 4032 811 4086 thesauris
834 4046 956 4099 operam
977 4030 1072 4084 daret.
1109 4028 1154 4083 lta
1174 4027 1319 4095 fiebatlo

154 4111 188 4159 nt
207 4105 351 4158 militares
371 4105 527 4174 catalogos
546 4103 724 4172 neglegeret
747 4118 783 4156 ac
807 4103 908 4172 potius
933 4102 1111 4156 fortissimos
1136 4113 1274 4168 quosque

156 4177 194 4232 ob
214 4176 355 4246 stipendii
368 4175 609 4244 magnitudinem
622 4174 744 4228 deleret.
783 4173 870 4229 Unde
883 4173 1006 4228 barbari
1023 4172 1188 4226 ferociores
1205 4185 1273 4225 eva·
1284 4169 1317 4224 21

155 4249 277 4316 debant,
305 4247 460 4301 Romanae
484 4261 557 4300 vero
578 4246 715 4316 legiones
739 4245 904 4299 timidiores
924 4249 953 4298 ct
972 4243 1153 4309 humiliores,
1181 4246 1275 4310 atque

154 4319 312 4390 imperium
326 4318 520 4373 minuebatur
532 4317 710 4371 Romanum.
736 4316 813 4371 Nam
827 4315 939 4370 multae
953 4321 1016 4368 tum
1030 4313 1192 4368 orientales
1206 4327 1273 4382 pro·
1283 4312 1319 4366 22

154 4392 275 4446 vinciae
294 4391 404 4461 partim
423 4389 645 4460 diripiebantur
664 4394 694 4443 ot
712 4389 921 4452 vastabantur,
950 4387 1059 4458 partim
1079 4386 1117 4440 ab
1138 4384 1274 4440 hostibus

155 4462 394 4535 occupabantur.
