3050 4775
246 425 300 482 ιεο
508 423 643 484 nonan.
661 423 761 490 perr.
781 423 851 482 τοι
869 423 912 498 ιο,
931 424 1045 496 ον-ιι,
1065 423 1107 483 α.

199 624 235 678 33
246 609 386 693 ὄμματα·
410 609 570 684 “όόξασόν
586 633 644 674 σου
652 609 672 634 ”
692 608 756 673 εἷπε
772 608 830 673 “orl
845 609 959 692 ὄνομα,
982 608 1099 693 Χριστὲ
1113 609 1133 674 ό
1148 610 1256 681 θεός.”
1300 610 1364 674 ot-

245 714 320 777 θετο
343 720 380 797 τῇ
403 720 544 796 πυρκαϊᾷ
565 712 601 774 τὸ
628 711 713 794 ἱερὸν
741 712 932 795 εὐαγγέλιον·
964 711 1000 775 τὸ
1028 712 1063 775 ὁέ
1092 713 1239 796 χρονίσαν
1268 713 1301 776 έν
1328 719 1366 796 τῆ

199 815 338 899 34φλογλ
370 815 588 899 ἀόιαλώβητον
620 817 747 897 ἔμεινεν.
794 815 825 877 οῖ
855 815 1014 898 βάρβαροι
1045 815 1266 897 ἐξεπλάγησαν,
1300 815 1365 877 ἐπί-

246 941 376 982 στευσαν
406 925 453 1000 τῴ
485 918 661 1001 κηρύγματι
691 917 747 982 καί
777 917 957 1001 τελεσθῆναι
989 919 1177 1000 κατήπειγον
1208 925 1255 998 τῴ
1285 917 1366 999 θείῳ

245 1022 440 1104 βαπτίσματι.
484 1026 579 1084 ταῦτα
602 1021 661 1102 μέν
684 1018 742 1084 οὖν
763 1022 858 1102 ταύτῃ
882 1022 1090 1104 συμβέβηκεν.
1376 1032 1394 1084 5

195 1131 231 1194 ll
331 1122 372 1187 ‘O
394 1119 422 1186 θ’
446 1121 490 1192 είς
512 1128 576 1187 τῶν
598 1128 653 1185 τοῦ
676 1123 831 1205 βασιλέως
852 1125 933 1186 υἱῶν
949 1123 968 1186 ὁ
985 1124 1232 1204 Κωνσταντῒνος,
1255 1124 1293 1186 ὃν
1311 1121 1366 1185 καί

218 1226 365 1308 2μᾶλλον
386 1230 450 1288 τῶν
473 1224 577 1288 ἄλλων
600 1225 705 1307 ἐφίλει,
729 1227 867 1308 νοσήσας
890 1225 1021 1298 ἐξέλιπε·
1045 1225 1099 1289 καλ
1119 1225 1138 1287 ὁ
1157 1226 1366 1308 αὐτοκράτωρ

245 1329 373 1410 βαρέως
402 1327 456 1390 τὸν
485 1328 604 1390 ἐκείνου
636 1329 746 1411 ἤνεγκε
770 1328 909 1390 θάνατον
931 1328 986 1390 καὶ
1008 1327 1047 1411 ῆν
1069 1327 1291 1411 ἀπαράκλητος
1313 1327 1367 1391 καί

218 1431 343 1513 3έζήτει
370 1432 472 1504 ζῶντα
501 1435 611 1493 τοῦτον
638 1430 868 1512 ἐμφανισθῆναι
898 1430 994 1512 αὐτῷ.
1040 1429 1079 1512 ἦν
1103 1430 1139 1493 δέ
1159 1454 1203 1499 τις
1225 1429 1367 1513 μοναχὸς

249 1530 429 1614 Θεόόοιρος,
462 1530 491 1614 ol
515 1532 763 1614 Σανταβαρηνὸς
785 1531 820 1594 τὸ
843 1532 1025 1614 ἐπώνυμον·
1058 1529 1151 1602 οὗτος
1176 1540 1223 1614 τῷ
1248 1533 1403 1616 βασιλεῖῦ
1418 1543 1504 1599 1v36

210 1636 471 1716 Βπροσῳκείωτο
494 1637 537 1704 είς
559 1636 660 1715 ἄκρον
682 1635 829 1716 ἐναρέτου
852 1637 923 1717 βίου
943 1635 1039 1699 αὐτὸν
1054 1635 1229 1717 ἐφθακέναι
1244 1635 1365 1698 πιστεύ-

218 1751 319 1818 4οντι,
339 1737 385 1807 ὡς
401 1737 544 1800 ἐντεῦθεν
559 1738 612 1800 καί
629 1743 740 1819 σημεῖα
757 1737 958 1819 ἐργάζεσθαι·
983 1735 1076 1808 οὗτος
1091 1739 1193 1801 τοίνυν
1208 1737 1227 1800 ό
1243 1737 1365 1801 Σαντα-

245 1839 394 1922 βαρηνός,
419 1839 530 1909 ὅςκαὶ
553 1846 606 1922 τῆς
629 1840 856 1922 μητροπόλεως
879 1838 1047 1922 Εὐχαίτυιν
1070 1841 1256 1923 ἐχρημάτισε
1269 1841 1365 1922 πρόε-

247 1942 332 2023 δρος,
355 1942 472 2023 λέγεται
495 1941 591 2014 δεῖξαι
614 1949 661 2022 τῷ
675 1942 797 2023 βασιλεῖ
807 1941 861 2005 τὸν
876 1942 1049 2026 τεθνηκότα
1065 1943 1134 2007 υἱόν
1149 1945 1246 2007 αὐτοῦ
1262 1945 1365 2016 ζῶντα

218 2045 352 2128 υόῆθεν.
399 2045 432 2106 ἐν
455 2043 516 2125 γὰρ
539 2043 640 2126 λόχμη
664 2045 719 2107 τινὶ
737 2045 893 2127 φαντάσαι
907 2045 961 2108 τὸν
976 2047 1214 2110 Κωνσταντῖνσν
1229 2047 1366 2128 ἔφιππον
1377 2056 1412 2109 15

244 2153 291 2229 τῷ
313 2147 419 2228 οἰκείῳ
443 2153 629 2229 συναντῆσαι
652 2149 759 2228 πατρί·
784 2144 814 2228 ᾧ
837 2147 891 2210 καί
913 2149 1140 2232 περιπλακῆναι
1161 2149 1257 2222 δόξας
1272 2149 1291 2212 ό
1305 2150 1364 2231 βα-

218 2248 344 2318 θσιλεὺς
370 2250 423 2312 καί
451 2250 668 2332 καταφιλῆσαι,
702 2250 806 2314 οὐκέτι
834 2255 944 2313 τοῦτον
972 2250 1107 2332 ἑώρακε.
1153 2251 1206 2314 καί
1229 2251 1306 2314 ἄλλα
1331 2251 1365 2314 δὲ

243 2357 368 2416 τοιαῦτα
400 2353 534 2435 ποιήσας
561 2353 580 2415 ὁ
607 2351 856 2436 Σανταβαρηνὸς
887 2352 941 2416 καί
972 2354 1092 2424 τούτοις
1124 2354 1281 2437 ἐκπλήξας
1311 2353 1366 2419 τόν

244 2575 261 2627 6
280 2575 318 2628 ὅτι
337 2576 463 2633 θανόντος
483 2596 527 2628 του
546 2596 605 2629 υιου
618 2596 699 2629 αυτου
712 2576 920 2644 Κωνσταντίνου,
939 2577 955 2629 ό
971 2575 1094 2645 βασιλεὺς
1111 2576 1311 2647 ἀπαρηγόρητος
1323 2577 1364 2647 ῆν.

245 2646 291 2699 καί
309 2648 382 2705 ὅπως
401 2647 417 2698 ό
434 2646 639 2716 Σανταβαρηνὸς
658 2648 756 2709 ἔδειξεν
774 2647 847 2715 αὐτῷ
866 2648 911 2701 τόν
928 2650 1060 2702 τεθνεῶτα
1079 2649 1194 2717 ἔφιππον
1211 2648 1260 2703 ΟΕ

299 2860 311 2914 1
333 2860 362 2914 τό
380 2863 464 2929 ὄνομα
481 2861 537 2915 εἴτε
550 2861 623 2932 pr
690 2861 707 2915 2
726 2862 756 2916 δὲ
775 2878 831 2917 om.
852 2861 917 2932 w*p
933 2863 1037 2918 invitis
1050 2861 1103 2916 AR
1168 2864 1186 2917 5
1206 2865 1285 2933 ταότη
1299 2885 1364 2932 αυμ·

297 2934 412 3002 βέβηκεν
431 2932 594 3003 ΑΕὓινινρ,
613 2934 668 2987 ὠθέ
684 2956 721 3003 πη
741 2935 814 2993 τέλος
833 2938 901 2998 (om.
922 2934 956 2998 C)
974 2936 1052 3003 ἔσχον
1071 2935 1096 2988 Ο
1182 2935 1200 2989 6
1217 2936 1248 2989 όὲ
1266 2935 1364 3007 B³(?)p

298 3006 315 3057 9
334 3006 419 3065 ζῶντα
439 3003 564 3073 prDt',
584 3008 638 3066 ζῶν
657 3005 682 3058 Α
782 3006 980 3075 ἐμφανεσθῆναι
1002 3006 1038 3074 D,
1057 3022 1133 3061 corr.
1153 3006 1205 3064 Dw
1301 3009 1366 3062 1οό

299 3074 369 3129 add.
388 3080 457 3145 post
475 3076 498 3144 ᾦ
519 3074 545 3128 D
660 3076 703 3129 τὸν
722 3076 757 3143 D,
777 3078 807 3129 τὸ
826 3092 902 3131 corr.
922 3076 974 3135 Dw
1092 3078 1125 3131 13
1144 3085 1198 3131 τῶν
1215 3079 1271 3147 εὖχ.
1294 3080 1364 3149 Ewp

300 3146 333 3200 14
352 3148 491 3201 τεθνικότα
510 3147 545 3215 D,
566 3164 642 3201 corr.
663 3148 712 3206 Dw
788 3149 821 3200 15
839 3150 920 3217 ε’φιπο
940 3148 975 3216 Ι),
995 3164 1071 3203 corr.
1091 3148 1142 3208 Dw

200 3366 234 3419 33
245 3363 361 3420 Christe
381 3362 487 3431 deus”‚
508 3378 627 3417 sacrum
647 3364 841 3433 evangelium
861 3365 892 3418 in
911 3379 945 3418 ro
979 3378 1020 3418 un
1039 3366 1174 3435 imponit.
1205 3365 1293 3430 Quod
1312 3368 1365 3421 diu

199 3437 276 3491 urin
295 3437 415 3490 flamma
436 3436 573 3490 relictum
586 3434 721 3489 illaesum
735 3437 852 3489 marisit.
890 3435 950 3489 Bar
972 3438 1018 3489 ari
1032 3437 1235 3508 obstupefacti
1248 3438 1364 3507 praedi-

244 3508 355 3561 cationi
375 3505 569 3560 erediderunt
587 3510 617 3557 et
634 3510 668 3559 ut
680 3520 767 3560 sacro
780 3507 961 3577 baptismate
974 3508 1168 3565 initiarentur
1180 3509 1365 3578 flagitarunt.

244 3580 329 3633 Haeo
347 3580 390 3633 sio
409 3584 477 3631 acta
496 3582 574 3632 sunt.

334 3650 375 3703 il.
414 3648 553 3703 Ceterum
573 3646 797 3717 Constantinus,
825 3665 905 3705 unus
929 3665 968 3704 ex
987 3653 1070 3720 regis
1088 3652 1163 3719 tiliis,
1192 3654 1270 3721 patri
1291 3667 1365 3721 praa

217 3722 352 3777 2oeteris
371 3735 461 3775 carus
480 3735 518 3773 ex
543 3719 648 3773 morbo
669 3719 754 3788 obiit;
785 3723 871 3775 cuius
900 3729 1026 3777 mortain
1045 3723 1210 3793 imperator
1228 3725 1365 3792 graviter

244 3796 352 3860 ferens,
382 3793 461 3847 omni
491 3790 697 3845 consolatione
724 3792 892 3860 repudiata,
922 3807 990 3846 eum
1010 3794 1067 3849 sibi
1091 3797 1244 3848 viventem
1263 3794 1366 3849 offerri

217 3866 395 3935 3oupiebat.
433 3864 505 3917 Erat
524 3868 626 3917 autern
640 3863 761 3931 quidam
776 3865 942 3918 monachus
954 3864 1141 3933 Theodorus,
1162 3873 1364 3934 cognomento

245 3936 481 4001 Santabarenns,
507 3935 573 4003 regi
594 3935 632 3988 ob
652 3949 799 3989 summam
819 3935 856 3988 de
875 3936 971 4004 ipsius
990 3939 1103 3992 virtuto
1122 3937 1303 4006 opinionem,
1331 3944 1365 3991 ut

216 4010 333 4062 loliani
354 4005 500 4061 miracula
519 4006 611 4060 edere
629 4005 813 4073 crederetur,
842 4006 997 4062 familiaris
1022 4007 1163 4079 idemque
1189 4009 1365 4079 metropolis

245 4080 458 4133 Errobaitorunr
487 4079 620 4133 antistes.
658 4078 733 4132 lirun
753 4078 847 4147 igitur
865 4077 971 4133 dicunt
989 4080 1055 4148 rogi
1074 4080 1250 4134 defunctum
1271 4080 1365 4135 filium

217 4149 412 4206 boatendisse
441 4152 601 4217 viventem,
622 4164 689 4203 curn
709 4150 866 4216 effecisset,
894 4153 930 4203 ut
947 4148 1162 4205 Constantinus
1193 4166 1273 4221 equo
1297 4154 1365 4206 insi-

245 4222 319 4276 dens
339 4222 416 4291 patri
441 4235 601 4275 occurrere
627 4220 693 4275 loco
720 4221 852 4289 quodam
881 4222 1043 4275 arboribus
1070 4224 1167 4276 obsito
1196 4224 1365 4290 niderostun

245 4308 342 4362 quern,
374 4308 441 4347 curn
469 4293 628 4361 amplexus
647 4298 676 4346 et
696 4292 889 4347 deosculatus
908 4298 995 4359 esset,
1024 4309 1085 4347 non
1105 4293 1232 4363 amplius
1251 4295 1364 4349 vidisse

217 4365 358 4433 Gregeur.
395 4362 454 4419 Sed
476 4370 506 4417 et
525 4363 591 4417 aliis
609 4364 755 4417 similibus
775 4364 863 4417 iactis
881 4361 1110 4418 santabarenus
1129 4378 1203 4433 rege
1222 4366 1252 4419 in
1272 4365 1364 4419 adrni-

244 4438 390 4492 rationem
411 4435 544 4491 adducto
565 4434 715 4505 effecerat,
734 4440 769 4489 ut
787 4436 812 4489 is
825 4439 906 4489 totus
920 4450 959 4489 ex
972 4437 1037 4505 ipso
1051 4435 1206 4506 penderet,
1225 4442 1260 4491 ut
1274 4436 1364 4493 tidem
