3050 4775
292 382 326 447 le
576 376 712 447 tonna.
732 376 831 445 sim
850 374 923 444 xm
941 384 967 457 a,
985 374 1082 454 as-l,
1100 374 1125 441 a.

289 574 359 639 ναοί
389 572 423 638 δὲ
453 573 486 637 ἓν
514 573 593 656 αὐτῇ
619 569 695 655 παρ’
725 572 823 636 αὐτοῦ
850 570 1096 654 καθιδρίδησαν
1122 568 1176 632 καί
1201 566 1301 632 πολλὰ
1329 562 1410 650 πρὸς

244 682 280 737 24
289 676 412 758 κόσμον
433 676 546 757 ταύτης
565 674 735 758 γεγόνασιν,
761 674 811 738 ἐπὶ
832 679 907 738 πᾶσι
931 674 965 737 δὲ
988 673 1041 737 καί
1057 673 1075 737 δ
1090 671 1281 754 κυκλοτερὴς
1296 670 1410 734 κίωνδ

288 784 487 862 πορφυροῦς,
504 780 541 841 δν
553 778 588 842 ἔκ
600 776 735 860 Ῥώμης,
752 777 799 847 ὡς
810 777 912 859 λόγος,
929 776 1119 858 κομισθέντα
1132 773 1211 837 κατὰ
1223 774 1279 856 τήν
1290 773 1411 855 ἀγοράν

289 882 423 964 ἔστησεν,
448 884 467 963 ἢ
484 880 693 962 κατέστρωται
708 878 838 950 λιθίναις
859 879 979 961 πλαξίν,
996 874 1053 960 ἀφ’
1070 875 1118 941 ών
1134 875 1313 939 Πλσκωτδν
1326 898 1408 958 παρ-

289 984 481 1066 ωνδμασται·
519 982 572 1045 καί
595 977 643 1044 ἐπ’
668 982 765 1045 αὐτοῦ
788 982 923 1063 χάλκεον
945 980 1103 1063 ἐνίδρυσεν
1126 979 1260 1061 ἄγαλμα,
1295 978 1437 1060 deriput

244 1094 279 1151 25
289 1086 412 1149 ἰδέσθαι
436 1084 486 1147 διά
509 1108 540 1148 τε
563 1084 619 1167 τήν
641 1086 750 1167 τέχιην
778 1085 829 1147 διά
851 1107 883 1147 τε
905 1083 940 1146 τδ
962 1083 1108 1165 μέγεθος.
1153 1080 1189 1145 τδ
1203 1080 1262 1163 μὶν
1277 1080 1337 1163 γάρ
1352 1104 1407 1143 πε-

288 1188 405 1269 λώριον
437 1184 487 1269 ἦν,
522 1187 542 1269 ή
576 1186 610 1250 δὲ
644 1186 806 1269 ἀκρίβειαν
839 1186 960 1249 ἐδείκνυ
992 1183 1097 1268 χειρὸς
1127 1184 1261 1267 ἀρχαίας
1290 1188 1408 1265 μικροῦ

287 1289 481 1373 πλαττούσης
502 1288 556 1352 καὶ
571 1290 706 1370 ἔμπνοα·
730 1288 847 1369 λέγεται
871 1288 905 1351 δὲ
927 1293 982 1351 τοῦ
994 1286 1193 1356 ’Λπόλλωνος
1215 1285 1291 1349 εἶναι
1312 1286 1407 1369 στήλη

150 1390 323 1458 ΡΙΙΒΑτδ
351 1390 476 1474 ἄγαλμα
504 1390 557 1453 καί
583 1390 806 1473 μετενεχθῆναι
834 1389 897 1454 άπδ
923 1397 978 1473 τῆς
1008 1390 1042 1452 δυ
1070 1396 1107 1472 τῇ
1134 1388 1258 1471 Φρυγίᾳ
1283 1388 1409 1459 πόλεως

244 1506 278 1560 26
287 1498 343 1557 τοῦ
368 1492 470 1556 Ἰλίου.
526 1492 545 1556 δ
573 1493 606 1556 δὲ
638 1492 799 1563 θειότατος
830 1494 1038 1574 αὐτοκράτωρ
1070 1492 1188 1561 ἐκεῖνος
1219 1492 1262 1561 εἷς
1293 1492 1409 1554 οἰκεῖον
1419 1503 1457 1555 10

288 1595 390 1678 ὄνομα
418 1593 453 1658 τδ
482 1595 608 1677 ἄγαλμα
636 1596 752 1677 ἔστησε,
780 1602 818 1677 τῇ
845 1596 968 1678 κεφαλῇ
995 1595 1107 1658 τούτου
1129 1592 1213 1663 τινάς
1234 1598 1299 1657 τῶν
1320 1593 1447 1676 ήλωνΙ)
1462 1600 1504 1653 lll

288 1698 553 1781 ἔναρμοσάμευος,
582 1699 615 1760 οἳ
637 1696 672 1760 τδ
698 1702 793 1779 σῶμα
816 1704 871 1761 τοῦ
894 1698 1006 1779 κυρίου
1029 1696 1340 1779 προσεπαττάλευσαν
1361 1702 1410 1778 τῷ

288 1800 436 1882 σωτηρίῳ
459 1807 600 1882 σταυρῷ·
624 1801 642 1862 δ
665 1800 718 1862 καί
741 1802 851 1883 μέχρις
874 1801 968 1882 ήμῶν
989 1800 1152 1882 διήρκεσεν
1166 1798 1216 1862 ἐπί
1230 1804 1286 1861 τοῦ
1301 1799 1409 1868 κίονος

243 1902 425 1984 κῖὲστηκδς.
476 1904 623 1966 πέπτωκε
656 1902 691 1965 δὲ
722 1902 940 1985 βασιλεύοντος
967 1903 1104 1975 Ἀλεξίου
1135 1907 1191 1964 τοῦ
1224 1903 1407 1985 Κσμνηνοῦ,

289 2004 407 2086 ἀνέμου
435 2005 624 2077 πνεύσαντος
646 2006 749 2088 βιαίου
772 2030 804 2068 τε
827 2004 881 2068 καί
904 2006 1060 2087 σφοδροῦ·
1097 2004 1225 2068 κάκεῖνό
1247 2028 1279 2067 τε
1302 2005 1407 2068 συντέ-
1419 2012 1455 2067 15

243 2120 394 2188 asumma
421 2107 474 2170 καί
502 2106 638 2177 πολλοὺς
669 2112 733 2170 τῶν
765 2107 832 2170 ἐκεῖ
858 2106 1106 2189 παρατυχόντων
1137 2108 1308 2189 συνέτριψε.
1354 2107 1409 2171 καί

288 2208 323 2272 τδ
346 2208 529 2273 Παλλάδιον
552 2210 586 2273 δὲ
609 2210 672 2273 ἀπὸ
695 2217 749 2293 τῆς
778 2210 894 2293 Τροίας
919 2210 1088 2293 μετήνεγκε
1114 2209 1169 2273 καί
1197 2210 1231 2273 ἒν
1257 2216 1294 2294 τῇ
1317 2208 1407 2272 Πλα-

289 2318 378 2397 κωτῇ
401 2312 455 2376 καί
477 2317 568 2376 τοῦτο
592 2312 717 2398 ἔστησεν
740 2312 850 2398 ἀγορᾷ.

289 2507 323 2563 18
340 2507 400 2578 περί
419 2515 464 2564 τοῦ
482 2513 674 2578 πατριαρχικσῦ
692 2508 794 2578 δρδνσυ
812 2514 858 2578 τῆς
875 2508 933 2568 νίας
948 2507 1055 2577 Ῥώμης
1074 2507 1097 2563 C

343 2687 357 2740 1
375 2685 439 2756 παρ’
458 2685 538 2742 αὔταῢ
554 2685 661 2756 laudm
679 2686 752 2757 pr
825 2685 907 2742 λιταί
926 2687 1020 2743 om.B
1093 2688 1110 2741 4
1130 2693 1197 2758 poet
1216 2687 1255 2742 ὧν
1273 2687 1343 2743 add.
1361 2689 1409 2744 καὶ

342 2758 415 2828 pr
500 2765 572 2813 ante
589 2758 730 2813 πλακωτδν
748 2758 817 2814 add.
837 2760 853 2812 δ
870 2759 898 2812 D
982 2762 1168 2827 κατωνόμσσαι
1189 2759 1254 2827 (sie)
1275 2757 1310 2828 D,
1330 2775 1409 2815 corr.

341 2827 392 2888 Dw
449 2830 466 2885 5
485 2831 531 2885 καί
545 2829 636 2884 om.B
690 2830 753 2899 παρ’
764 2831 837 2884 αιἰτῶ
849 2830 886 2898 Ι),
906 2832 1046 2889 eorr.Dw
1100 2833 1116 2884 6
1135 2832 1267 2900 πελώριον
1277 2831 1409 2902 prDi‚

339 2900 504 2956 πελώνιονΑ
559 2903 576 2956 8
593 2903 756 2971 πλαττούσης
769 2901 880 2972 Apr,
897 2904 1046 2972 πλστσύσης
1058 2902 1094 2970 D,
1112 2903 1343 2972 παραλλαττοάσης
1356 2902 1409 2962 Dw

375 2980 422 3026 τοῦ
431 2972 493 3042 AR,
512 2974 557 3028 κατ’
568 2973 645 3043 pr
717 2975 816 3043 στήλην
829 2972 950 3044 prDi
1022 2975 1039 3030 9
1057 2983 1089 3044 τῇ
1108 2990 1164 3029 om.
1177 2975 1203 3027 D
1269 2975 1303 3028 10
1320 2975 1408 3043 Ἰλίου]

336 3045 429 3098 Ἠλίου
453 3047 624 3115 suspicatur
648 3043 829 3101 Lambecius
852 3045 892 3100 ad
912 3045 1016 3101 Codin.
1042 3046 1080 3100 de
1105 3048 1219 3115 antiqu.
1239 3045 1409 3102 Constanti·

341 3117 441 3186 nopol.
460 3133 488 3187 p.
507 3117 551 3184 41,
572 3117 620 3185 1ος
647 3117 701 3172 sed
721 3134 748 3170 v.
769 3117 868 3171 Malal.
887 3134 915 3188 p.
934 3118 996 3186 320,
1017 3117 1051 3171 12
1060 3133 1083 3172 s.
1196 3118 1230 3171 14
1248 3117 1278 3172 dl
1296 3117 1409 3190 Apr,

340 3187 433 3256 γὰρΒ
507 3189 541 3243 18
559 3189 711 3258 δστηκενΕ

241 3383 380 3441 23mnlto
399 3386 545 3441 maiorem
564 3401 631 3441 eam
650 3386 790 3441 reddidit.
827 3386 874 3442 Ita
892 3388 1005 3458 templa
1022 3385 1230 3442 inaedificavit
1253 3391 1283 3440 et
1305 3387 1410 3442 multis

241 3455 377 3512 24rebus
396 3458 502 3512 urbem
514 3457 684 3527 adornavit,
704 3459 836 3529 denique
855 3465 981 3515 teretem
998 3459 1079 3513 illam
1092 3458 1262 3512 columnam
1277 3459 1408 3529 porphy-

286 3530 411 3583 reticam
423 3527 528 3597 Roma,
548 3533 583 3583 ut
597 3531 707 3598 ferunt,
727 3530 849 3586 allatam
863 3533 894 3585 in
907 3532 974 3586 foro
990 3530 1117 3600 lapideis
1133 3529 1251 3584 laminis
1270 3532 1407 3597 instrato,

286 3598 367 3653 unde
381 3599 527 3654 Placoton
546 3602 733 3656 nominatum
753 3608 807 3671 est,
827 3605 928 3672 posuit
947 3608 977 3657 et
996 3603 1027 3656 in
1047 3618 1084 3656 ea
1103 3601 1297 3656 simulacrum
1318 3602 1408 3656 collo-

287 3671 368 3724 cavit
387 3675 516 3726 aeneum
537 3670 737 3728 admiratione
756 3674 884 3744 dignum
902 3679 933 3730 ct
952 3675 991 3729 de
1010 3679 1075 3728 arte
1090 3682 1120 3728 et
1134 3673 1172 3728 de
1184 3673 1407 3743 magnitudine.

241 3739 276 3793 25
286 3739 361 3796 Nam
375 3742 448 3796 illud
462 3748 491 3796 et
505 3749 570 3796 erat
584 3744 762 3799 colossicam
777 3752 806 3799 et
818 3761 869 3800 ars
882 3746 1045 3800 sollertiam
1059 3745 1288 3801 demonstrabat
1297 3760 1406 3800 manus

286 3813 430 3881 antiquae
444 3828 541 3883 paene
556 3816 751 3884 exprimentis
763 3818 852 3870 etiam
863 3818 1011 3881 viventia;
1026 3817 1135 3871 dicitnr
1145 3822 1247 3871 autern
1257 3815 1406 3886 Apollinis

286 3899 352 3939 esse
370 3889 471 3938 statua
491 3885 548 3938 hoc
567 3886 761 3940 simulacrum
780 3889 819 3942 ab
832 3887 887 3942 illo
899 3889 1053 3958 Phrygiae
1066 3889 1143 3943 urbe
1156 3894 1404 3958 transportatum.

240 3954 275 4008 26
285 3954 345 4010 Sed
362 3955 483 4010 divinus
502 3957 666 4026 imperator
685 3959 732 4011 ille
752 3972 841 4012 enum
864 3960 906 4012 illl
927 3975 1039 4014 nomen
1062 3959 1170 4014 indidit
1194 3961 1285 4030 capiti
1310 3961 1405 4016 clavis

286 4026 468 4096 qriibusdam
481 4028 610 4096 insertis,
629 4030 681 4097 qui
695 4043 805 4098 corpus
819 4030 932 4084 domini
945 4031 1120 4084 salutiferae
1134 4033 1217 4085 cruci
1230 4031 1403 4101 adirier-anm

285 4098 361 4152 haec
379 4102 481 4152 statua
501 4101 591 4154 etiam
610 4113 708 4167 usque
727 4100 767 4153 ad
786 4105 890 4155 nostra
909 4106 1046 4171 tempora
1065 4103 1229 4170 permansit
1244 4102 1404 4158 columnae

240 4168 274 4222 ii
285 4170 434 4224 insistens.
474 4169 533 4224 Sed
547 4171 603 4224 sub
617 4170 724 4224 Alexio
738 4170 902 4239 comneno,
922 4188 991 4226 cum
1004 4180 1114 4227 ventus
1130 4173 1232 4227 flasset
1251 4174 1404 4229 violentus

285 4256 321 4295 ac
347 4241 519 4310 vehemens,
549 4242 669 4308 cecidit;
698 4257 799 4311 neque
827 4245 893 4313 ipsa
923 4245 1020 4298 solum
1048 4246 1233 4298 comminuta
1257 4250 1324 4299 erat
1349 4246 1403 4300 scd

239 4312 375 4368 28etiam
401 4313 519 4380 multos,
546 4315 598 4383 qui
624 4314 701 4368 forte
726 4315 768 4368 ibi
794 4314 930 4384 aderant,
955 4316 1138 4370 comminuit.
1175 4315 1212 4370 Et
1233 4315 1404 4374 Palladium

285 4382 377 4440 Troia
397 4386 551 4444 transtulit
569 4390 662 4458 atque
681 4387 712 4442 iu
731 4385 856 4445 Placoto
875 4388 942 4444 foro
961 4387 1019 4446 hoc
1037 4402 1161 4463 quoque
1179 4389 1289 4464 posuit
