3050 4775
276 420 330 475 618
570 418 706 478 ZONAR.
726 420 824 477 spir.
844 420 928 477 XVII
945 420 989 491 21,
1007 418 1103 477 8-19.

274 613 322 688 τῷ
344 606 387 676 εἷς
409 604 444 670 τὸ
460 606 638 688 Δυρράχιον
653 607 779 689 ἄρχοντι
794 612 841 687 τῷ
856 605 1013 686 Στεφάνῳ
1029 604 1211 688 συμβαλεῖν·
1234 606 1287 669 καί
1302 610 1395 670 τοῦτο

249 708 336 791 9γάρ
364 708 382 771 ὁ
409 709 612 791 Βοίσιλλάβος
638 710 817 791 ὠνόμαστο.
864 708 882 770 ὁ
912 708 945 771 δὲ
974 708 1112 791 ἀτέχνως
1144 704 1325 791 ἐγχειρήσας
1356 716 1394 793 τῇ

275 811 357 893 πρὸς
379 812 498 875 ἐκεῖνον
511 812 599 895 μάχη
625 812 677 895 (ἦν
700 811 760 895 γὰρ
784 818 988 894 στρατηγικῆς
1011 811 1171 893 ἐμπειρίας
1192 810 1393 893 ἀμέθυσος),

275 916 413 997 μεγάλης
427 921 492 984 τοῖς
506 915 572 997 μετ’
589 916 686 978 αὐτοῦ
710 915 965 997 στρατευομένοις
988 914 1106 995 ἐγένετο
1129 914 1290 995 παραίτιος
1313 938 1392 997 συμ-

275 1022 390 1099 φορᾶς,
423 1016 518 1087 αὐτὸς
548 1016 606 1098 μὲν
636 1017 727 1099 μόλις
754 1017 832 1097 μετὰ
859 1018 1008 1099 βραχέων
1037 1018 1164 1099 σωθείς,
1196 1010 1231 1079 τὸ
1260 1012 1289 1079 ‹i'
1317 1017 1420 1081 ἅλλοῧ

276 1120 451 1201 στράτευμα
479 1119 608 1201 σύμπαν
635 1120 860 1201 καταστρώσας
891 1120 962 1194 ἐκεῖ,
994 1119 1076 1202 μηδὲ
1107 1120 1185 1201 χειρί
1217 1118 1394 1202 δινούμενον

276 1223 456 1305 χρήσασθαι
478 1222 532 1285 καὶ
554 1222 626 1292 τοὺς
648 1223 811 1303 ἀναιρὲτας
834 1222 1023 1306 ἀμύνασθαι.

188 1326 212 1382 Β
234 1329 267 1381 10
371 1324 418 1389 Τὰ
440 1326 499 1409 μὲν
522 1323 580 1389 οὖν
602 1323 681 1388 κατὰ
703 1324 739 1388 τὸ
757 1324 928 1406 Ἰλλυρικὸν
956 1331 1065 1389 τοῦτον
1092 1327 1163 1409 ἔσχε
1185 1325 1239 1390 τὸν
1261 1320 1392 1409 τρόπον·

277 1428 296 1491 ὁ
320 1429 354 1492 δὲ
377 1429 575 1513 Μονομάχος
604 1428 660 1511 (είς
686 1428 722 1491 τὰ
745 1424 814 1491 κατ’
839 1426 927 1492 οἶκον
951 1428 1011 1511 γὰρ
1034 1429 1123 1511 αὐτῷ
1144 1430 1236 1492 πάλιν
1259 1430 1278 1493 ὀ
1301 1428 1394 1511 λόγος

277 1530 593 1615 ἐμφιλοχωρησάτω),
617 1531 682 1594 ἐπεί
696 1531 750 1594 καί
765 1532 785 1615 ἡ
803 1532 930 1615 δευτέρα
947 1532 1093 1601 σύνοικος
1113 1532 1201 1615 αὐτῷ
1224 1532 1392 1615 ἐτεθνήκει,
1405 1547 1439 1599 10

277 1635 320 1705 είς
347 1635 448 1717 τρίτον
475 1634 534 1716 μὲν
562 1635 665 1716 γάμον
693 1634 857 1697 ἀποκλῖναι
884 1636 944 1698 οὐκ
972 1636 1101 1717 ἔκρινεν,
1135 1636 1249 1718 ἄνειμιᾷ
1278 1636 1313 1700 ὅὲ
1338 1644 1394 1719 τῆς

277 1739 374 1802 αὐτοῦ
390 1745 525 1821 γαμετῆς
539 1738 649 1821 χηρείᾳ
672 1737 811 1819 συζώσῃ,
835 1737 941 1819 λάθρᾳ
963 1736 1022 1819 μὲν
1043 1735 1166 1821 πρῴην,
1189 1736 1251 1801 εἶτα
1275 1738 1329 1801 καὶ
1351 1740 1395 1809 είς

235 1841 456 1923 ῙΙτούμφανὲς
483 1840 715 1921 συνεφθείρετο.
762 1840 781 1921 ἡ
807 1838 841 1902 δὲ
867 1840 922 1902 καί
944 1840 1016 1910 νέας
1039 1838 1078 1923 ἦν
1101 1840 1220 1923 ἡλικίας
1242 1840 1296 1903 καὶ
1317 1842 1394 1905 κάλ-

277 1943 352 2013 λους
373 1942 436 2025 εἶχε
457 1948 513 2006 τοῦ
535 1943 684 2024 σώματος
705 1946 855 2023 περιττῶς
878 1942 932 2005 καί
954 1944 1063 2025 γένους
1092 1943 1265 2026 ἐπιφανῶς·
1299 1944 1395 2027 ἐξέφυ

235 2047 268 2100 1⁸2
278 2044 338 2128 γὰρ
365 2052 421 2109 τοῦ
450 2046 628 2126 σπέρματος
653 2050 718 2109 τῶν
744 2044 914 2127 Σκληρῶν.
961 2046 1045 2109 οὕτω
1074 2042 1102 2109 δ’
1127 2046 1269 2130 ἀλλήλοις
1297 2048 1393 2111 &retr-
1408 2060 1440 2113 15

276 2151 412 2231 τήκεσαν
438 2148 490 2211 καί
514 2148 599 2211 οὕτω
622 2149 726 2229 οηνίσιν
748 2148 768 2211 ὁ
791 2150 874 2229 ἔρως
898 2148 1067 2229 ἐχκέκαυτο
1091 2150 1137 2220 ὡς
1160 2151 1189 2213 εί
1207 2149 1252 2233 μὴ
1277 2156 1395 2215 συνεῖεν

235 2252 268 2305 13
278 2251 429 2335 ἀλλήλοις,
446 2250 528 2333 μηδὲ
544 2252 600 2333 ζῆν
613 2251 716 2313 δοκεῖν
726 2247 803 2333 μηδ’
817 2250 993 2333 ἀνέχεσθαι.
1018 2250 1067 2315 διὸ
1083 2252 1136 2316 καί
1151 2252 1331 2336 ὑπερορίαν,
1348 2254 1395 2325 ὡς

277 2448 295 2500 8
312 2447 372 2516 περί
390 2454 436 2502 τοῦ
455 2445 622 2515 Μονομιίχου
639 2446 685 2500 καί
702 2453 748 2515 τῆς
766 2446 936 2517 Σκληραίνης
954 2447 1000 2501 καί
1019 2449 1087 2511 (om.
1107 2446 1141 2516 C)
1159 2455 1206 2502 τοῦ
1227 2447 1294 2517 πρὸς
1315 2448 1394 2518 ἀλλή-

195 2533 201 2549 ’
277 2519 339 2578 λους
356 2519 455 2588 ἔρωτος
473 2516 521 2573 ΟΕ

331 2695 528 2766 tssototiastoe
546 2695 671 2766 B³(?)wp
779 2695 923 2762 ἐγχειρίσας
942 2694 1004 2764 Rw,
1023 2697 1136 2766 ἕχειρίας
1155 2696 1190 2764 D,
1210 2697 1340 2768 ἕχειρίσας
1359 2699 1395 2769 p*

330 2786 349 2840 4
366 2786 453 2840 αὐτῶν
466 2785 493 2839 D
565 2787 582 2840 6
600 2787 664 2854 ἐκεῖ,
682 2785 760 2855 μηδὲ]
781 2759 900 2844 ἐκείνους
919 2788 984 2852 (sic)
1005 2785 1135 2855 [punctis
1154 2787 1300 2856 notat-um]
1319 2787 1349 2843 δὲ
1367 2789 1395 2842 Ι)

367 2913 509 2980 δυνάμεσιν
521 2912 549 2965 D
621 2913 638 2966 8
656 2911 766 2980 λυρικίνν
780 2911 807 2964 D
880 2912 897 2966 9
914 2877 996 2966 πάλίιλ
1014 2910 1041 2963 D
1116 2913 1146 2964 11
1167 2913 1314 2982 ἀποκλῖναι]
1332 2913 1395 2967 ἀπο·

332 2985 443 3054 κλυτική
462 2985 583 3054 punctis
601 2989 738 3038 notatum
759 2983 786 3036 D
879 2983 983 3051 ἔκρινεν
1001 2982 1127 3052 Βνρῦί,
1146 2984 1235 3052 ἔκρινε
1253 2982 1288 3050 Α,
1308 3001 1336 3038 v.
1356 2984 1395 3038 ad

332 3055 405 3110 XIII
424 3058 448 3122 l,
467 3055 485 3110 5
556 3057 655 3124 ἀνεψιᾷ
673 3053 800 3125 prDt',
819 3055 917 3124 ἀνεψιὰ
935 3052 1015 3109 ACD
1094 3055 1128 3108 12
1145 3055 1226 3109 αὐτοῦ
1244 3055 1305 3125 AR,
1324 3056 1396 3125 αὐτῷ

333 3181 397 3250 w*p
488 3183 583 3251 χηρείᾳ
601 3180 719 3249 συζώση]
739 3147 800 3248 χιί.
821 3220 827 3234 .
848 3221 854 3234 .
873 3181 978 3249 τυζώση
998 3178 1025 3231 D
1122 3179 1156 3234 14
1174 3189 1327 3249 σωματικοῦ
1348 3180 1396 3236 BC

368 3253 512 3322 ἐπιφανοῦς
532 3251 560 3305 D
660 3252 750 3320 ἐξέστη
769 3251 797 3304 D
901 3252 934 3306 15
952 3253 1036 3311 οὕτως
1055 3250 1083 3303 D
1190 3251 1396 3321 ἕνετὴἷκεσανΕ

334 3325 368 3378 16
385 3323 534 3378 ἐκκέκαυτο
554 3321 578 3378 0
652 3323 685 3378 17
704 3324 795 3378 δοκεῖν
812 3321 877 3392 μηδ’
897 3339 953 3377 om.
972 3322 1000 3376 D
1073 3321 1124 3392 διὸ]
1144 3325 1160 3378 δ
1178 3323 1205 3377 D

280 3499 355 3553 tioto
378 3513 433 3552 rex
456 3495 637 3566 Dyrrhachii
662 3497 817 3566 praefecto
844 3498 955 3564 scribit,
983 3503 1017 3553 ut
1042 3513 1110 3552 cum
1132 3494 1284 3568 Stephano
1316 3499 1396 3566 (nam

253 3560 311 3624 9id
331 3583 453 3638 quoque
476 3584 586 3622 nomen
606 3568 797 3623 Boisthlabus
821 3569 964 3637 habebat)
989 3569 1213 3640 congrediatur.
1251 3569 1395 3633 Quicum

280 3655 417 3712 pugnam
438 3644 552 3694 temere
572 3641 768 3694 commisisset
795 3640 907 3709 (neque
927 3643 1005 3696 enim
1025 3643 1098 3696 artis
1117 3641 1329 3710 imperatoriae
1348 3657 1396 3711 pe·

279 3714 379 3766 ritism
403 3711 554 3779 habebat),
583 3727 655 3766 suos
677 3712 786 3766 milites
809 3713 839 3765 in
864 3727 1007 3780 magnam
1031 3713 1145 3766 cladem
1168 3713 1304 3779 coniecit,
1332 3715 1396 3782 ipse

281 3800 349 3838 cum
368 3785 474 3853 paucis
493 3798 587 3851 aegre
607 3784 737 3852 elapsus,
756 3784 872 3853 reliquo
893 3785 1030 3838 exercitu
1049 3785 1129 3838 omni
1148 3783 1207 3838 illie
1227 3798 1325 3852 caeso,
1345 3784 1396 3852 qui

280 3872 337 3910 nec
355 3856 496 3908 manibus
515 3856 559 3908 uti
577 3871 634 3908 nec
653 3855 863 3909 interfectores
882 3855 986 3909 ulcisci
1006 3857 1112 3925 potuit,

237 3920 271 3972 10
369 3926 502 3981 Haecin
522 3926 642 3994 Illyrico
666 3931 754 3995 gesta
777 3931 860 3994 sunt3
888 3924 1104 3981 Monomechus
1128 3931 1228 3980 autem
1253 3926 1334 3993 (nam
1359 3925 1397 3980 de

281 3999 372 4052 rebus
386 3999 451 4053 eius
465 3997 636 4051 domesticis
649 3997 803 4066 agendum
818 4003 863 4052 est
876 3999 1033 4067 prolixius)
1053 3999 1148 4052 altera
1162 4013 1259 4052 uxore
1277 4001 1397 4052 mortua

280 4071 385 4124 tertias
398 4069 455 4123 sibi
468 4071 590 4139 nuptias
604 4069 802 4123 celebrandas
816 4084 875 4123 non
888 4070 1022 4139 putabat,
1037 4069 1090 4124 sed
1102 4071 1283 4124 consobrina
1292 4069 1397 4123 uxoris

280 4156 362 4207 suae,
383 4141 496 4195 viduae
516 4140 745 4206 consuetudine,
769 4141 916 4210 principio
937 4141 1021 4206 clam,
1043 4146 1111 4210 post
1130 4142 1221 4194 otiam
1240 4140 1322 4194 haud
1342 4139 1397 4193 dis·

237 4207 458 4267 llsimulanter
473 4213 625 4266 utebatur.
662 4212 706 4264 Ea
725 4228 799 4265 vero
819 4217 849 4266 et
868 4212 1096 4266 adulescentula
1115 4217 1180 4266 orat
1199 4217 1229 4266 et
1249 4213 1398 4267 formosis·

238 4282 356 4338 12sims
376 4290 406 4338 ot
424 4284 517 4338 nobili
537 4281 707 4339 Sclerorum
727 4284 841 4337 familia
861 4289 934 4338 orta.
973 4283 1015 4338 Eo
1037 4287 1138 4338 autem
1159 4299 1295 4338 rimorum
1315 4297 1399 4336 nexu

281 4360 369 4410 erant
383 4356 513 4410 devincti
528 4371 627 4424 eoque
640 4356 750 4409 amoris
762 4355 872 4408 ardore
884 4355 1069 4421 inflammati,
1088 4361 1123 4408 ut
1135 4355 1192 4410 nisi
1208 4371 1271 4410 uno
1290 4359 1398 4420 essent,

238 4424 272 4479 13
282 4428 376 4482 vitam
394 4427 452 4483 sibi
471 4433 568 4481 morte
586 4427 773 4482 acerbiorem
793 4429 944 4498 putarent.
981 4425 1089 4497 Itaque
1106 4426 1188 4481 illum
1200 4427 1307 4482 mulier
1319 4425 1398 4482 ultro
