3050 4775
255 453 309 515 740
500 450 637 515 ZONAR.
657 450 756 513 spls.
775 448 874 512 XVIII
893 455 936 525 22,
955 449 1069 526 31-23,
1090 452 1132 511 11.

255 641 380 723 λευιαίρ
410 644 475 704 τῶν
506 641 694 723 θυγατέρων
725 638 898 723 συνῴκισεν
925 639 944 703 δ
970 636 1074 723 πατὴρ
1103 638 1226 701 νεανίαν
1254 635 1290 701 τὸ
1318 636 1376 719 μὲν

257 744 341 814 εἶδος
363 744 564 826 ἀγαλματίαν,
587 743 622 808 τδ
646 743 681 807 δὲ
703 744 794 825 γένος
817 743 856 807 ού
879 746 943 805 τῶν
966 742 1138 825 ἐπιφανῶν.

212 858 248 913 32
346 846 464 929 Γέγονε
487 844 515 909 δ’
540 846 589 909 lul
611 852 666 929 τῆς
687 845 844 928 βασιλείας
866 844 979 909 τούτου
1002 842 1115 914 κλύνος
1137 850 1192 927 τῆς
1219 848 1277 927 γῆς
1303 866 1375 926 φρι-

257 949 455 1018 κωδέστατος
477 947 557 1011 κατὰ
580 948 636 1030 τὴν
658 950 781 1031 ἡμέραν
799 954 853 1031 τῆς
867 948 996 1031 μνήμης
1010 952 1066 1011 τοῦ
1082 948 1116 1011 ἐν
1131 946 1275 1029 θαύμασι
1290 968 1375 1028 περι-

225 1052 390 1134 Οωνύμαυ
406 1050 496 1133 άγίου
512 1048 686 1131 Νικολάου,
709 1046 766 1133 ὑφ’
784 1047 822 1113 οὗ
838 1050 952 1113 πολλαί
964 1073 995 1113 τε
1016 1050 1110 1114 οἰκίαι
1132 1048 1186 1113 καί
1208 1048 1279 1111 ναοὶ
1301 1054 1401 1111 κατ-5

258 1154 433 1237 ηρείπωντο
454 1151 509 1216 καί
524 1153 619 1226 στοαί,
643 1148 682 1215 δι’
699 1150 748 1217 ῶν
762 1154 796 1216 ul
810 1159 865 1236 τῆς
879 1152 1003 1223 πόλεως
1024 1152 1216 1236 ῶρόφωνται
1233 1151 1375 1233 ἀτραποί,

258 1255 312 1321 καὶ
333 1257 467 1319 πλεῖστοι
489 1257 523 1319 ἐν
544 1262 608 1327 τοῖς
630 1257 842 1339 συμπτώμασι
864 1255 1114 1338 συνεχώσθησαν
1136 1254 1190 1319 καί
1205 1254 1376 1319 ἀπέθανον.

205 1365 249 1429 23
348 1358 438 1422 Κατὰ
469 1358 599 1432 τούτους
630 1358 703 1429 τοὺς
734 1358 871 1442 χρόνους
902 1358 956 1422 καὶ
987 1364 1044 1421 τού
1073 1362 1138 1421 τῶν
1166 1356 1378 1431 Πατζινάκων

258 1462 374 1532 ἔθνους
400 1462 578 1544 συγκίνησις
609 1462 744 1545 γέγονεν,
777 1462 813 1525 ἐκ
841 1466 905 1525 τῶν
933 1463 1094 1545 σφετέρων
1122 1461 1216 1544 ἠθῶν
1242 1483 1377 1543 μετανα-

259 1564 442 1635 στεύσαντος
468 1564 511 1634 είς
538 1565 650 1647 χώραν
667 1563 850 1647 Ῥωμαικὴν
878 1563 932 1627 καλ
958 1563 1014 1647 τὴν
1039 1562 1172 1647 Θρᾴκην
1196 1568 1301 1628 πᾶσαν
1323 1562 1425 1627 nullo

232 1668 315 1752 2τὴν
330 1668 534 1733 Μακεδονίαν
548 1667 745 1749 ληιζομὲνου.
791 1665 871 1729 κατὰ
886 1666 1008 1729 τούτων
1029 1666 1254 1749 ἐκστρατεύσας
1276 1664 1295 1728 δ
1317 1666 1377 1747 βα-

233 1773 369 1844 3σιλεύς,
391 1775 455 1834 τῶν
477 1773 676 1852 στρατιωτῶν
690 1769 980 1851 ἀλαζονευομένων,
1004 1769 1144 1853 αίσχρῶς
1158 1769 1279 1852 ἥττητο.
1325 1764 1376 1831 εἶτ’

260 1871 353 1944 αύθις
376 1874 476 1937 ἄπεισι
497 1870 577 1935 κατὰ
600 1876 665 1935 τῶν
686 1871 872 1954 βαρβάρων,
894 1872 1139 1954 ταπεινωθείσης
1161 1877 1215 1953 τῆς
1236 1875 1379 1954 στρατιᾶς

259 1977 314 2040 καί
336 1975 371 2039 τὸ
392 1981 457 2039 πᾶν
479 1981 533 2058 τῆς
556 1974 644 2044 θείας
666 1974 848 2058 ίξαρτώσης
876 1974 986 2057 ῥοπῆς,
1019 1974 1073 2037 καί
1099 1973 1289 2059 προσβάλλει
1314 1978 1379 2043 τοῖς

187 2092 214 2144 D
233 2078 426 2161 4πολεμίοις.
472 2078 503 2140 οί
518 2076 553 2141 δὲ
571 2076 646 2140 οὐδὲ
668 2076 724 2158 τὴν
746 2077 867 2159 ἔφοδον
889 2077 1110 2160 ὑπομείναντες
1132 2076 1168 2139 τά
1192 2077 1273 2141 ὅπλα
1297 2075 1377 2139 κατὰ
1390 2084 1425 2137 15

261 2190 319 2266 γῆς
340 2182 505 2265 ἐρρίπτουν
527 2179 581 2243 καὶ
604 2180 757 2262 οἰμωγαῖς
780 2178 852 2251 τοὺς
870 2164 1048 2263 Ῥωμαίους
1070 2180 1274 2255 ἐξεκαλοῦντο
1296 2178 1378 2262 πρὸς

234 2286 357 2351 elleos.
403 2284 502 2347 ῶλετο
530 2282 589 2365 μὲν
617 2280 675 2345 σύν
700 2282 783 2345 πολύ
811 2305 838 2345 τι
860 2288 915 2346 τοῦ
938 2282 1116 2357 Σκυθικοῦ,
1149 2284 1180 2346 ολ
1209 2280 1311 2346 λοιποί
1343 2282 1379 2344 δὲ

261 2389 532 2472 συνελαμβάνοντο
564 2384 619 2450 καλ
649 2383 731 2469 ἦσαν
761 2384 824 2449 ὑπὸ
858 2386 984 2469 δεσμοῖς
1016 2386 1069 2450 καί
1101 2386 1145 2458 είς
1176 2385 1318 2450 δουλείαν
1348 2385 1416 2453 οίΙ)
1433 2393 1516 2454 llll!

234 2490 569 2574 θαίχμαλωτεύσαιτες
584 2487 699 2559 αὐτοὺς
714 2488 908 2554 ἀπεδίδοντο.
955 2489 974 2552 δ
990 2485 1019 2551 δ’
1033 2489 1239 2572 αὐτοκράτωρ
1255 2488 1380 2572 πλῆθος

263 2687 281 2740 3
298 2685 357 2754 περὶ
375 2691 421 2738 τοῦ
439 2683 554 2753 μεγάλου
575 2685 608 2746 (τ.
624 2703 683 2752 μεγ.
703 2699 761 2738 em.
781 2683 816 2748 Ε)
835 2691 942 2752 σεισμοῦ
962 2681 1009 2740 ΟΕ
1097 2685 1114 2739 8
1131 2682 1191 2752 περί
1210 2689 1264 2738 τῶν
1282 2683 1378 2744 Πατζι-

262 2758 355 2811 νάκων
379 2757 425 2811 καὶ
449 2757 523 2814 ὅπως
550 2755 794 2824 κατετροπώθησαν
822 2755 1041 2826 (κατετρώθησαν
1060 2753 1093 2824 C)
1113 2754 1169 2824 GE,
1198 2755 1304 2826 κατάγει
1331 2753 1379 2823 μὲν

263 2830 379 2897 ἔπαρσις,
398 2829 551 2886 ταπείνωσις
568 2825 593 2879 δ’
612 2827 683 2896 ύφοῖ
697 2825 735 2885 Br

319 2994 334 3046 l
352 2993 457 3046 παίδων
469 2990 521 3045 BD
576 2991 594 3046 3
612 2991 693 3046 αὐτοῦ
708 2992 714 3058 Ι
729 2990 757 3045 D
820 2992 837 3045 4
855 2991 1026 3061 περιωνύμου
1046 2997 1116 3047 ante
1135 2991 1207 3048 lvo
1271 2993 1379 3062 ὃάγίου

320 3081 376 3120 om.
396 3065 420 3118 Ο
493 3063 598 3134 'lpost
615 3084 711 3130 συμπτ.
731 3063 800 3117 add.
819 3063 864 3117 καί
883 3063 910 3116 D
993 3064 1185 3133 συνεχύθησαν
1204 3065 1228 3119 Ε
1299 3065 1317 3118 8
1334 3072 1379 3118 τοῦ

320 3153 377 3190 om.
396 3135 420 3189 E
514 3135 532 3188 9
550 3133 655 3203 &revel
673 3135 702 3188 τὸ
720 3136 797 3193 ἔθνος
818 3135 840 3188 Ε
939 3141 1006 3205 post
1024 3137 1119 3195 ἔθνους
1137 3136 1207 3191 add.
1227 3137 1244 3205 ἦ
1265 3133 1379 3206 prDi

320 3209 352 3261 11
372 3207 420 3277 τὴν
437 3223 493 3260 om.
508 3205 534 3259 D
555 3205 639 3276 Glyc.
659 3222 687 3276 p.
698 3207 759 3274 620,
771 3207 804 3260 19
895 3207 928 3260 16
947 3209 1073 3276 αίμωγαῖς
1086 3205 1235 3278 BprDi,
1254 3211 1380 3277 ολμοιγαῒς

319 3279 373 3332 AR
443 3278 652 3348 προςεκαλούντο
671 3276 724 3330 ΒΙ)
798 3277 832 3332 19
850 3277 874 3331 δ’
893 3277 955 3346 AR,
975 3293 1032 3334 om.
1052 3278 1115 3349 νὴ)

267 3459 348 3514 cavit
366 3463 453 3528 pater
472 3457 660 3513 adulescenti
677 3472 740 3512 non
758 3471 833 3512 sane
851 3457 959 3512 illustri
978 3461 1044 3513 erto
1064 3457 1187 3528 familia,
1212 3458 1266 3514 scd
1285 3459 1380 3513 forma

266 3529 405 3601 praedito
424 3531 690 3600 praestantissima.

221 3605 258 3660 32
355 3599 419 3656 Sub
438 3601 496 3655 lmc
514 3615 588 3670 rege
608 3608 709 3655 terrae
726 3605 827 3655 motus
846 3598 1014 3655 horrendus
1030 3601 1088 3654 fult
1106 3615 1143 3656 ee
1163 3600 1220 3668 die,
1244 3617 1304 3672 quo
1323 3615 1381 3655 me·

267 3674 364 3728 moria
382 3670 411 3728 S.
429 3671 545 3727 Nicolai
565 3673 603 3726 de
625 3671 779 3726 miraculis
806 3672 878 3726 clari
901 3672 1011 3741 agitur,
1039 3672 1196 3743 multaque
1223 3672 1380 3736 domicilia,

267 3745 361 3799 multa
385 3743 505 3814 templa,
528 3744 642 3798 multae
665 3744 808 3813 porticus,
837 3744 947 3812 quibus
970 3745 1040 3797 viee
1062 3744 1203 3813 publicae
1227 3749 1381 3814 teguntur,

268 3817 420 3886 collapsae
439 3816 574 3869 homines
595 3815 738 3884 plurimes
759 3820 982 3884 oppresserunt.

356 3887 399 3941 23.
435 3886 490 3940 His
509 3886 695 3955 temporibus
708 3901 785 3956 gens
800 3885 1029 3940 Patzinacorum
1049 3888 1112 3940 suis
1130 3885 1254 3942 sedibus
1273 3887 1382 3941 relictis

267 3961 298 4014 in
312 3960 463 4014 Romanas
482 3958 655 4028 provincias
673 3959 825 4026 migravit,
845 3963 938 4011 totam
952 3957 1111 4012 Thraciam
1131 3964 1161 4013 et
1175 3957 1382 4013 Macedoniam

240 4031 423 4102 2p0pulata.
461 4029 543 4092 Quos
562 4043 630 4082 cum
649 4044 703 4082 rcx
724 4028 802 4082 bello
822 4034 946 4098 peteret,
970 4029 1009 4084 cb
1029 4031 1237 4100 arrogantiam
1258 4030 1382 4084 militum

241 4103 397 4172 3turpiter
416 4107 462 4156 cst
481 4102 588 4155 victus.
626 4099 844 4170 Redintegrato
863 4101 941 4155 bello
960 4101 1168 4170 barbarorum,
1188 4116 1256 4156 cum
1276 4101 1383 4156 milites

240 4173 466 4231 lmodestiores
485 4174 558 4226 iacti
576 4172 616 4225 ab
638 4172 752 4226 auxilio
772 4173 903 4226 numinis
916 4172 1075 4227 dumtaxat
1088 4173 1265 4243 penderent,
1284 4175 1383 4227 hostes

269 4262 308 4301 ne
329 4248 426 4316 primo
450 4245 571 4314 quidem
589 4245 703 4313 impetu
724 4243 851 4297 tolerato
872 4244 953 4299 humi
973 4260 1057 4298 arma
1097 4247 1270 4299 roicceruut
1289 4250 1319 4299 et
1337 4259 1383 4298 su-

242 4319 370 4387 5spiriis
387 4314 624 4371 misericordiam
641 4330 660 4368 a
672 4314 815 4370 Romanis
832 4317 1040 4384 impetrarunt.
1108 4331 1189 4386 agna
1209 4317 1301 4386 igitur
1315 4314 1384 4386 Scy·

270 4389 368 4442 thicae
386 4390 486 4458 gentis
505 4386 665 4442 multitudo
680 4388 777 4456 periit,
798 4388 890 4440 ceteri
904 4388 935 4440 iu
949 4387 1076 4441 vinculis
1090 4388 1183 4442 habiti
1197 4393 1268 4442 sunt
1281 4401 1318 4443 ac
1329 4403 1384 4458 pro

242 4463 384 4518 licerenu
402 4461 587 4516 venumdati.
624 4459 689 4514 Rex
709 4475 782 4514 vero
803 4458 922 4513 delectu
941 4464 1008 4512 acto
1029 4461 1171 4514 iuvenum
1192 4460 1384 4514 robustorum
