3050 4775
263 419 317 476 512
539 413 675 479 ZONAR.
695 413 795 478 sels.
813 413 883 477 xvi
901 414 945 490 m,
963 415 1060 490 t-es
1077 415 1104 476 2.

263 603 369 666 ῦτπων
390 600 468 686 μετὰ
492 601 604 685 καιρὸν
627 603 816 687 στρατιώτας
838 603 857 667 ὅ
879 602 1023 687 βασιλεὺς
1037 603 1189 674 ἐνόπλους
1203 603 1383 687 προήγαγεν

263 705 306 776 είς
327 706 426 790 μέσον
447 704 483 768 τὸ
509 706 656 789 θέατρον,
689 705 940 789 ἐπιδειξαμένους
969 707 1050 789 τάχα
1076 713 1123 788 τῷ
1151 706 1248 789 δήμῳ
1276 706 1323 777 ὡς
1350 706 1384 769 έν

230 807 352 891 οτύπῳ
374 808 524 890 πολέμων
547 810 596 872 οἵα
615 814 670 893 τῆς
684 809 791 892 μάχης
805 810 825 893 ἡ
841 808 997 892 συμβολή,
1021 809 1068 880 ὡς
1089 808 1189 892 ἀῆθεν
1211 809 1384 872 κάντεῦθεν

263 911 351 993 αὐτῷ
362 910 621 995 περιποιούμενος
632 911 761 994 ἡδονήν,
780 911 865 994 quui
879 911 984 994 φόβον
1000 911 1088 993 αὐτῷ
1103 911 1249 975 ἐπισεῖσαι
1264 910 1381 976 θέλων.

236 1015 310 1086 Βοῦς
337 1012 394 1078 οῦν
421 1013 452 1078 oi
480 1019 661 1096 στρατιῶται
688 1013 725 1077 τὰ
753 1015 828 1097 ξίφη
861 1014 1057 1097 ἐγύμνωσαν,
1090 1014 1108 1077 ὁ
1132 1015 1165 1077 ἓν
1186 1014 1233 1095 τῴ
1254 1013 1411 1095 θεάτρῳίι

263 1116 339 1188 λαὸς
354 1117 436 1180 τοῦτ’
453 1117 552 1180 έκεῖνο
568 1114 602 1180 τῦ
618 1115 836 1200 φημιζόμενον
850 1115 927 1180 εἶναι
943 1117 1123 1199 νομίσαντες
1140 1115 1384 1198 ἀποδιδράσκειν

264 1220 301 1284 ἐκ
323 1225 379 1283 τοῦ
401 1219 540 1304 θεάτρου
563 1219 766 1303 ὡρμήκεσαν,
789 1220 843 1284 καὶ
864 1219 935 1302 περὶ
951 1218 1007 1290 τὰς
1022 1219 1153 1292 ἐξόδους
1169 1217 1384 1302 στενοχωροῦ-

261 1345 352 1406 μενοι
384 1318 437 1386 ῦπ’
471 1322 615 1406 ἀλλήλων
645 1345 678 1385 τε
705 1323 960 1405 συμπατούμενοι
989 1321 1155 1386 ἀπώλοντο
1182 1321 1221 1385 οῦ
1247 1322 1384 1404 βραχεῖς.

235 1425 342 1508 9τάχα
366 1420 395 1489 θ’
419 1427 458 1488 ἂν
481 1424 535 1488 καὶ
557 1425 665 1508 πολλῷ
687 1424 813 1496 πλείους
835 1423 1064 1506 έκινάύνευσαν,
1088 1425 1117 1487 εἰ
1135 1422 1181 1506 μὴ
1202 1422 1221 1485 ὁ
1241 1421 1385 1505 βασιλεὺς

220 1527 486 1610 ιοάμιτακίνητος
509 1527 559 1591 έιτλ
581 1533 636 1610 τῆς
658 1527 738 1598 ίάίας
753 1524 842 1590 ὦπτο
857 1525 1029 1607 καθέδρας.
1074 1524 1154 1589 ίάὼν
1170 1523 1230 1607 γὰρ
1246 1523 1265 1586 ὁ
1281 1523 1384 1606 ἀῆμος
1395 1544 1431 1597 10

263 1629 382 1694 ἐκεῖνον
395 1623 472 1712 μηδ’
490 1628 574 1698 ὅλως
589 1634 643 1712 τῆς
658 1629 753 1710 έάρας
767 1629 1035 1711 μεταχωρήσαντα
1055 1628 1187 1710 ἔστησαν
1201 1632 1256 1710 τῆς
1270 1631 1382 1710 φυγῆς·
1394 1647 1421 1702 D
1438 1648 1523 1702 118ι

218 1731 294 1794 1101
317 1730 351 1795 ἀὲ
373 1737 437 1802 τοῖς
459 1731 593 1795 θανοῦσι
615 1730 683 1794 τότε
705 1731 919 1812 προσήκοντες
941 1729 1014 1801 τοὺς
1037 1729 1171 1800 οἰκείους
1193 1729 1384 1812 θρηνοῦντες

172 1842 199 1896 D
220 1833 400 1918 12ἀημοσίρ
422 1831 504 1915 πρὸς
525 1832 579 1898 τὸν
601 1833 729 1916 βασιλέα
752 1833 969 1898 ἀπέσκωπτον.
1016 1829 1066 1900 ἀιά
1089 1835 1185 1894 ταῦτα
1207 1829 1310 1894 τοίνυν
1330 1855 1382 1913 μι-

262 1937 384 2002 σεῖσθαι
405 1935 493 2018 παρὰ
516 1940 580 2000 τῶν
601 1936 738 2000 πολιτῶν
761 1935 962 2018 ἐπιστάμενος
982 1935 1070 2018 τείχει
1085 1935 1256 2017 περιέζωαε
1270 1931 1308 1996 τὰ
1322 1934 1381 2014 βα-

262 2039 371 2102 σίλεια·
396 2033 462 2102 ἀλλ’
487 2039 538 2102 ἅτε
559 2042 651 2102 τοῦτο
674 2039 843 2122 ἀπήρτιστο
865 2037 921 2101 καί
942 2037 973 2100 οί
993 2039 1058 2100 τῶν
1079 2037 1189 2100 πυλῶν
1211 2036 1245 2098 αἲ
1264 2034 1384 2105 κλεῖδες
1395 2055 1429 2108 15

262 2141 533 2224 ἀπεκομίσθηοαν,
556 2140 623 2204 τότε
646 2141 683 2204 ὃν
706 2141 851 2224 ἐφοβεῖτο
873 2139 978 2223 φόβον
1001 2138 1099 2222 ἢλθεν
1117 2139 1205 2222 αὐτῷ
1220 2138 1274 2202 καὶ
1290 2138 1383 2203 οῦάέν

261 2249 316 2329 τῆς
339 2243 578 2328 έιτινενοημένης
601 2243 689 2326 αὐτῷ
712 2242 883 2326 ἀσφαλείας
905 2242 1063 2307 ἀπώνατο.

219 2355 254 2414 13
354 2347 425 2411 Τῶν
445 2345 479 2412 ἀὲ
497 2346 660 2431 Τούρκων,
684 2349 749 2411 τῶν
764 2344 921 2430 Οῦγγρων
945 2345 1075 2430 ἀηλαάή,
1097 2343 1134 2408 τὰ
1151 2343 1295 2429 Θρᾳκῴα
1317 2344 1382 2429 ληι·

263 2556 298 2611 13
317 2556 355 2611 ἀτι
373 2554 542 2625 περλετιίχισι
560 2554 591 2610 τὰ
607 2554 727 2625 βασίλεια
745 2554 770 2609 Ε
852 2555 887 2609 18
904 2554 965 2623 περὶ
983 2559 1036 2608 τῶν
1057 2551 1188 2623 Οῦνγρων
1206 2553 1252 2608 κατ’
1270 2552 1382 2622 (omi),

263 2626 416 2683 vocabulo
442 2627 580 2697 sequenti
605 2641 719 2681 novum
746 2631 960 2697 argumentum
984 2625 1143 2695 incipiens)
1170 2625 1209 2679 ὅτι
1227 2625 1243 2679 ό
1259 2623 1383 2694 βασιλεὺς

263 2698 308 2753 τάν
322 2700 390 2759 Ῥῶς
407 2696 474 2765 (ρὠ
492 2696 551 2763 ΟΕ)
570 2699 699 2767 κεκίνηκε
718 2696 785 2753 κατὰ
803 2704 857 2751 τῶν
876 2700 944 2760 (om.
965 2696 999 2761 Ε)
1018 2696 1182 2766 Βουλγάρων
1200 2695 1248 2752 GE

318 2890 331 2944 1
352 2890 424 2945 λ’ππω
444 2889 480 2959 D,
500 2905 577 2945 corr.
593 2889 644 2949 Dw
716 2889 841 2951 ἐνόπλους
860 2894 932 2945 ante
951 2887 1007 2944 ἀΟ
1079 2889 1097 2942 3
1113 2886 1247 2958 πολέμων]
1266 2893 1320 2942 τῶν
1336 2908 1383 2941 πο-

315 2962 415 3031 λεμίων
429 2961 456 3016 D
514 2963 539 3017 3.
552 2961 570 3015 4
583 2963 656 3031 αὐτῷ
667 2961 814 3017 κάντεῦθεν
827 2961 900 3031 Ewp
971 2960 989 3014 4
1002 2961 1065 3031 φόβ
1076 2960 1163 3020 αὐτοῖς
1176 2958 1248 3029 Bwp
1320 2961 1383 3029 βον-

316 3031 469 3103 λόμενοςΟ
561 3034 627 3088 tiu
648 3050 704 3088 om.
725 3032 798 3103 Ewp
892 3030 962 3101 περὶ]
981 3032 1053 3101 παρὰ
1070 3030 1097 3084 D
1188 3030 1206 3085 9
1222 3031 1339 3090 πλείονες
1357 3029 1382 3085 0

317 3106 353 3160 10
370 3105 560 3173 ἀμιλακίνητος
579 3103 615 3171 Ι),
635 3120 711 3161 corr.
731 3103 784 3163 Dw
897 3106 930 3158 11
948 3104 1075 3172 μηάόλως
1092 3098 1246 3172 AEwth',
1263 3100 1303 3171 μὴ
1322 3101 1346 3156 0

352 3176 430 3245 ε’ἀρας
440 3174 580 3246 0⁸wth',
594 3178 671 3245 ἔδρας
679 3174 732 3230 ΑΕ
787 3176 822 3230 12
834 3176 889 3229 τότε
899 3180 971 3229 ante
979 3176 1091 3229 θανοῦσι
1101 3172 1126 3229 O
1180 3172 1383 3244 προςὴκονεςΙΟ

317 3246 351 3339 sp
369 3248 591 3373 dnoxopgoitrpouv
610 3248 636 3301 D
720 3247 753 3301 17
771 3248 930 3317 νενοημέκης
949 3246 972 3301 C
1063 3246 1097 3299 18
1115 3242 1236 3314 οῦγγρων
1248 3243 1382 3315 prDt'‚

316 3340 439 3388 ουγκρων

262 3514 318 3555 rex
338 3498 445 3553 milites
465 3503 598 3554 armatos
611 3497 641 3552 in
661 3496 792 3553 madium
812 3496 963 3553 theatrum
976 3495 1130 3567 produxit,
1148 3496 1214 3551 siva
1232 3499 1266 3550 ut
1283 3494 1383 3549 bellici

263 3585 447 3641 congressus
470 3569 582 3641 populo
606 3569 768 3639 imaginem
792 3568 1018 3634 adumbrarem,
1044 3568 1209 3623 iucundam
1232 3573 1263 3621 et
1286 3567 1383 3635 ipsam

235 3644 398 3699 8iutursm
417 3642 538 3708 scilicet,
558 3642 623 3695 sive
642 3642 764 3696 terroris
783 3640 949 3695 incutiendi
970 3654 1071 3695 causa.
1107 3638 1148 3694 Ut
1160 3645 1261 3693 autem
1274 3638 1383 3693 milites

285 3713 382 3768 ladius
401 3712 598 3779 strinxerunt,
626 3712 756 3782 populus
780 3712 889 3767 theatri
913 3711 987 3767 illud
1010 3725 1076 3766 esse
1102 3715 1194 3778 ratus,
1223 3708 1305 3778 quod
1329 3709 1383 3764 diu

262 3730 416 3841 {ominum
445 3784 635 3839 sermonibus
663 3784 808 3837 iactatum
836 3788 924 3850 esset,
956 3798 1025 3837 cum
1052 3784 1168 3852 impetu
1195 3796 1234 3835 ex
1262 3780 1382 3836 theatro

263 3856 410 3926 fugiebat,
429 3856 508 3910 inter
527 3854 701 3910 exeundum
720 3859 821 3908 autem
841 3855 873 3908 in
892 3870 931 3909 an
956 3854 1042 3909 ustiis
1060 3853 1146 3907 multi
1164 3853 1243 3907 inter
1262 3867 1296 3906 se
1313 3868 1383 3907 con·

235 3928 373 3983 9cutcati
393 3927 557 3997 perierunt.
595 3924 639 3980 Ac
661 3928 790 3980 i'ortasse
809 3926 902 3980 multo
922 3870 1024 3995 [θηται
1042 3925 1210 3995 periissent,
1238 3923 1296 3977 nisi
1315 3925 1382 3980 viso

164 4000 336 4070 10.11rege
354 4000 386 4053 in
406 4013 463 4053 sua
482 3997 554 4053 sede
567 3998 689 4054 immoto
708 3996 840 4067 populus
858 3998 968 4067 fugere
986 3996 1158 4051 destitisset.
1194 3994 1383 4051 Mortuerum

217 4072 335 4127 12vero
365 4070 528 4140 propinqui
556 4084 628 4125 suos
657 4069 796 4138 lugentes
823 4084 928 4139 regem
953 4067 1074 4137 publice
1100 4066 1281 4135 irridebant3
1309 4082 1383 4136 qua·

262 4146 386 4213 propter
405 4156 473 4195 cum
492 4156 525 4196 se
544 4141 662 4195 civibus
680 4140 812 4194 invisum
832 4155 899 4195 esse
917 4140 1015 4205 sciret,
1035 4140 1152 4208 regiam
1170 4154 1257 4193 muro
1277 4139 1383 4208 cinxit,

261 4228 323 4283 quo
346 4214 495 4279 absoluto,
524 4212 625 4266 relatis
650 4211 690 4265 ad
713 4226 747 4266 se
770 4215 928 4281 portarum
949 4211 1095 4278 clavibus,
1123 4216 1187 4265 tum
1213 4209 1334 4265 demum
1353 4212 1382 4265 ei

261 4285 293 4339 ld
307 4284 399 4409 lquod
421 4284 547 4339 timebat
569 4282 680 4361 evenit,
708 4296 809 4351 neque
832 4281 894 4337 ulla
917 4284 1112 4351 excogitatae
1130 4281 1305 4336 munitionis
1324 4282 1382 4336 tuit

261 4356 306 4411 uti
318 4356 384 4411 itas.

218 4428 252 4487 13
350 4426 458 4485 Tuscis
483 4430 593 4495 autem,
621 4424 735 4498 Ungris
760 4425 883 4497 scilicet,
910 4423 1071 4480 Thraciam
1098 4424 1296 4495 vastantibus,
1324 4440 1381 4481 rex
