3050 4775
353 465 538 526 ROMANVS
556 466 606 527 IV.
624 462 822 527 DIOGENES
842 466 1076 527 IMPERATOR.
1223 470 1275 528 689

155 651 282 734 ραιώθη
305 650 388 735 πρὸς
409 652 466 735 τὴν
486 650 580 735 ἑῴαν,
605 648 670 716 οὔτ’
687 651 862 736 ἀξιόμαχον
877 652 1073 736 ἐπαγόμενος
1088 653 1274 736 στράτευμα,

154 754 209 817 καλ
231 756 250 817 ὃ
273 755 413 837 ἐπήγετο,
447 756 564 838 ἀπορίᾳ
591 754 645 819 καλ
674 755 784 819 ὅπλων
811 755 865 819 καλ
888 756 995 819 λίτπων
1018 755 1070 819 καί
1092 760 1157 819 τῶν
1179 756 1431 839 drap-winsil

154 857 257 920 καίων
284 857 372 939 αὐτῷ
400 858 598 941 ἐιετρύχωτο.
644 858 681 921 ἐκ
712 863 842 941 μακροῦ
874 855 935 941 γὰρ
967 858 1303 941 κατολιγωρηθεῖσαν8

154 957 210 1040 τὴν
241 959 394 1043 στρατιάν,
430 960 538 1044 ὥσπερ
570 962 697 1043 εἴρηται,
732 959 857 1043 ἀθρόον
891 959 1107 1043 ἀνακτηθῆναι
1142 959 1202 1023 οὒκ
1235 958 1309 1044 dvc

127 1061 288 1144 δεῦχερές.
334 1062 574 1144 ἀθροισθέντων
601 1060 659 1126 οὖν
686 1067 752 1126 τῶν
780 1062 883 1133 οὕτως
909 1062 1047 1146 ἐχόντων
1077 1068 1303 1145 στρατιωτῶν9

154 1164 234 1227 κατὰ
257 1163 293 1228 τὸ
315 1165 402 1248 θέμα
423 1169 489 1228 τῶν
511 1164 714 1248 ἀνατολικῶν,
739 1166 758 1228 ὃ
780 1170 836 1247 τῆς
857 1164 997 1248 Φρυγίας
1020 1164 1108 1239 ἐστίν,
1132 1166 1163 1228 ολ
1185 1164 1274 1228 ἐναν-

154 1266 211 1329 τίοι
237 1267 396 1350 μαθόντες
421 1266 476 1331 τόν
504 1268 631 1349 βασιλέα
661 1268 777 1331 ἐπιέναι
806 1267 909 1350 σῳίσκ
936 1266 1032 1331 αὐτὸν
1061 1266 1115 1330 καλ
1136 1272 1276 1331 τοιοῦτον
1363 1251 1367 1259 ’

0 1383 17 1424 *l
37 1376 79 1432 IV
92 1366 231 1431 wiclant
253 1369 301 1439 ὡς
323 1370 457 1452 ἑτοίμως
478 1369 732 1454 προκινδυνεύειν
753 1375 818 1434 τῶν
842 1370 1007 1453 ὑπηκόων,
1034 1369 1146 1452 ἀρήιόν
1168 1394 1200 1433 τε
1223 1369 1277 1433 καλ

153 1470 210 1553 τὴν
235 1469 341 1554 ὁρμὴν
367 1472 583 1538 ἀνυπόστατον
611 1470 660 1557 (τὰ
687 1471 748 1557 γὰρ
775 1478 831 1555 τῆς
859 1478 1002 1556 στρατιᾶς
1030 1472 1120 1543 ὅπως
1147 1472 1276 1536 διέκειτο

110 1582 145 1637 10
154 1574 214 1636 οὐκ
237 1574 391 1657 ἠκρίβουν
413 1576 444 1637 σί
465 1573 646 1659 βάρβαροι),
679 1575 824 1658 εὐλαβῶς
846 1574 931 1659 είχον
954 1575 1007 1639 καί
1039 1575 1167 1639 ὤκνουν
1195 1573 1275 1638 κατὰ

154 1676 310 1759 συστάόην
331 1678 542 1760 μαχέσασθαι.
588 1678 680 1741 ἐνθεν
702 1700 749 1741 τοι
772 1676 791 1740 ὁ
818 1676 877 1761 μὲν
905 1676 1038 1741 σουλτὰν
1065 1678 1108 1747 εἷς
1136 1677 1275 1741 τούπίσω
1287 1684 1322 1737 10

152 1778 303 1861 πεποίητο
328 1777 385 1861 τὴν
412 1778 525 1863 ὁρμήν,
560 1780 620 1844 όθο
649 1780 684 1844 ἀὲ
711 1781 827 1863 μοίρας
853 1787 909 1864 τῆς
938 1781 1137 1864 βαρβαρικῆς
1165 1779 1277 1843 διελὼν

154 1886 296 1962 στρατιᾶς
322 1880 380 1964 τὴν
405 1882 464 1965 μέν
491 1884 534 1953 εἰς
553 1882 611 1965 τὴν
632 1884 821 1965 νοτιωτέραν
839 1883 945 1947 Ἀσίαν
966 1882 1022 1965 τὴν
1045 1881 1124 1964 ἀνω,
1159 1880 1216 1964 τὴν
1239 1880 1274 1944 di
1287 1888 1315 1943 D

153 1982 236 2067 πρός
256 1982 314 2066 τὴν
335 1985 534 2068 βορειοτέραν
557 1984 694 2069 ὁρμῆσαι
720 1990 787 2056 τοῖς
813 1990 1007 2067 προεστῶσιν
1035 1984 1141 2049 αὐτῶν
1169 1984 1275 2047 ἐνετεί-

111 2086 239 2151 15λοτο.
274 2087 305 2149 ολ
327 2085 363 2150 ἀὲ
385 2086 521 2158 εἰπόντες
541 2086 580 2150 τὰ
594 2087 810 2171 προστυχόντα
824 2111 857 2151 τε
875 2086 1052 2173 ληιζόμενοι
1066 2086 1123 2170 τὴν
1139 2084 1320 2150 Νεοκαι-11

154 2189 282 2270 σάρειαν
304 2190 459 2273 αἰφνίδιον
475 2189 705 2261 ἐπεισπεσόντες
720 2191 801 2274 αὐτῇ
816 2190 1037 2273 ἐξεπόρθησαν
1051 2188 1105 2253 καλ
1121 2188 1276 2271 λαφύρων

155 2292 384 2375 ἐμπλησθέντες
415 2292 537 2356 ἐκεῖθεν
571 2292 720 2378 ἀπῄεσαν.
767 2298 858 2357 τοῦτο
890 2299 938 2373 τῷ
972 2292 1093 2375 βασιλεῖ
1125 2288 1276 2373 ἀγγελθὲν
1287 2298 1322 2353 12

154 2395 296 2480 ἀθυμίαν
318 2397 468 2479 ἐνέσταξε,
491 2395 545 2460 καλ
566 2395 640 2467 τοὺς
662 2396 897 2480 εὐζωνοτέροος
918 2393 1089 2478 ἀναλαβὼν
1109 2399 1166 2457 τοῦ
1182 2416 1274 2476 στρα-

207 2590 225 2643 2
244 2595 312 2660 post
329 2592 346 2644 d
363 2590 432 2645 add.
450 2589 480 2645 δέ
498 2590 579 2661 Ewp,
599 2590 624 2645 δ’
644 2589 668 2646 0
757 2589 873 2660 ἐπείγετο
891 2589 963 2659 Ewp
1054 2589 1071 2642 3
1089 2587 1178 2642 αὐτῶν
1197 2586 1250 2641 Rw

243 2662 436 2731 ἐτετρύχετοΕ
507 2662 526 2716 4
543 2661 652 2732 εἴρηται]
673 2662 772 2718 XVIII
791 2662 817 2730 8,
833 2662 875 2716 18.
896 2660 969 2730 10,4
1041 2665 1112 2714 ante
1130 2659 1182 2714 οὐκ
1202 2603 1273 2712 ιιάἀ).

208 2734 254 2786 καί
273 2731 303 2800 C,
323 2731 380 2788 del.
391 2732 437 2792 (ἔτι
509 2733 527 2788 6
544 2734 612 2788 ἐστὶν
626 2732 686 2802 ΑΕ,
704 2733 758 2789 ἐστὶ
773 2733 808 2802 D,
827 2735 865 2793 τίς
883 2732 936 2786 ἐστι
954 2740 1036 2801 μοῖρα
1049 2729 1124 2801 pr
1196 2731 1213 2784 9
1233 2729 1277 2784 ἀλ·

208 2803 261 2874 κὴν
279 2802 444 2860 BCWolat.
597 2810 665 2876 post
683 2806 860 2862 ἀνυπόστατον
879 2805 911 2858 in
930 2819 1026 2874 marg.
1047 2801 1112 2858 cod.
1132 2801 1156 2856 E
1175 2803 1216 2866 (v.
1237 2799 1277 2855 ad

209 2893 309 2948 xvrn
329 2875 653 2965 ro,21)÷l3-aomur
672 2899 701 2950 et
720 2895 929 2948 ascribuntur:
958 2892 1078 2961 ωριφου
1100 2891 1210 2946 arasa
1228 2891 1277 2943 ιιι

210 2983 297 3051 φύλλα
315 2983 360 3037 καὶ
378 2983 461 3052 ἀρξου
479 2984 545 3038 ἔνθα
563 2983 616 3038 ἐστὶ
634 2983 663 3037 τό
680 2991 791 3053 σημεῖον
809 2984 893 3042 οὕτως
906 2963 963 3052 TI:
975 2981 1021 3035 καί
1034 2981 1107 3050 λέγι·
1126 2979 1157 3034 τὰ
1170 2978 1219 3048 γὰρ
1233 2987 1278 3047 τῆς

210 3061 331 3123 στρατιᾶς
349 3056 422 3114 ὅπως
440 3055 551 3137 διέκειτο
569 3054 620 3108 οὐκ
639 3055 771 3125 ἠκρίβουν
789 3056 817 3108 ol
827 3053 866 3179 β’
883 3055 964 3178 βαροι
1084 3051 1210 3105 διέκειντο
1230 3049 1278 3105 BC

210 3125 647 3196 11σουλιάνΒνιρΒι,σουλτᾶν
665 3126 700 3193 A,
720 3142 749 3180 V.
769 3125 809 3180 ad
856 3125 973 3193 vieo,
993 3125 1026 3179 21
1110 3122 1153 3176 12.
1172 3123 1206 3176 13
1224 3129 1278 3180 τοῖς

210 3198 355 3268 βαρβάροις
374 3237 614 3252 ··············
630 3196 683 3265 10,
701 3205 747 3267 τῆς
764 3199 933 3268 βαρβαρικῆς
951 3194 1047 3250 διελὼν
1060 3201 1181 3262 στρατιᾶς
1200 3208 1278 3247 corr.

212 3273 242 3323 et
260 3270 357 3339 suppl.
378 3267 401 3323 G
491 3269 525 3324 15
543 3268 574 3323 oi
593 3285 650 3324 om.
669 3268 767 3338 Bpr
857 3289 884 3321 τε
903 3282 960 3322 om.
980 3266 1008 3321 D
1101 3265 1134 3320 16
1153 3264 1236 3334 αὐτὴν
1255 3263 1278 3316 Β

213 3340 248 3394 17
266 3340 411 3410 ι’πανὴεσαν
429 3339 554 3410 DE(wp)

160 3552 306 3607 equorum
326 3541 357 3591 ct
375 3551 476 3592 rerum
495 3536 737 3591 necessariarum
752 3536 858 3606 inopia
870 3535 1037 3590 laborante.
1074 3532 1180 3603 Neque
1199 3533 1306 3590 enimb

159 3610 248 3664 facile
276 3614 342 3663 erat
369 3610 546 3674 exercitum,
575 3623 664 3677 quem
687 3622 780 3677 supra
804 3607 935 3660 diximus
958 3607 1010 3660 diu
1059 3621 1092 3660 er
1108 3605 1279 3659 socordiam

159 3681 331 3750 neglectum
356 3681 460 3747 l’uIsse,
487 3680 588 3734 subito
614 3681 646 3732 in
670 3679 823 3748 integrum
852 3679 979 3733 rest-itui.
1046 3677 1159 3734 ilitibus
1185 3677 1306 3745 igituril

160 3752 217 3805 boc
234 3751 325 3805 modo
343 3751 459 3805 allectis
478 3753 510 3804 in
529 3751 706 3805 orientalem
726 3750 923 3819 provinciam,
944 3763 1023 3818 quae
1036 3748 1188 3817 Phrygiae
1209 3762 1279 3816 pars

160 3826 213 3890 est,
242 3823 445 3892 congregatis,
474 3837 543 3875 curn
568 3823 670 3876 hostes
693 3821 910 3891 cognovissent
930 3821 1029 3890 ipsum
1048 3834 1152 3888 regem
1172 3819 1280 3872 adesso

159 3895 259 3962 talem,
279 3895 330 3962 qui
350 3893 486 3962 pericula
498 3909 554 3962 pro
573 3895 636 3947 suis
649 3892 735 3946 adire
749 3891 829 3946 haud
848 3891 1066 3958 reformidaret,
1087 3891 1185 3943 virum
1200 3890 1280 3942 belli-

160 3980 272 4031 cosum,
292 3965 379 4018 cuius
397 3966 524 4034 impetui
543 3965 626 4019 nullo
645 3963 736 4017 modo
750 3967 853 4032 posset
866 3963 970 4016 obsisti
990 3962 1102 4030 (neque
1121 3961 1199 4014 enim
1214 3961 1280 4013 bar·

159 4037 226 4090 bari
246 4043 388 4090 accurate
407 4041 566 4102 noverant,
585 4036 691 4104 quales
710 4039 812 4088 essent
825 4033 997 4098 exercitus),
1017 4037 1107 4086 caute
1125 4030 1278 4098 agendum

159 4123 226 4162 esse
245 4109 303 4161 rati
322 4109 388 4162 acie
407 4109 573 4161 decernere
595 4106 786 4161 dubitabant.
823 4104 912 4160 Unde
933 4105 1072 4159 sullanus
1090 4107 1171 4156 retro
1192 4103 1281 4155 cessit
1292 4105 1325 4157 10

160 4186 190 4233 et
209 4179 330 4233 duabus
348 4179 485 4249 partibus
505 4179 544 4232 ab
563 4179 702 4233 exercitu
721 4176 922 4230 barbarorum
948 4176 1127 4245 segregatis,
1156 4173 1280 4226 alterius

160 4251 253 4304 duces
272 4250 303 4303 in
322 4250 486 4303 australem
499 4253 530 4303 et
542 4251 730 4319 superiorem
745 4246 858 4314 Asiam,
878 4249 1003 4302 alterins
1019 4248 1049 4299 in
1072 4245 1279 4314 aquilonarem

160 4321 345 4376 contendere
372 4322 466 4374 iussit.
504 4320 563 4384 Qui
589 4321 680 4374 obvia
703 4333 846 4388 quaeque
865 4318 1001 4388 populati
1021 4332 1056 4370 ac
1078 4314 1323 4371 Neocaesariall

159 4394 261 4447 subita
291 4393 467 4446 incursione
498 4396 628 4455 vastata,
658 4391 811 4445 manubiis
841 4404 954 4458 graves
982 4388 1053 4442 inde
1080 4393 1279 4440 recesserunt.

158 4465 226 4519 Hoc
248 4465 356 4519 nuntio
382 4467 508 4532 accepto
527 4477 583 4517 rex
602 4468 758 4532 permotus
783 4461 896 4527 dolore,
924 4459 1165 4530 expeditioribus
1184 4459 1280 4512 militi·
1292 4458 1325 4513 12

205 4570 332 4614 ,Ζοκοναι
345 4569 459 4625 dpttome
473 4568 519 4613 111.
1092 4547 1128 4602 44
