3050 4775
291 386 417 469 saroa
434 402 593 469 aurnuns
611 400 736 471 casin.
774 391 958 473 ivuiartvs'
978 411 1138 475 cassae.
1241 404 1277 473 λε

245 596 465 665 Κωνστάντιος
488 597 522 659 δὲ
544 596 589 680 μὴ
614 596 680 668 οἶός
702 622 734 661 τε
757 599 805 662 ῶν
826 597 883 681 τὴν
898 599 975 681 ὅλην
991 600 1165 665 διευθύνειν
1178 600 1278 683 μόνος
1289 601 1331 665 10

152 697 267 779 ἀρχήν,
290 699 443 781 τοσαύτην
467 696 564 763 οὖσαν
588 700 634 770 ῶς
657 701 691 774 ἕξ
714 701 825 783 άκριον
848 701 961 783 σχεδὸν
983 704 1131 784 περάτων
1153 710 1211 787 γῆς
1233 704 1277 774 είς

151 800 241 881 ἄκρα
263 801 382 881 πέρατα
406 807 569 883 καταντᾶν,
594 802 628 875 ἐξ
646 802 795 885 Ἀθηνῶν
816 803 870 865 τὸν
892 810 948 866 τοῦ
969 803 1094 868 Γάλλου
1117 805 1277 887 ὁμαίμονα

150 900 209 964 τὸν
229 900 397 965 Ἰουλιανόν
419 904 711 986 μετακαλεσάμενος
729 904 874 987 Καίσαρά
896 930 928 968 τε
951 906 1056 970 ἀνεῖπε
1078 907 1132 970 καί
1150 906 1279 990 Ἑλένην

122 1004 245 1086 (ταύτῷ
273 1004 328 1087 τὴν
357 1007 474 1069 οἰκείαν
503 1007 675 1088 συνῴκισεν
704 1006 853 1090 ἀδελφήν.
899 1008 1016 1089 λέγεται
1049 1010 1083 1073 δὲ
1115 1016 1154 1093 τῇ
1184 1011 1341 1093 μητρὶῖΒ

151 1106 254 1170 αὐτοῦ
277 1108 398 1190 κυούσῃ
423 1108 517 1172 αὐτὸν
541 1110 684 1172 ἐνύπνιον
708 1110 929 1191 γενέσθαικαὶ
953 1112 1042 1185 δόξαι
1065 1112 1119 1175 τδν
1138 1112 1277 1195 Ἀχιλλὲα

149 1214 261 1272 τεκεῖν.
306 1211 326 1291 ἡ
351 1210 385 1272 δὲ
409 1210 622 1274 διυιτνισθεῖσα
646 1211 757 1275 καὶτὸ
786 1213 865 1295 ὄναρ
894 1213 1084 1298 διηγουμένη
1112 1224 1159 1297 τῷ
1187 1215 1305 1298 άνδρλδ

151 1312 239 1375 ἔτεκε
268 1318 376 1375 τοῦτον
404 1310 476 1396 μήτ’
506 1314 633 1377 ῶδίνιυν
662 1313 776 1396 σχεδὸν
808 1312 856 1376 ἐπ’
888 1316 975 1397 αύτῷ
1007 1318 1191 1397 πειραθεῖσά
1223 1317 1376 1381 aalwssl
1391 1327 1423 1380 lu
1479 1393 1482 1399 Ι

150 1420 288 1477 τεκοῦσα
311 1414 385 1497 πρὶν
407 1418 426 1497 ἢ
452 1417 537 1498 γνοίη
562 1416 609 1487 ῶς
630 1417 733 1499 μέλλει
752 1417 867 1480 τίκτειν.
914 1418 1057 1481 ἐντεῦθεν
1071 1420 1210 1501 μεγάλας
1226 1419 1303 1482 ἕπ’4

106 1536 140 1588 10
152 1516 244 1597 αὐτῷ
271 1516 436 1599 ἐσχηκότες
464 1518 590 1589 ἐλπίδας
618 1520 648 1581 οί
675 1520 788 1582 τούτου
812 1526 912 1601 γονεῖς
934 1519 1082 1604 Εὐσεβίῳ
1104 1528 1151 1603 τῷ
1174 1520 1274 1585 Νικο-

150 1619 287 1701 μηδείας
315 1619 410 1683 αύτὸν
437 1621 684 1703 παραδεδώκασι
713 1618 789 1705 παρ’
819 1624 916 1686 αὐτοῦ
944 1623 1193 1706 μυηθηοόμενον
1220 1623 1277 1706 τὴν

151 1722 244 1785 θείαν
268 1723 402 1805 γραφήν.
448 1724 595 1805 Καίσαρα
620 1724 654 1787 δὲ
677 1730 787 1788 τοῦτον
803 1725 1018 1807 ἀναγορεύσας
1033 1726 1051 1789 ὁ
1067 1727 1302 1810 αὐτοκράτωρό

152 1823 373 1895 Κωνοτάντιος
395 1826 439 1895 είς
454 1824 589 1896 Γαλλίας
612 1827 769 1909 ἐξέπεμψε
790 1823 857 1909 μετ’
882 1828 996 1909 ὀλίγων
1018 1829 1102 1892 πάνυ
1125 1851 1274 1911 στρατιω-

150 1932 227 2008 τῶν,
263 1927 310 1998 ὡς
337 1928 489 1991 ὑπόνοιαν
516 1929 659 1992 ἐντεῦθεν
689 1930 865 2011 ἐγγίνεσθαι
894 1930 940 1993 ὅτι
969 1932 1008 1994 ού
1037 1932 1193 1995 κοινωνὸν
1221 1938 1302 2015 τῆς6

104 2048 142 2101 15
153 2030 254 2111 ἀρχῆς
277 2030 296 2092 δ
319 2028 536 2101 Κοινστάντιος
559 2031 653 2094 είλετο
676 2032 730 2095 τὸν
748 2032 926 2106 Ἰουλιανόν,
950 2030 1016 2096 ἀλλ’
1041 2035 1084 2104 εἷς
1108 2034 1275 2118 ἐπιβουλῆς

153 2238 166 2289 l
187 2238 226 2289 ὅτι
240 2238 361 2306 Καίσαρα
376 2237 420 2291 τόν
436 2237 579 2293 Ἰουλιανόν
597 2239 685 2294 ἀνεῖπε
694 2240 878 2301 Κωνοτάντιος
896 2240 1010 2305 (ἀνεῖπεν
1028 2242 1044 2295 δ
1061 2262 1089 2296 κ.
1108 2241 1144 2310 Ε)
1162 2242 1209 2296 καί
1226 2240 1274 2311 τὴν

150 2308 273 2377 asamar
288 2311 396 2378 ‘sasas
415 2310 514 2379 ιειιιηι
533 2310 565 2379 u,
586 2327 614 2365 v.
634 2311 674 2364 aa
692 2310 766 2365 xm
785 2312 808 2380 1,
828 2313 856 2380 s)
878 2313 951 2382 asra
970 2313 1125 2377 aaran„
1143 2312 1191 2368 cs

206 2505 221 2558 1
241 2507 297 2565 οἷός
316 2505 381 2574 (sic)
400 2507 440 2561 ῶν
459 2505 486 2560 D
565 2507 588 2561 1.
608 2507 625 2560 λ
644 2509 796 2564 διευθύνειν
814 2509 861 2580 τὴν
879 2512 960 2578 μόνος
979 2509 1027 2580 τὴν
1045 2510 1110 2580 δλην
1128 2509 1229 2581 ἀρχὴν·
1248 2510 1273 2566 Ε

204 2577 287 2646 2τῆς
305 2582 377 2632 unte
395 2586 443 2648 γῆς
462 2578 531 2632 add.
551 2579 577 2633 R
671 2579 807 2634 4είπεΕ
900 2583 990 2650 ἑλένην
1009 2582 1084 2650 Οῡα,
1103 2583 1193 2652 ε’λένην
1212 2581 1272 2650 ΑΕ,

205 2665 234 2700 v.
254 2649 293 2703 ad
313 2648 385 2703 XIII
406 2649 465 2718 1,2
553 2649 713 2705 6ἀνύιτνισν
734 2651 762 2704 Ι)
858 2653 962 2717 δόξεΕ
1051 2652 1273 2724 ἀχιλύα(εἰο)Α

205 2720 221 2772 ἵ
241 2721 276 2773 δι’
294 2721 450 2776 ὑπνισθεῒσα
469 2722 530 2790 AD,
550 2737 627 2776 corr.
646 2722 697 2782 Dw
769 2723 787 2778 8
804 2725 869 2793 μηδ’
889 2722 939 2790 Di,
961 2724 1015 2779 sed
1036 2743 1064 2779 v.
1084 2725 1199 2780 Wineri
1219 2725 1272 2781 Gr.

205 2792 234 2845 cl.
254 2793 333 2846 aaut.
353 2791 515 2860 Spracltid.
535 2797 550 2858 ς
569 2793 640 2856 tat
660 2800 690 2848 et
708 2793 834 2849 Frankii
854 2794 891 2850 dc
909 2811 969 2850 usu
987 2803 1064 2866 part.
1084 2797 1146 2851 οὐδὲ
1164 2803 1194 2852 et
1212 2797 1273 2850 οὔτε

206 2863 313 2918 Rintel.
334 2865 403 2918 1833
422 2881 450 2934 p.
471 2865 504 2919 18
580 2866 674 2934 σχεδόν
690 2865 731 2920 ἐπ’
752 2867 826 2920 αὐτῶ
845 2867 978 2937 AR(wp)‚
996 2868 1024 2921 ἐν
1043 2869 1115 2923 αύτῶ
1135 2869 1230 2937 σχεδόν
1247 2869 1272 2922 Ε

205 2935 222 2988 9
240 2934 318 3004 πρινὴ
339 2937 403 3003 (εἰσ)
422 2935 449 2989 Α
549 2947 631 2990 τεκεῖν
650 2937 674 2990 Ε
770 2939 795 2991 9.
816 2940 850 2992 10
866 2939 981 3008 μεγάλας
998 2940 1039 2994 ἐπ’
1059 2941 1131 3008 αύτῷ
1150 2940 1212 3007 ΑΒ,
1230 2941 1272 2994 ἐπ’

205 3007 277 3074 αὐτῷ
293 3007 408 3074 μεγάλας
427 3007 552 3078 Ewap
627 3010 661 3063 10
679 3010 784 3068 ἐλπίδας
805 3026 861 3064 om.
881 3009 917 3078 D,
937 3010 1006 3065 add.
1027 3011 1079 3069 Dw
1152 3012 1183 3066 ll
1204 3016 1273 3082 post

204 3079 426 3146 παραδεδώκασιν
446 3081 510 3144 (sic)
530 3079 598 3133 add.
618 3081 655 3140 ὡς
675 3081 698 3134 Ε
773 3083 806 3136 13
824 3083 998 3142 κωνστάντιος
1017 3081 1108 3138 om.C
1181 3084 1272 3137 13.14

204 3150 261 3218 μετ’
272 3150 368 3218 ὀλίγων
376 3152 445 3205 πάνυ
455 3159 623 3220 στρατιωτῶν
632 3153 670 3212 είς
679 3153 784 3222 γολλίας
793 3154 942 3222 ἐξέπεμψεν
953 3154 1027 3222 (εἰσ),
1042 3154 1080 3214 ὡς
1091 3155 1115 3207 Ε
1182 3154 1216 3209 15
1228 3155 1272 3208 τὸν

203 3221 335 3348 {satagos
352 3223 368 3274 δ
386 3223 562 3282 κωνστόντιος
579 3223 660 3276 είλετο
679 3222 753 3294 pr
859 3225 1000 3295 ἐπιβουλῆς
1019 3224 1130 3295 Apr‚
1150 3224 1192 3279 tat
1208 3227 1271 3296 βου·

219 3315 252 3363 ης

242 3486 284 3540 10.
322 3486 516 3543 Constantius
535 3495 645 3556 autem,
675 3505 743 3544 cum
762 3505 825 3544 non
850 3494 952 3560 posset
975 3493 1072 3543 totum
1094 3488 1270 3559 gnbernare

147 3559 233 3615 solus
259 3561 419 3628 imperium
449 3565 573 3629 tantum,
601 3565 635 3615 ut
659 3561 698 3614 ab
723 3562 866 3616 extremis
890 3561 955 3616 iere
977 3560 1089 3615 linibus
1108 3565 1209 3614 terrae
1231 3562 1270 3615 acl

148 3637 304 3685 extremos
329 3631 404 3684 linas
428 3633 590 3700 pertinens,
613 3631 839 3688 Athenis.Galli
862 3633 986 3686 fratrem
1004 3631 1154 3686 lulianum
1173 3647 1269 3687 arcas·

147 3704 241 3756 sitnm
260 3701 420 3756 Caesarem
441 3703 616 3768 declaravit,
635 3703 753 3758 Helena
772 3705 803 3758 in
822 3703 1046 3757 matrimonium
1066 3701 1137 3756 data
1155 3718 1268 3758 sorore.

148 3773 264 3828 Ferunt
282 3777 409 3827 matrem
430 3774 495 3828 sius
515 3781 736 3844 praegnantem
756 3776 826 3829 alvo
846 3790 915 3830 aum
931 3777 1135 3829 continentem
1148 3775 1180 3827 in
1193 3778 1297 3831 som-2

148 3847 195 3898 nis
215 3847 311 3898 visam
337 3859 402 3898 csse
420 3844 565 3901 Achillem
591 3861 708 3915 parere.
747 3847 933 3916 Experrecta
953 3861 989 3900 ac
1007 3847 1123 3899 somnio
1142 3849 1296 3903 narrato3

147 3917 257 3970 marito
277 3917 396 3986 peperit
415 3916 495 3970 hunc
514 3931 614 3986 nequa
628 3917 784 3972 doloribus
798 3933 896 3987 paene
909 3924 1022 3971 vexata
1035 3921 1066 3971 et
1078 3919 1163 3971 foetu
1177 3917 1268 3982 adito,

148 3995 313 4056 antequam
328 3993 490 4057 cognosset
510 4003 543 4043 sa
558 4003 624 4042 asse
643 3991 819 4058 parituram.
856 3988 935 4042 Hinc
947 4003 1061 4058 magna
1074 3988 1113 4042 de
1128 4004 1164 4043 co
1178 3992 1296 4058 capta4

146 4074 202 4128 spe
221 4064 364 4128 parentes
383 4059 514 4113 Eusebio
534 4060 727 4115 Nicomediae
754 4075 882 4129 puerum
909 4059 1101 4114 tradiderunt
1130 4060 1266 4114 crudien-

148 4130 220 4184 dum
239 4132 270 4183 in
291 4145 378 4184 sacra
398 4131 555 4200 scriptura.
601 4131 695 4195 Quem
717 4131 878 4186 Caesarem
897 4131 1084 4185 declaratum
1103 4132 1295 4200 imperatori)

147 4201 344 4256 Constantius
363 4202 394 4254 in
407 4200 520 4256 Gallias
539 4204 618 4256 misit
637 4219 705 4257 cum
725 4203 914 4272 paucissimis
933 4202 1084 4269 militibus,
1104 4203 1146 4254 ita
1159 4209 1193 4255 ut
1205 4208 1295 4260 nanti

146 4274 270 4327 abesset
295 4273 436 4342 suspicio,
463 4275 536 4343 quin
555 4289 617 4328 non
637 4276 751 4329 socium
771 4276 888 4344 imperii
908 4272 1101 4329 Constantius
1121 4273 1178 4327 sibl
1198 4273 1268 4326 deli-

146 4349 235 4416 geret
254 4343 309 4400 aad
328 4345 367 4399 ad
388 4344 620 4400 dissimulandas
638 4346 764 4401 insidias
783 4347 811 4400 ci
830 4345 986 4401 faciendas
1008 4344 1114 4398 habitu
1128 4343 1267 4400 (lassaris

147 4423 280 4485 ornaret,
312 4420 347 4471 ut
374 4417 414 4471 ab
443 4417 579 4473 hostibus
608 4419 728 4490 periret,
762 4417 844 4488 quod
874 4434 936 4472 non
964 4417 1090 4472 haberat
1118 4417 1199 4471 viras
1227 4417 1268 4471 ad

200 4523 321 4575 zonaras
334 4523 448 4582 spicoma
461 4523 507 4570 ΠΙ.
569 4539 573 4552 ·
1089 4504 1108 4564 4
