3050 4775
332 362 489 420 BELLVM
509 363 713 422 SYRIACVM.
750 366 936 424 AGARENI.
973 367 1165 426 ANDREAS.
1255 371 1309 426 493

190 541 255 608 ἀλλ’
283 541 338 629 ὑφ’
367 547 474 629 ἑτέρου
506 553 570 610 τοῦν
597 549 632 622 ἐξ
660 549 782 632 ὀσφύος
808 553 1035 634 καταγομένων
1057 559 1111 634 τῆς
1134 559 1191 636 σῆς
1214 552 1308 617 Κων-

190 648 347 712 στοντίνου
366 648 420 731 τὴν
436 650 578 732 κλῆσιν.”
621 657 677 714 τοῦ
702 652 736 716 δὲ
758 653 913 735 βασιλέως
936 653 989 717 τὸν
1012 653 1080 718 υίόν
1103 655 1336 729 ἐπιόείξαντοςῦ

189 751 246 812 καί
265 749 380 822 ε(οὗτος
402 751 672 824 όΚωνσταντῖνός
695 756 784 818 ε’στι”
806 757 974 838 φήσαντος,
998 757 1017 820 6
1040 755 1169 839 γηραιὸς
1192 759 1310 828 ἐκεῖνος

190 853 272 935 “οῦχ
299 851 417 925 aino&
445 854 528 919 elaea
555 857 597 920 “6
626 857 862 927 Κωνσταντῖνός
894 859 983 940 ἔστιν,
1015 859 1072 941 ὑφ’
1101 857 1140 922 οὗ
1167 861 1261 942 ἡμῶν
1288 863 1308 943 ἡ

163 954 278 1026 ῦπόλις
301 957 460 1031 ἁλώσεται,
488 960 592 1042 ἔτερος
616 959 652 1023 (λε’
673 984 716 1030 τις
738 965 803 1023 τῶν
826 960 995 1042 ἀπογόνων
1017 966 1082 1025 τῶν
1105 963 1203 1026 σῶν,”
1246 971 1336 1046 pin-6

191 1059 276 1129 νίσας
298 1057 356 1122 οὖν
379 1059 428 1123 ἐπὶ
450 1067 513 1131 τοῖς
536 1067 590 1124 τοῦ
613 1061 791 1144 πρεσβύτου
813 1063 1089 1144 προμαντεόμοσιν
1112 1065 1131 1126 6
1149 1064 1310 1136 Βασίλειος

189 1161 409 1245 κραταιότεραν
431 1169 469 1246 τῇ
490 1163 656 1246 πολιορκίᾳ
679 1165 817 1228 ἐπέθετο.
863 1165 929 1228 ἐπεὶ
957 1165 991 1228 δὲ
1018 1166 1111 1230 odota
1139 1169 1224 1250 ἤνυε,
1256 1168 1336 1230 noli

189 1268 294 1345 φῦχος
318 1263 351 1328 δὲ
374 1265 502 1346 γεγονός
525 1266 628 1330 ἐλύπει
651 1267 778 1350 οφόὸρα
796 1266 831 1330 τό
847 1268 1032 1349 στράτευμα,
1055 1268 1111 1351 τὴν
1125 1269 1310 1350 πολιορκίαν

189 1365 288 1430 λιπὼν
303 1367 461 1432 ἐπανόδου
478 1369 642 1451 ἐμέμνητο,
666 1369 739 1439 τοὺς
755 1369 974 1451 αἰχμαλώτους
989 1371 1193 1454 ἀναιρεθῆναι
1209 1396 1308 1452 προσ-

146 1469 292 1544 ]Οτάξος,
320 1472 369 1534 ἴνα
391 1471 437 1554 μὴ
462 1471 607 1555 φυλακῆς
630 1472 761 1536 δέωνται
785 1474 805 1556 ἢ
827 1497 854 1535 τι
877 1473 1101 1554 νεωτερίσωσιν
1123 1473 1230 1543 ἀδείας
1252 1475 1343 1537 λα-Β

188 1572 329 1654 βόμενσι.

282 1677 322 1739 Οἱ
345 1676 373 1740 6'
398 1677 433 1740 ἔκ
462 1678 590 1758 Ταρσοῦ
613 1677 667 1740 καὶ
683 1676 859 1760 Μελιτηνῆς
873 1677 1040 1760 Ἀγαρηνοί
1062 1677 1336 1760 τάςῬωμαϊκάςῦ

189 1780 373 1861 κατέτρεχον
405 1780 524 1861 χώρας,
558 1780 605 1848 οἷς
634 1780 787 1843 ἀντεπιτῦν
809 1779 828 1842 6
852 1781 1060 1863 στρατηλάτης
1079 1781 1227 1863 Ἀνδρέας
1254 1781 1309 1852 τὰς

189 1881 292 1963 ὁρμάς
324 1883 429 1944 αῦτοῦν
461 1882 639 1945 ἀνέκοπτεν.
686 1882 907 1952 ἐπιστείλαντος
935 1882 969 1945 dt
998 1883 1086 1963 αὐτῷ
1114 1889 1170 1945 τοῦ
1199 1884 1336 1966 ἀμηρᾶ9

144 1989 243 2065 Ιῦτῆς
264 1983 390 2066 Ταρσοῦ
414 1983 461 2054 ὡς
483 1983 599 2047 “otiosa
621 2008 656 2047 σε
679 1985 697 2047 6
720 1991 775 2067 τῆς
791 1986 920 2066 Μαρίας
943 1986 1010 2055 υίὸς
1033 1985 1136 2067 ὀνήσει
1154 1985 1232 2048 κατὰ
1250 1992 1308 2050 σοῦ

189 2085 328 2155 ἐπιόντος
353 2109 417 2169 μου
425 2087 455 2166 ”,
488 2087 605 2157 ἐκεῖνος
632 2086 687 2169 τὴν
713 2087 904 2170 βλάσφημον
927 2086 1088 2169 ἐπιστολὴν
1111 2088 1232 2157 εἰκόνος
1255 2094 1309 2171 τῆς

188 2188 386 2270 ῦεομήτορος
417 2189 617 2270 ἐξηρτήσατο,
649 2188 850 2260 κἀνταπόῦος
877 2197 925 2271 τῴ
951 2189 1107 2263 άλαζόνι”
1133 2190 1235 2271 λέγων
1256 2188 1309 2254 “6

189 2289 346 2367 δέσποινα,
369 2297 424 2355 τοῦ
441 2291 648 2374 φρυάγματος
662 2290 699 2353 τά
716 2291 889 2373 ἐπίχειρο.”
932 2290 1096 2354 καὶταῦτα
1112 2289 1210 2353 εἰπὼν
1226 2291 1306 2374 ἒχώ-
1320 2301 1355 2354 10

191 2484 224 2538 12
242 2487 314 2545 ὅπως
333 2488 361 2539 οἱ
376 2486 407 2541 ἐκ
430 2488 532 2554 Ταρσοῦ
551 2487 596 2541 καί
615 2486 768 2555 Μελιτηνῆς
783 2485 918 2554 Ἀγαρηνοί
938 2486 1090 2555 ἡττήθησαν
1110 2484 1132 2540 C

242 2679 259 2731 3
279 2685 345 2748 post
364 2680 439 2737 οὗτος
459 2694 552 2749 supra
571 2694 678 2733 vocem
698 2677 767 2733 add.
787 2678 855 2731 ἔστιν
873 2677 896 2732 C
979 2678 1154 2737 κωνστάντισς
1173 2678 1209 2745 D,
1230 2693 1306 2732 corr.

242 2750 293 2807 Dw
364 2750 418 2804 ἐστι
438 2766 494 2803 om.
514 2750 537 2805 C
615 2750 630 2803 4
652 2750 701 2817 οὐχ
721 2750 753 2803 οὗ
773 2749 809 2815 D,
829 2765 905 2803 corr.
926 2749 976 2807 Dw
1058 2750 1143 2808 οὕτως
1163 2749 1186 2802 Ε
1257 2748 1306 2817 ἀφ’

243 2821 375 2911 Ducunt
394 2822 445 2877 Dw
523 2822 588 2905 ,(1.5
607 2822 716 2890 ἡπόλις
734 2821 812 2911 ἡμῶν
830 2820 857 2873 D
939 2820 956 2874 6
973 2821 1152 2912 πρεσηλωέρου
1171 2819 1227 2886 BC,
1245 2840 1307 2909 πρε·

241 2892 502 3033 iiiiii&
521 2908 689 3018 maiades
710 2890 1307 3043 “Widtit’tnffcpittssomittit

240 3036 386 3104 μελητηνῆς
477 3035 510 3089 14
528 3036 670 3089 ἀνέκοπτεν
688 3034 829 3104 Rsswth,
847 3035 974 3088 ἀνέκοπτε
992 3031 1028 3099 Α,
1048 3049 1076 3086 v.
1096 3033 1136 3086 ad
1154 3032 1226 3086 XIII
1247 3033 1306 3099 1,5

276 3108 357 3161 αὐτοῦ
379 3106 413 3173 Ι),
431 3106 504 3175 αὐτῷ
524 3121 600 3161 corr.
619 3104 671 3163 Dw
780 3106 813 3159 15
832 3113 877 3173 τῆς
894 3112 990 3172 ταρσοῦ
1010 3121 1066 3158 om.
1087 3104 1114 3157 D
1137 3105 1188 3159 Wo
1207 3104 1257 3158 iat.

276 3178 343 3231 κατά
361 3199 410 3232 σου
429 3177 465 3245 Ι),
485 3194 561 3232 corr.
581 3177 633 3235 Dw
729 3177 762 3230 16
782 3180 850 3245 post
867 3174 1006 3243 ἐπιστολὴν
1025 3175 1094 3229 add.
1113 3175 1253 3245 ἀναλαβὼν
1274 3175 1305 3243 Β,

241 3248 330 3318 λαβὼν
349 3248 423 3319 pr
497 3250 538 3303 17.
561 3250 593 3303 18
611 3249 695 3317 λέγων
713 3253 783 3318 post
801 3248 925 3301 δέσποινα
945 3246 972 3299 D

189 3442 309 3495 nomine
329 3440 534 3497 Constantino.
571 3438 646 3495 Cum
665 3455 738 3495 vero
769 3456 824 3494 rex
847 3439 908 3493 filio
928 3440 1134 3494 demonstrato
1154 3455 1222 3494 eum
1243 3438 1336 3498 esset

190 3510 417 3567 Constantinum
449 3512 582 3579 dixisset,
611 3526 705 3566 senex
725 3516 827 3565 nutem
847 3510 962 3565 diceret
979 3526 1048 3565 eum
1067 3525 1130 3565 nou
1149 3526 1216 3565 esse
1235 3510 1309 3565 Con·

189 3584 361 3649 staminum,
390 3600 408 3637 a
428 3599 488 3653 quo
516 3598 572 3637 sua
595 3582 669 3637 urbs
689 3582 838 3651 capiendo
858 3588 944 3648 esset,
973 3582 1026 3636 sed
1045 3582 1138 3635 alium
1157 3581 1309 3651 quendem

189 3670 228 3707 ex
257 3655 339 3724 regis
368 3656 508 3723 posteris,
537 3653 665 3707 Basilius
694 3653 733 3707 ob
762 3669 829 3708 eam
858 3655 938 3707 senis
967 3653 1186 3707 divinationem
1213 3652 1336 3706 iratusii

191 3727 448 3795 oppugnationem
468 3725 552 3779 urbis
571 3726 671 3778 acrius
690 3729 794 3793 urget,
822 3739 890 3777 oum
919 3729 1020 3778 autem
1049 3724 1121 3777 nihil
1140 3722 1335 3793 proficeret?

189 3798 243 3851 sed
262 3798 360 3866 frigus
379 3798 546 3850 exercitum
565 3795 655 3850 vaide
675 3796 839 3862 infestaret,
869 3794 968 3849 soluta
997 3794 1155 3849 obsidione
1179 3794 1309 3848 reditum

190 3869 312 3937 cogitat,
341 3868 469 3937 captivis
488 3868 616 3922 interfici
635 3868 731 3935 iussis,
758 3882 797 3921 ne
817 3866 955 3921 custodia
975 3881 1051 3935 opus
1071 3870 1149 3919 esset
1169 3881 1249 3921 neve
1267 3864 1308 3917 iiii

190 3939 445 4009 opportunitatem
465 3939 545 3992 nacti
564 3938 636 4007 quid
658 3945 817 3993 novarent.

278 4010 352 4065 Cum
366 4014 466 4063 autem
478 4008 642 4064 Tarsenses
653 4015 683 4063 et
693 4009 864 4063 Melitenaei
874 4008 1008 4078 Agereni
1020 4008 1192 4077 provincias
1202 4006 1307 4061 Roma·
1318 4008 1336 4060 8

190 4098 244 4137 nas
267 4082 467 4147 incursarent,
496 4079 559 4135 dux
579 4079 718 4135 Andreas
742 4096 846 4135 eorum
865 4078 1054 4133 insolentiam
1075 4078 1260 4147 reprimebat
1278 4076 1336 4132 et9

189 4154 285 4207 missis
305 4152 344 4206 ad
364 4169 396 4207 se
416 4152 455 4205 ab
475 4168 578 4206 einero
597 4150 738 4206 Tarsensi
758 4151 939 4220 blasphemis
957 4149 1071 4215 littorio,
1097 4150 1121 4203 si
1141 4150 1207 4218 ipse
1226 4148 1307 4202 illum

189 4224 355 4289 invaderet,
385 4222 457 4276 nihii
476 4222 589 4277 Mariae
608 4222 700 4277 filium
720 4224 922 4291 profuturum,
949 4220 1000 4273 illa
1027 4225 1154 4289 occepta
1179 4218 1309 4289 epistula

189 4300 219 4349 et
248 4295 373 4363 imagini
399 4294 447 4349 dei
477 4294 580 4348 matris
607 4309 741 4363 appensa
764 4292 940 4347 “Domina”
964 4292 1062 4360 Inquit
1087 4292 1309 4345 “remunerare

189 4366 341 4423 fremitum
368 4365 496 4421 hominis
524 4364 725 4438 arrogantis.”
768 4364 822 4419 His
850 4364 936 4419 dictis
965 4369 1072 4418 contra
1099 4362 1309 4433 blasphemum
1319 4362 1354 4416 10
