3050 4775
241 400 294 461 εει
512 399 648 463 zoara
668 398 767 463 mm.
786 398 885 461 εντα
905 402 930 477 ι,
950 398 1045 475 ιο-τ,
1064 403 1090 461 ι.

197 588 275 653 12τὸ
299 584 327 652 δ’
352 588 429 653 αὐτὸ
451 588 505 653 καλ
528 590 561 653 ἐν
582 595 620 672 τῇ
643 595 698 673 τῆς
719 588 852 673 Χαλκῆς
875 588 1038 671 εἰργάσατο
1061 588 1201 671 φυλακῇ,
1235 586 1360 659 ἐλπίσας

98 727 102 735 ‚
196 701 231 755 13
241 691 292 757 διὰ
314 692 435 756 τούτων
456 698 512 757 τοῦ
535 690 758 757 κατάσκοπόν
774 691 995 765 ἐπιτεάξεοθαι.
1040 691 1087 762 ὡς
1103 686 1131 754 δ’
1149 692 1251 773 ἔμαθε
1266 714 1358 773 στρα-

239 794 384 879 τιωτικὴν
411 796 618 878 ἀθροίζεσθαι
639 795 711 878 περὶ
732 794 770 859 τά
793 794 931 877 βασίλεια
957 794 1090 877 δύναμιν
1112 792 1166 858 καλ
1189 793 1251 876 ἤδη
1275 794 1358 857 στέλ-

239 898 349 963 λεσθαι
371 894 439 963 κατ’
464 899 572 980 αὐτοῦ,
603 896 685 981 πρός
711 897 768 981 τὴν
793 896 933 981 μεγάλην
954 898 1095 981 τρέπεται
1117 896 1284 979 ἐκκλησίαν
1306 896 1360 960 καλ

238 1000 339 1083 μόνος
361 1002 418 1065 σὺν
439 1009 486 1085 τῷ
508 1003 571 1083 υἱῷ
591 1001 810 1083 περιλειφθείς,
842 1005 907 1064 τῶν
934 1001 1101 1083 ἑπομένων
1123 1001 1212 1082 αὐτῷ
1235 999 1385 1063 bnans-5

241 1104 434 1187 δασθέντων,
457 1111 494 1187 τῇ
510 1104 658 1187 ἐκκλησίᾳ
672 1105 925 1186 προσπέφευγεν·
947 1103 1025 1167 ὅθεν
1040 1102 1173 1187 ληφθείς
1189 1103 1359 1185 ὑπερορίαν

196 1215 231 1269 14
239 1206 460 1290 κατεδικάσθη.
506 1208 549 1278 είς
579 1212 671 1270 τοῦτο
704 1206 738 1269 δὲ
770 1207 878 1275 τέλους
909 1210 965 1269 τοῦ
1000 1206 1238 1288 ἐπιχειρήματος
1271 1205 1359 1287 αὐτῷ

239 1310 495 1392 καταντήσαντος,
528 1310 547 1372 ό
571 1309 725 1392 δημώδης
753 1309 848 1391 ὄχλος
875 1308 1099 1391 ἐπεγγελῶντες
1122 1309 1210 1391 αὐτῷ
1233 1308 1357 1391 ῥήματά

238 1435 304 1475 τινα
327 1412 493 1482 συνθέντες
515 1412 634 1495 ἐπῇδον
657 1413 758 1494 αὐτῷ·
781 1409 818 1473 τὰ
843 1411 871 1474 δ’
896 1410 991 1494 ἦσαν·

205 1520 229 1575 Β
370 1514 390 1577 ό
411 1513 525 1597 μωρὸς
547 1514 566 1578 δ
590 1514 799 1597 Μονομάχος,
823 1516 855 1577 εἴ
870 1538 897 1578 τι
920 1513 1054 1596 ἐφρόνει,
1078 1513 1211 1597 ἐποίησε.
1369 1520 1403 1573 10

208 1620 230 1683 2
328 1616 393 1681 Καὶ
403 1623 498 1680 ταῦτα
509 1616 568 1700 μὲν
580 1619 673 1700 ἔσχον
685 1618 799 1687 οὕτως·
813 1618 843 1682 ολ
856 1612 884 1682 δ’
896 1616 1178 1699 ἐμπαροινηθέντες
1189 1620 1253 1679 τῶν
1264 1614 1358 1698 έῴων

239 1720 403 1803 ἀρχόντων
414 1719 468 1783 καλ
482 1718 576 1791 αὖθις
589 1726 700 1803 πεῖραν
715 1719 910 1803 προσάγουσι
925 1718 978 1782 καλ
993 1719 1139 1802 προσίασι
1154 1725 1200 1802 τῴ
1215 1717 1251 1783 τὰ
1267 1718 1357 1783 κοινά

239 1822 405 1887 διοικοῦντι
432 1830 479 1905 τῷ
500 1823 773 1905 πρωτοουγκέλλῳ
796 1822 907 1886 Λέοντι
929 1822 983 1885 καί
1006 1822 1149 1886 ἱκετεύειν
1173 1817 1211 1885 δι’
1236 1821 1393 1885 ἐκείνουΙ)
1409 1826 1450 1882 IV
1466 1828 1519 1881 185

83 1936 230 1995 wmalo
238 1926 419 2009 ἐπεχείρουν
434 1925 489 1989 τὸν
503 1926 642 2008 βασιλέα,
657 1925 702 2008 μὴ
718 1925 812 2008 μόνοι
824 1925 912 1989 αὐτοὶ
923 1926 1170 2009 καταλειφθῆναι
1182 1924 1355 2008 ἀγέραοτοι,

237 2028 365 2092 πάντων
386 2033 442 2093 τοῦ
462 2027 625 2111 φιλοτίμου
641 2029 949 2093 καταπολαυσάντων
963 2033 1019 2092 τοῦ
1035 2027 1279 2111 αὐτοκράτορος,
1303 2026 1357 2093 καὶ
1368 2034 1401 2087 15

238 2135 333 2194 ταῦτα
355 2135 419 2194 τῶν
439 2114 544 2195 ἄλλων
559 2131 789 2196 εὐπαθούντων
804 2131 892 2194 αὐτοὶ
907 2131 961 2194 καὶ
976 2128 1051 2213 παρ’
1069 2129 1184 2193 ἀσπίδα
1201 2130 1357 2212 ἱστάμενοι

211 2233 292 2301 2καλ
317 2234 589 2317 προπολεμοῦντες
614 2241 670 2317 τῆς
688 2234 856 2317 Ῥωμαίων
883 2234 994 2317 ἀρχῆς.
1040 2234 1058 2296 ὁ
1083 2232 1117 2297 δὲ
1144 2230 1238 2296 οὐδὲν
1266 2230 1357 2315 ἦττον

237 2342 293 2402 τοῦ
315 2336 470 2421 βασιλέως
491 2337 616 2412 ἀδέξιος
638 2338 686 2402 ὢν
707 2338 982 2422 μεταχειρίσασθαι
1004 2336 1222 2421 λυπουμένους
1237 2334 1357 2418 ἄνδρας

239 2532 271 2586 11
290 2533 458 2603 προσίλευσις
477 2539 530 2588 τῶν
547 2539 743 2603 στρατιωτικῶν
761 2533 898 2604 ἀρχόντων
915 2533 982 2602 πρὸς
1002 2531 1046 2586 τόν
1062 2531 1289 2602 Παρασπόνδυλον
1307 2529 1354 2586 CE

291 2723 510 2789 2ἐπιτεάξασθαι
529 2723 657 2796 BDEwp
729 2725 747 2781 ὅ
764 2725 945 2795 περιλειφθεὶς
965 2722 1090 2797 prDi‚
1111 2723 1285 2793 περιληφθεὶς
1299 2718 1354 2777 ΑΙ)

292 2797 317 2851 5.
336 2797 353 2850 6
372 2804 425 2851 τῶν
443 2797 680 2865 ἑπομένων-ὅθεν
697 2797 811 2866 ληφθεὶς
830 2811 888 2852 om.
907 2797 934 2850 D
1049 2797 1066 2851 6
1085 2803 1116 2866 τῆ
1134 2795 1262 2864 ἐκκλησία
1279 2815 1356 2863 προς·

290 2869 420 2938 πέφευγεν
432 2867 485 2922 ΑΕ
505 2867 545 2934 (v.
556 2867 643 2924 Cedr.
653 2869 670 2922 l.
682 2884 706 2922 e.
717 2885 745 2939 p.
756 2869 817 2936 613,
828 2868 882 2936 16),
901 2869 1016 2938 ἐξάγεται
1035 2875 1080 2938 τῆς
1097 2867 1240 2935 ἐκκλησίας
1259 2866 1354 2936 13pr

291 2941 307 2995 l
327 2941 415 2999 τέλους
432 2939 494 3008 ΑΒ,
513 2941 584 3000 τέλος
602 2939 668 3011 w*p
746 2940 827 2994 αὐτοῦ
847 2939 894 2994 BC
966 2940 983 2992 8
1001 2938 1186 3008 ἐπεγγελῶντος
1202 2937 1275 2992 αὐτῶ
1294 2937 1354 3006 AR,

289 3011 499 3082 διαχλευάζοντες
509 3011 588 3066 αὐτόν
598 3011 653 3080 ΒΟ,
663 3012 830 3081 ἐπιχαλῶντες
839 3011 912 3080 αὐτῷ
923 3011 987 3081 w*p
1052 3011 1086 3063 10
1098 3009 1205 3078 ε’ποίησε
1214 3007 1354 3078 stpDi,

290 3083 411 3153 ἐποίησεν
429 3083 465 3153 Α,
484 3099 513 3137 ν.
526 3083 566 3137 ad
579 3082 652 3137 XIII
666 3083 718 3150 1,5
791 3084 823 3137 11
843 3081 873 3138 δὲ
890 3081 1092 3152 παροινηθέντες
1111 3081 1159 3135 BG
1231 3079 1265 3134 13
1283 3100 1354 3148 πρω·

290 3155 452 3225 τοσυγκέλλω
465 3154 548 3226 Aop,
566 3155 779 3224 πρωτοσυγκὲλω
799 3153 873 3223 E(w)
948 3153 981 3209 ll
999 3152 1051 3222 πρὸ
1062 3153 1237 3222 πολεμοῦντες
1250 3152 1313 3220 (sie)
1327 3151 1354 3204 A

193 3349 389 3419 12perruptis
412 3350 526 3403 exitum
546 3347 657 3402 clausis
675 3348 826 3418 patefecit.
864 3347 948 3403 Idem
967 3348 998 3401 in
1017 3361 1054 3402 ea
1074 3359 1196 3416 quoque
1216 3343 1353 3400 custodia

237 3422 317 3481 fecit,
345 3435 425 3488 quae
448 3420 487 3473 ad
507 3418 639 3475 chalcen
662 3425 715 3481 est,
742 3434 847 3474 eorum
872 3433 1018 3489 operase
1038 3419 1101 3473 voti
1120 3418 1166 3470 sui
1190 3419 1256 3471 lore
1276 3431 1352 3471 com·

193 3496 228 3550 13
237 3497 337 3562 potem
348 3507 483 3561 sperans.
520 3491 632 3545 Verum
642 3491 696 3545 ubi
709 3491 855 3560 cognovit
868 3491 1011 3545 militares
1025 3489 1128 3558 copias
1142 3489 1223 3542 circa
1237 3489 1353 3558 regiam

237 3570 344 3618 contra
362 3578 395 3617 se
414 3562 556 3617 collectas
574 3563 695 3616 iamiam
715 3563 819 3628 affore,
839 3561 879 3615 ad
897 3577 1041 3631 magnam
1054 3560 1211 3615 ecclesiam
1230 3574 1354 3613 conver·

236 3635 317 3702 titur,
346 3636 377 3688 in
395 3649 487 3703 quam
505 3634 588 3689 solua
607 3648 676 3687 cum
696 3633 755 3688 lilio
775 3633 905 3700 relictus,
934 3633 1112 3703 gregalibus
1135 3631 1198 3686 suia
1222 3630 1353 3700 dilapsis,

193 3710 227 3764 14
237 3708 382 3776 profugit,
410 3705 492 3760 unde
520 3706 650 3759 eductus
676 3705 842 3774 relegatur.
879 3705 945 3759 Hoc
973 3709 1087 3758 eventu
1118 3707 1259 3757 conatum
1289 3703 1354 3756 eius

236 3783 408 3844 consecuto,
437 3777 556 3846 plebeia
578 3776 738 3832 multitudo
758 3791 814 3846 per
832 3775 995 3830 ludibrium
1020 3775 1099 3829 hanc
1123 3773 1303 3829 cantilenam
1322 3775 1353 3828 iu

237 3865 305 3903 oum
326 3851 447 3903 cecinit:

431 3919 546 3975 Fatuus
565 3919 790 3988 MonomachuS,
810 3919 892 3988 quod
911 3919 1066 3989 cogitavit,
1086 3919 1156 3988 egit

323 3992 348 4044 2.
387 3989 526 4046 Ceterum
540 3991 703 4046 orientales
716 3990 810 4046 duces
823 3991 941 4044 iniuriis
955 3989 1064 4058 effecti,
1086 3989 1186 4044 denuo
1199 3991 1353 4046 fortunam

236 4064 442 4134 periclitaturi,
470 4062 605 4117 Leonem
628 4061 885 4133 protosynoellum
909 4063 1080 4117 communia
1099 4063 1223 4130 negotia
1245 4078 1352 4132 procu·

235 4141 352 4190 rantem
372 4135 495 4203 adeunt,
523 4150 560 4190 eo
578 4137 779 4188 intercessore
797 4149 901 4203 rogem
925 4134 1088 4204 precaturi,
1115 4149 1154 4186 no
1173 4134 1228 4188 soli
1250 4133 1352 4203 negle-

235 4213 390 4276 gerentur,
420 4222 487 4261 curn
514 4208 606 4260 ceteri
632 4220 736 4260 omnes
762 4203 950 4258 liberalitatis
977 4205 1190 4274 imperatoriae
1219 4207 1351 4260 fructum

185 4333 192 4347 ‚
235 4280 366 4346 aliquem
390 4279 609 4347 percepissent;
640 4283 800 4347 practerea
823 4279 931 4331 ceteris
954 4278 1089 4331 suaviter
1109 4277 1290 4344 vivent-ibus,
1319 4293 1352 4331 se

208 4351 266 4408 lin
289 4351 356 4404 acie
380 4353 495 4404 stantes
518 4365 573 4418 pro
597 4349 695 4404 salute
714 4348 843 4402 Romani
866 4349 983 4419 imperii
1004 4363 1209 4418 propugnare.
1244 4347 1285 4404 At
1302 4349 1352 4403 ille

234 4422 326 4478 nihilo
350 4422 476 4494 peritior
500 4437 575 4493 rege
595 4419 746 4478 tractandi
766 4421 848 4476 viros
867 4419 1004 4476 dolentes
1022 4423 1052 4475 et
1070 4425 1218 4478 tumorem
1244 4436 1282 4476 ex
1302 4419 1352 4478 do·
