3050 4775
230 450 284 513 sta
524 450 660 513 zoara.
680 450 779 511 sorr.
798 450 897 511 xvm
915 454 940 525 ε,
960 448 1056 509 ε-υο.

232 636 267 703 όὲ
289 644 344 722 τῆς
367 638 520 722 διανομῆς
543 638 701 721 ἠργμένης
724 638 743 703 6
766 638 938 721 Βρυέννιος
964 636 1140 719 προσετίθει
1166 640 1231 705 τοῖς
1257 656 1349 715 στρα-

230 741 353 813 τιώταις
374 740 411 805 τὰ
435 741 589 825 σιτηρέσια
612 741 666 805 καί
688 742 775 824 ηύξει
797 740 832 805 τὸ
857 740 980 823 ἑκάστῳ
1006 738 1216 822 νενεμημένου
1238 736 1347 801 ποσόν.

205 842 251 907 9ό
274 843 309 909 δὲ
336 849 393 909 τοῦ
419 849 541 927 χρυσοῦ
567 844 679 927 ταμίας
701 844 720 907 6
743 844 907 927 εἰρημένος
935 842 1016 925 ἀνὴρ
1047 841 1092 925 μὴ
1125 844 1217 904 τοῦτο
1249 839 1386 921 tiaran
1402 846 1521 902 11186

232 946 409 1011 ἐντετάλθαι
432 948 462 1010 ολ
483 944 565 1031 πρός
579 952 635 1010 τοῦ
651 946 893 1029 αὐτοκράτορος.
938 945 992 1009 καί
1007 944 1026 1009 6
1041 944 1212 1028 Βρυέννισς
1228 946 1349 1005 σιωπᾶν

188 1050 320 1133 1οαύτῷ
342 1050 395 1114 καὶ
417 1055 516 1114 ποιεῖν
538 1048 573 1113 τὸ
592 1049 834 1132 ἐπιτασσόμενον
850 1048 1040 1113 ένεκελιύετο
1055 1046 1257 1129 ἰταμώτερον.
1303 1044 1376 1116 abab

232 1147 261 1217 θ’
286 1154 327 1216 ἔτι
350 1151 537 1237 όὈψαρᾶς
559 1152 619 1216 οὐκ
646 1152 796 1227 ἐπείθετο,
829 1150 906 1215 ἀλλὰ
935 1151 989 1214 καλ
1016 1150 1213 1233 θρασύτερον
1241 1150 1350 1230 ἐκείνῳ

72 1263 222 1321 Ρ11265Α
232 1255 399 1339 ἀντέλεγεν,
423 1254 442 1319 6
458 1253 629 1336 Βρυέννιος
644 1254 745 1337 θυμῷ
759 1254 893 1337 ληφθεὶς
909 1254 1045 1335 ἀνέθορέ
1059 1276 1090 1316 τε
1113 1258 1167 1336 τῆς
1190 1251 1352 1333 καθέδρας

231 1357 286 1423 καλ
311 1362 376 1422 τῶν
401 1362 517 1441 τριχῶν
543 1364 600 1441 τῆς
625 1381 657 1421 τε
685 1358 808 1441 ὑπήνης
836 1356 1012 1440 λαβόμενος
1034 1360 1090 1419 τοῦ
1114 1353 1231 1437 ἀνδρὸς
1252 1378 1350 1437 προσ-

189 1472 221 1527 11
232 1461 361 1545 αράσσει
382 1468 420 1545 τῇ
443 1466 484 1545 γῇ
505 1460 559 1524 καί
581 1460 756 1543 περιβάλλει
781 1460 915 1543 θεσμοῖς.
962 1457 1052 1543 ἐγγὺς
1080 1459 1115 1522 θέ
1136 1482 1200 1521 που
1224 1482 1350 1541 στρατο-

231 1564 377 1629 πεόεύων
403 1564 423 1627 6
451 1568 515 1629 τῶν
541 1563 686 1628 Πισιδῶν
714 1563 768 1627 καί
795 1562 975 1627 Λυκαόνων
1004 1560 1199 1647 στρατάρχης
1230 1561 1283 1625 καί
1314 1560 1351 1624 τὰ
1363 1566 1397 1619 10

232 1666 303 1750 περὶ
329 1672 385 1731 τοῦ
403 1666 536 1751 Ὀψαρά
557 1665 678 1750 μαθὼν
699 1666 754 1730 καί
776 1666 959 1749 τυροννίόος
981 1670 1076 1729 ταῦτα
1103 1665 1213 1747 κρίνας
1240 1665 1351 1747 ἀρχήν,

233 1768 358 1854 ἀθρόον
378 1768 473 1834 ἔπεισι
494 1768 572 1853 μετὰ
595 1774 660 1833 τῶν
681 1765 735 1833 ὑπ’
759 1767 855 1834 ούτόν
873 1768 1041 1851 ταγμάτων
1056 1774 1093 1851 τῇ
1108 1772 1163 1831 τοῦ
1183 1766 1352 1851 Βρυιννίου

189 1878 345 1957 12σκηνῇ.
390 1872 445 1936 καλ
467 1872 577 1957 όεσμεῖ
595 1872 654 1956 μέν
676 1874 806 1956 ἐκεῖνον,
829 1872 894 1936 λύει
917 1871 952 1935 όὲ
974 1869 1028 1936 τὸν
1041 1870 1192 1953 Ὀψαρᾶν
1214 1874 1278 1934 τῶν
1302 1870 1351 1933 dr-

233 1980 326 2058 σμῶν
348 1974 402 2039 καὶ
424 1976 512 2059 αύτῷ
532 1974 587 2041 τόν
602 1976 775 2059 Βρυόννισν
792 1975 1022 2059 παραδίδωσιν·
1047 1973 1066 2037 6
1089 1974 1124 2037 όὲ
1147 1973 1256 2037 αὐτίκα
1279 1971 1352 2043 τοὺς

233 2076 424 2161 ὀφθαλμούς
443 2077 586 2142 ἐκκόπτει
609 2077 740 2162 ἐκείνου,
764 2078 819 2143 καλ
841 2078 944 2150 οὕτως
966 2077 1020 2142 τόν
1043 2076 1144 2160 ἄνδρα
1166 2083 1213 2159 τῷ
1235 2076 1396 2159 βασιλεῖῐῧ

233 2179 458 2264 λξαπέστειλεν,Ι
475 2180 643 2253 ἐπιστείλας
664 2182 753 2264 αὐτῷ
776 2180 829 2245 καὶ
852 2182 912 2245 ὅσα
934 2180 1109 2264 τετόλμηκε.

189 2296 225 2351 13
322 2282 387 2346 Καὶ
413 2289 509 2348 ταῦτα
536 2284 596 2367 μὲν
622 2285 833 2368 συνεκύρησεν
861 2284 990 2347 οὑτωσί·
1024 2283 1042 2345 6
1066 2283 1102 2348 όέ
1124 2306 1158 2365 γε
1181 2281 1351 2366 Κομνηνὸς

199 2384 287 2454 Batoi
310 2389 341 2452 οἶ
363 2386 473 2472 ἐκείνῳ
495 2386 747 2471 συνομοσάμενοι
770 2386 972 2458 συνελθόντες
994 2387 1089 2469 ἔργον
1117 2386 1259 2470 ἥπτοντο,
1286 2390 1352 2449 τῶν

233 2497 463 2574 στρατιωτικῶν
474 2490 661 2574 καταλόγων
675 2491 810 2554 ἄλλοθεν
825 2490 921 2554 ἄλλου
936 2490 1240 2574 προσρυίσκομένων
1255 2488 1351 2572 αὐτῷ.

235 2703 269 2759 17
286 2702 431 2759 ἀποστασία
449 2711 494 2759 τοῦ
511 2703 656 2775 Κσμνηνοῦ
677 2703 723 2759 καί
741 2709 796 2758 τῶν
808 2703 914 2759 ’λοιπῶν
932 2709 1130 2774 στρατιωτικῶν
1148 2701 1286 2774 ἀρχόντων
1303 2701 1352 2758 ΟΕ

288 2904 313 2956 l.
332 2901 349 2955 2
367 2901 398 2957 τὰ
416 2903 550 2970 σιτηρέσια
568 2906 640 2957 ante
658 2909 711 2962 τοῖς
730 2900 752 2956 C
866 2901 884 2956 4
901 2900 972 2970 παρὰ
990 2899 1018 2954 D
1126 2907 1284 2970 κρατοῦντος
1303 2899 1351 2956 BC

286 2975 313 3028 l.
333 2974 348 3028 l
366 2975 489 3043 όρυένιος
506 2973 563 3041 BC,
583 2990 612 3028 v.
631 2973 670 3028 ad
690 2978 705 3037 ἓ
723 2973 741 3028 4
813 2973 830 3027 ί)
848 2973 1010 3027 όνεκελεύετο
1028 2971 1154 3042 prDt',
1173 2973 1306 3026 ἐκελεύετο
1324 2973 1351 3026 Α

287 3047 305 3098 6
322 3054 412 3114 ψαρᾶς
430 3044 458 3098 D
529 3046 548 3099 8
566 3050 634 3115 post
651 3053 706 3098 τῶν
724 3045 794 3098 add.
813 3053 858 3113 τῆς
877 3046 997 3114 κεφαλῆς
1013 3043 1109 3114 Bpr
1181 3044 1350 3112 πρσςαράττει
1406 3045 1409 3048 ’

287 3115 336 3172 ΒΟ
408 3117 425 3170 9
443 3116 591 3185 στρατεύων
610 3116 638 3170 D
711 3117 746 3168 10
765 3122 836 3170 anie
854 3117 914 3169 λυκ.
928 3116 997 3169 add.
1010 3123 1063 3168 τῶν
1076 3115 1148 3185 Ewp
1222 3115 1256 3168 12
1272 3115 1351 3168 αὐτόν

287 3187 414 3258 prDi,
432 3189 521 3242 αὐτῶν
533 3185 560 3240 Α
630 3189 754 3257 βρνενίου
768 3187 824 3252 BC,
845 3203 873 3240 v.
887 3187 927 3240 ad
941 3189 986 3250 §4
1060 3187 1093 3240 14
1110 3187 1232 3256 βρυένιον
1245 3184 1301 3253 ΒΟ,
1322 3202 1350 3240 t’.

288 3259 381 3321 αάὲά
449 3260 490 3312 14.
502 3261 536 3313 15
548 3260 671 3313 ἐκκόπτει
680 3259 784 3312 ἐκείνου
795 3259 826 3312 τὰ
835 3261 938 3327 ὄμματα
950 3257 997 3314 BC
1070 3257 1103 3312 lt
1116 3261 1186 3312 οὕτω
1197 3257 1350 3328 DEwth',

288 3347 317 3385 v.
336 3331 376 3384 ad
394 3330 467 3384 XIII
486 3330 562 3398 6,16
635 3331 668 3384 16
686 3331 862 3393 ἐξαπέστειλεν
881 3328 1007 3400 prDi,
1028 3329 1191 3394 ἐξαπέστειλε
1208 3328 1243 3398 A,
1264 3345 1292 3382 v.
1311 3331 1352 3384 ad

287 3401 361 3456 XIII
374 3401 425 3470 1‚t
498 3402 533 3456 18
551 3401 767 3472 συνωμσσάμενοι
788 3401 811 3456 Ο
883 3403 985 3471 εἴχοντο
1003 3401 1052 3457 BC
1124 3401 1158 3455 19
1176 3400 1264 3461 αὐτοῖς
1276 3400 1351 3471 pr

208 3614 419 3671 birnmentnm
430 3610 652 3667 admetiebatur
662 3617 692 3668 ct
703 3613 852 3683 pecuniae
865 3627 1010 3668 summam
1025 3612 1169 3682 augebat.
1206 3610 1352 3683 Opsaram

235 3699 309 3739 vero
348 3687 521 3738 uaestorcm
538 3690 703 3755 negantem
722 3699 755 3739 se
775 3685 814 3738 ab
836 3685 1018 3755 imperatore
1037 3685 1068 3738 id
1084 3686 1116 3738 in
1134 3685 1285 3739 mandatis
1302 3685 1352 3737 lra-

234 3757 309 3810 bere
327 3700 499 3824 gryennius
521 3760 624 3810 tacere
647 3761 685 3824 et,
714 3756 796 3824 qnod
816 3757 1025 3826 imperaretur,
1053 3757 1155 3810 iacere
1174 3756 1352 3810 insolentius

191 3828 329 3884 10iussit.
366 3827 463 3880 Etiam
482 3830 547 3880 tum
565 3827 784 3882 detrectantem
803 3834 833 3882 et
852 3828 999 3882 audacius
1017 3828 1223 3897 refragantem
1240 3826 1353 3896 Bryon·

234 3899 304 3953 nius
322 3900 369 3952 ira
387 3899 520 3968 percitae
539 3898 577 3954 de
596 3899 669 3954 sella
688 3899 839 3966 exsiliens,
867 3905 989 3968 arrepta
1009 3901 1073 3953 eius
1093 3913 1180 3953 coma
1198 3905 1228 3953 et
1248 3899 1352 3966 barba,

191 3972 225 4026 11
235 3969 299 4024 solo
318 3970 427 4024 illisum
447 3970 478 4024 in
491 3970 614 4024 vincula
627 3972 745 4025 conicit.
784 3970 850 4034 Quo
863 3970 927 4024 dux
941 3970 1109 4024 Pisidarum
1124 3975 1154 4025 et
1166 3969 1352 4040 Lycaonum,

236 4042 289 4110 qui
308 4047 408 4096 castra
426 4043 458 4095 in
498 4043 649 4111 ropinquo
667 4042 808 4108 habebat,
834 4043 966 4110 cognito,
992 4041 1023 4095 id
1042 4041 1161 4095 facinus
1184 4041 1353 4112 tyrannidis

236 4113 417 4183 principium
436 4112 468 4167 iu
490 4114 574 4168 icens
593 4111 736 4182 Bryennii
757 4113 987 4167 tabernaculum
1007 4128 1074 4167 curn
1094 4113 1157 4167 suis
1180 4113 1353 4183 legionibus

191 4187 274 4241 1201
288 4186 453 4255 improviso
463 4185 581 4238 invadit
590 4183 750 4254 solutoque
761 4184 896 4254 Opsarae
907 4183 1092 4254 Bryenniurn
1105 4186 1240 4238 vinctum
1251 4184 1351 4252 tradit,

236 4257 289 4324 qui
316 4257 465 4311 hominem
495 4257 596 4310 statim
623 4255 741 4310 effossis
764 4256 859 4311 oculis
885 4256 924 4310 ad
948 4271 1050 4326 regem
1076 4271 1263 4311 cumrerum
1286 4257 1352 4310 eius

236 4328 522 4383 commemoratione
540 4328 628 4382 misit.

192 4402 226 4458 13
324 4398 441 4464 Quibus
460 4398 552 4454 rebus
571 4399 665 4469 gestis
679 4397 851 4454 Comnenus
870 4411 933 4452 una
948 4412 1014 4454 cum
1030 4399 1195 4454 coniuratis
1210 4399 1240 4452 in
1257 4413 1351 4453 mrum

236 4472 392 4542 congressi
411 4487 474 4525 rem
493 4472 654 4542 urgebant,
674 4487 713 4525 ex
731 4470 912 4525 militaribus
932 4471 1080 4542 catalogis
1098 4470 1220 4526 aliunde
1234 4471 1292 4526 alio
1311 4471 1352 4526 ad
