3050 4775
263 422 476 483 TVRCORVM
494 426 624 483 ORIGO.
661 426 933 485 TANGROLIPIX
951 424 1192 484 MVCALETVS.
1237 426 1290 483 635

169 608 237 673 ἀλλ’
260 609 356 693 ἤθελε
382 611 609 694 παρακατέχειν
636 610 759 683 αὐτούς,
792 612 841 674 ἵνα
869 610 923 675 καί
952 607 1003 693 ἀφ’
1031 611 1156 695 ἑτέρους
1183 618 1289 695 χρῷτο

171 712 350 795 συμμάχοις
380 714 496 784 αὐτοῖς.
543 714 574 776 οἱ
600 712 635 777 δὲ
661 713 707 797 μὴ
737 714 800 776 οίοί
824 738 856 777 τε
879 714 966 785 ὄντες
988 714 1109 778 ἀπιέναι
1131 714 1212 799 πρὸς
1234 714 1316 798 τὴν6

171 818 333 899 σφετέραν,
365 817 395 879 εί
413 817 458 900 μὴ
482 817 588 888 αὐτοῖς
610 818 735 900 ἀνεθείη
759 818 780 900 ἠ
803 822 858 881 τοῦ
877 816 1042 901 Ἀράξιδος
1064 818 1186 901 γέφυρα
1218 816 1322 901 (ao-C

171 918 270 1001 ταμδς
298 914 326 982 δ’
351 916 444 990 οὗτός
472 920 552 983 ἐστιν
577 921 607 983 εί
629 919 675 1003 μὴ
700 918 750 983 διὰ
777 926 832 1003 τῆς
859 920 999 1003 γεφύρας
1027 920 1066 983 οὗ
1093 920 1237 1004 περατός,
1270 922 1289 1005 ἡ

145 1022 295 1105 δγέφυρα
320 1017 348 1084 δ’
372 1022 577 1103 έπεπύργωτυ
600 1022 809 1104 ἑκατέρωθεν,
839 1021 892 1085 καί
914 1028 977 1093 τοῖς
998 1022 1131 1105 πύργοις
1152 1023 1292 1106 φρουροί

172 1122 428 1207 έφειστήκεισαν),
452 1124 659 1188 ἀποστατοῦσι
681 1124 735 1187 καί
757 1125 801 1195 είς
824 1125 884 1208 ὄρη
908 1125 1141 1209 καταφυγόντες
1163 1124 1214 1209 (οδ
1230 1125 1291 1208 γὰρ

173 1226 335 1309 ἐθάρρουν
349 1227 435 1297 ὄντες
449 1228 606 1311 τρισχίλιοι
626 1226 708 1309 πρὸς
729 1226 848 1298 πολλὰς
870 1227 949 1291 κατὰ
973 1228 1129 1311 συστάδην
1150 1230 1290 1311 μαχέσα-

174 1328 250 1393 σθαι
271 1327 453 1412 μυριάδας),
486 1330 682 1411 ἐκτρέχοντες
704 1331 827 1394 ἐκεῖθεν
848 1329 885 1393 τὰ
908 1335 972 1394 τῶν
995 1330 1198 1414 Σαρακιγνῶν
1222 1331 1290 1414 ἕλιγ-

173 1433 286 1506 ίζοντο.
332 1431 482 1513 ἐκπέμπει
504 1432 607 1494 τοίνυν
627 1428 695 1495 κατ’
713 1433 819 1496 αὐτῶν
834 1432 853 1495 ὁ
870 1432 1064 1515 Μουχούμετ
1079 1432 1318 1515 στρατεύμωαῖ

131 1534 247 1616 1οπερί
265 1558 328 1597 που
352 1532 407 1604 τὰς
424 1535 521 1597 εἴκοσι
536 1534 683 1617 χιλιάδας,
708 1534 786 1599 δέκα
808 1540 873 1598 τῶν
896 1535 1061 1617 ὁμογενῶν
1083 1533 1214 1617 ἀνδράσι
1236 1535 1293 1619 τὴν

174 1638 281 1700 αὐτῶν
303 1636 474 1718 ἐγχειρίσας
495 1636 672 1719 ἡγεμονίαν.
719 1637 764 1707 οίς
781 1639 812 1700 οί
829 1636 964 1719 Τοῦρκοι
979 1636 1091 1707 νυκτὸς
1114 1638 1319 1719 έπιθέμενοιὸ

175 1740 275 1822 ῥᾷστα
302 1738 375 1809 τοὺς
402 1738 527 1809 πλείους
549 1739 743 1822 κατέκοψαν.
791 1741 821 1803 οί
844 1739 878 1803 δὲ
900 1740 1127 1821 περισωθέντες
1150 1738 1207 1803 σὺν
1230 1744 1319 1809 τοῖς9

175 1841 281 1905 αὐτῶν
308 1847 489 1924 στρατηγοῖς
518 1842 561 1911 είς
586 1840 640 1905 τδν
661 1841 858 1925 Μουχούμετ
885 1842 1169 1926 ἀνθυπωόστησαν.
1216 1843 1234 1906 ὁ
1259 1842 1293 1907 δὲ
1303 1848 1338 1902 10
1356 1846 1383 1901 D

176 1943 248 2015 τοὺς
275 1944 335 2027 μέν
364 1944 441 2007 δέκα
470 1950 524 2027 τῆς
551 1949 694 2024 στρατιᾶς
721 1944 879 2027 ἡγεμόνας
911 1944 1115 2027 έξετύφλωσε,
1148 1944 1227 2009 κατὰ
1259 1944 1293 2008 δὲ

132 2052 239 2111 15τῶν
269 2048 512 2129 περισωθέντων
543 2051 742 2128 στρατιωτῶν
774 2048 887 2130 ἠπείλει
920 2047 1081 2130 διαθήσειν
1113 2046 1228 2119 αὐτοὺς
1255 2046 1292 2112 τὰ

174 2150 316 2233 χείριστα.
363 2152 393 2213 σί
416 2149 450 2213 δὲ
479 2150 632 2221 δείσαντες
659 2155 723 2221 τοῖς
748 2150 901 2232 Τούρκοις
926 2150 1133 2232 προσέθεντο·
1167 2150 1229 2234 ἤδη
1259 2150 1293 2214 δὲ
1304 2157 1335 2211 11

175 2252 228 2315 καί
244 2252 349 2317 ἄλλων
364 2253 469 2323 αὐτοῖς
491 2252 715 2334 προσρυέντων
738 2256 873 2335 συχνῶν,
899 2252 1024 2316 δούλων
1046 2275 1078 2315 τε
1100 2252 1293 2334 κακούργων

174 2355 347 2440 λεηλασίαις
368 2354 545 2439 χαιρόντων
566 2354 620 2419 καί
636 2354 802 2438 ἁρπαγαῖς,
825 2353 1026 2438 πολυπληθὲς
1042 2354 1184 2437 ἐγένοντο
1200 2354 1292 2437 στρά-

176 2482 273 2542 τευμα
296 2459 349 2522 καί
371 2466 418 2541 τῷ
433 2458 630 2542 Μουχούμετ
650 2458 722 2541 περὶ
743 2458 779 2522 τδ
797 2457 958 2542 Ἀσπαχάν
980 2459 1217 2540 συρρήγνυνται,
1240 2455 1294 2520 καὶ

231 2700 243 2752 1
265 2699 362 2766 ἑτέροις
380 2698 453 2767 pr
552 2698 578 2753 4.
597 2698 615 2752 5
633 2699 650 2768 ἡ
669 2697 699 2753 δέ
716 2699 776 2768 γέφ.
795 2698 867 2768 Ewp
976 2699 994 2753 6
1011 2697 1200 2769 ἀφειστήκεσαν
1220 2697 1292 2766 Ewp

229 2770 247 2824 8
266 2775 333 2839 post
351 2769 453 2838 ε’κτρίχ.
474 2771 603 2839 spatium
622 2771 688 2824 sero
706 2769 735 2824 X
753 2771 921 2824 litterarum
942 2771 971 2823 in
991 2770 1015 2823 B
1096 2770 1122 2824 9.
1143 2769 1176 2822 19
1193 2769 1293 2838 μαχού-

228 2862 276 2910 μετ
290 2840 317 2894 D
389 2841 571 2908 9στράττυμα
583 2839 684 2910 DEwp
759 2842 791 2894 11
810 2843 949 2902 πιστεύσας
962 2840 1010 2896 BC
1081 2841 1115 2894 12
1132 2841 1252 2900 πλείονας
1266 2839 1293 2893 D

231 2913 272 2967 14.
292 2913 327 2966 15
344 2911 412 2965 κατὰ
430 2912 460 2966 δὲ
477 2919 531 2966 τῶν
547 2913 751 2979 περισωθέντων
770 2921 935 2979 στρατιωτῶν
954 2912 1064 2982 ΑΒτυρ,
1093 2919 1146 2966 τῶν
1168 2910 1198 2965 δὲ
1219 2932 1294 2980 στρα-

230 2991 332 3038 τιωτῶν
349 2983 410 3041 τοὺς
427 2984 621 3052 περισωθέντας
639 2983 687 3039 BC
797 2985 830 3038 15
849 2984 943 3044 αὐτοὺς
964 3000 1019 3037 om.
1039 2982 1088 3039 BC
1197 2982 1230 3035 17
1248 2984 1294 3037 καὶ
1353 3035 1357 3040 ,

229 3054 327 3123 ἄλλων]
340 3056 391 3123 βό).
401 3055 457 3108 λων
470 3053 497 3107 D
569 3055 656 3114 αὐτοῖς
670 3071 727 3110 om.
737 3054 839 3124 DEwp
913 3060 982 3124 post
994 3076 1020 3110 τι
1033 3055 1102 3108 add.
1116 3055 1162 3108 καί
1175 3053 1293 3123 RspDi

231 3128 265 3180 18
282 3127 420 3194 λεηλασίας
439 3125 474 3195 p*
547 3126 581 3179 19
599 3134 638 3194 τῷ
655 3127 807 3196 μουχοιίμετ
826 3131 897 3181 ante
914 3127 1038 3194 συρρήγν.
1051 3125 1100 3182 BC
1172 3123 1294 3195 ἅσπαχὰν

230 3197 292 3264 AR,
310 3197 428 3253 ἅσπαίὰν
446 3197 483 3264 D,
501 3196 622 3267 ἀπασχάν
641 3198 721 3268 Eup,
740 3198 862 3268 ἀσπαχᾶν
882 3197 967 3254 Cedr.
987 3199 1004 3252 l.
1024 3215 1049 3253 c.
1069 3213 1096 3268 p.
1116 3197 1176 3266 569,
1197 3196 1231 3251 18

177 3432 251 3487 alios
270 3446 394 3501 quoquo
411 3436 558 3486 uteretur.
594 3431 652 3496 Qui
672 3447 739 3486 curn
754 3432 875 3487 domurn
893 3433 993 3488 redire
1006 3433 1064 3488 nisi
1083 3447 1138 3502 per
1151 3427 1320 3486 Araxidisss

177 3509 299 3573 pontem
329 3504 491 3571 nequirent
521 3505 643 3565 (fluvius
670 3505 696 3558 is
724 3509 778 3570 est,
807 3505 858 3573 qui
882 3505 940 3560 nisi
960 3509 1051 3575 ponto
1074 3504 1212 3575 superari
1232 3519 1293 3557 non

177 3581 276 3646 potest
294 3575 447 3643 utrimque
465 3576 583 3641 turrito,
605 3590 694 3644 quern
715 3576 905 3646 praesidiarii
924 3576 1031 3630 milites
1050 3575 1215 3643 tenebant),
1245 3574 1293 3628 de-

177 3647 281 3700 ficiunt
300 3651 331 3700 et
349 3651 465 3700 montes
486 3654 637 3716 occupant
664 3648 746 3713 (nam
766 3663 834 3701 curn
853 3647 950 3702 tribus
968 3648 1088 3702 milibus
1110 3647 1212 3716 plures
1231 3661 1293 3699 non

177 3723 285 3785 essent,
310 3731 379 3770 curn
397 3717 499 3771 multis
517 3719 637 3772 milibus
656 3719 722 3772 acio
742 3718 906 3772 decernere
925 3735 986 3772 nou
1008 3718 1182 3784 audebunt),
1211 3716 1293 3770 undo

177 3792 391 3858 procurrentes
415 3787 583 3844 Saracenos
608 3789 802 3858 praedantur.
840 3789 1050 3844 Muchumetus
1073 3805 1147 3843 vcro
1174 3788 1213 3842 ad
1236 3784 1320 3840 XX?

177 3861 259 3914 milia
277 3865 385 3914 contra
403 3875 455 3914 eos
473 3862 571 3928 mittit,
591 3861 694 3915 decern
709 3860 837 3914 ducibus
851 3877 868 3915 e
881 3861 943 3914 suis
959 3861 1157 3931 popularibus
1177 3874 1293 3913 summa

177 3932 247 3985 beili
267 3931 390 3999 credita,
413 3945 490 4000 quos
509 3931 600 3986 Turci
619 3938 713 3986 noctu
731 3933 870 4000 aggressi
890 3932 1022 3986 maxima
1042 3947 1080 3986 ex
1099 3936 1184 4000 parte
1203 3927 1319 3984 iacile8

177 4003 381 4070 trucidarun13
406 4002 553 4072 reliquiae
582 4019 649 4057 cum
678 4005 741 4059 suis
770 4003 898 4058 ducibus
921 4002 959 4056 ad
979 4001 1203 4057 Muchumetum
1228 4000 1319 4055 rod-9

177 4076 285 4130 ierunt.
323 4074 351 4127 Is
374 4073 478 4128 decom
502 4074 558 4128 iilis
582 4075 711 4129 ducibus
735 4076 907 4129 excaecatis
932 4079 962 4129 ct
985 4074 1128 4129 militibus
1152 4073 1293 4142 supersti-
1307 4070 1338 4123 10

177 4146 258 4200 tibus
277 4146 464 4200 atrocissima
481 4161 621 4216 quaeque
635 4148 766 4201 minatus
779 4147 886 4210 effecit,
906 4151 940 4200 ut
954 4150 1036 4199 metu
1050 4145 1185 4198 deterriti
1199 4144 1239 4198 ilii
1254 4143 1293 4196 ad

178 4217 294 4272 Turcos
314 4217 531 4285 confugerent3
551 4218 572 4270 ii
590 4233 664 4272 vero
683 4219 743 4271 iarn
764 4218 830 4272 aliis
850 4233 973 4287 quoque
986 4216 1208 4270 confluentibus
1222 4215 1293 4268 mul·
1305 4213 1337 4265 11

177 4289 223 4355 tis,
237 4288 333 4343 servis
347 4292 377 4341 et
390 4289 568 4342 facinorosis
582 4289 761 4355 hominibus,
781 4290 833 4358 qui
846 4288 997 4342 manubiis
1010 4294 1040 4342 et
1053 4287 1167 4356 rapinis
1181 4285 1294 4356 gaude-

178 4359 260 4426 bant,
281 4374 442 4413 numeroso
462 4362 599 4414 exercitu
611 4363 760 4427 consecto,
780 4360 895 4430 proelio
909 4375 976 4413 curn
990 4359 1182 4413 Muchumeto
1199 4371 1295 4428 prope

177 4428 339 4501 Aspachrm
367 4432 534 4500 commisso,
562 4432 671 4487 multos
694 4430 863 4488 Saracenos
892 4431 1067 4487 ceciderunt
1098 4433 1190 4500 atqua
1217 4430 1295 4483 inter
