3050 4775
254 421 308 482 404
531 423 665 484 ZONAR.
687 423 786 484 ΕΡΙΤ.
805 423 873 483 XVI
891 428 916 496 4,
936 425 1033 494 36-5,
1053 425 1095 484 10.

254 607 371 692 μάγων
399 609 572 689 σταλέντος,
605 609 770 680 κάκείνους
792 609 812 672 ά
834 609 967 692 Βάρθας
987 609 1089 674 πείθει
1110 615 1165 694 τῆς
1187 609 1301 674 ἑαυτοῦ
1324 631 1373 692 γε·

211 718 246 774 37
255 711 365 775 νέσθαι
388 712 525 794 γνώμης.
572 711 605 774 ἒν
628 717 705 793 γοῦν
722 719 770 794 τῷ
784 715 848 776 τῶν
863 713 963 794 ἁγίων
978 713 1163 777 ἀποστόλων
1177 721 1247 794 ναῷ
1262 713 1373 795 ἀθροι-

257 814 383 884 σθέντες
411 815 521 896 ἄγουσι
549 813 602 877 καί
628 812 682 877 τὸν
711 815 879 896 ἱερώτατον
897 813 1043 896 Ἰγνάτιον
1069 815 1105 878 ἐκ
1129 821 1184 898 τῆς
1205 815 1375 897 ὑπερορίας

256 915 309 978 καί
332 921 492 980 ποιοῦνται
514 921 624 980 τοῦτον
646 915 709 979 ὑπὸ
732 916 927 998 καθαίρεσιν.
971 917 1026 980 καί
1047 923 1142 981 ταῦτα
1164 917 1223 1000 μὲν
1246 914 1314 981 ὦθέ
1329 941 1374 1000 πῃ

257 1018 448 1101 συμβέβηκε.
1384 1029 1403 1084 6

225 1123 247 1186 5
354 1120 399 1184 Τὸ
423 1117 451 1184 θ’
476 1122 571 1191 ἔθνος
585 1125 649 1184 τῶν
661 1121 740 1191 Ῥῶς
755 1121 922 1186 Σκυθικὸν
944 1124 981 1185 ὃν
1003 1127 1068 1186 τῶν
1089 1121 1160 1206 περί
1181 1122 1236 1186 τὸν
1253 1122 1377 1205 Ταῦρον

257 1223 363 1286 ἐθνῶν
385 1223 487 1304 στόλῳ
509 1223 547 1287 τὰ
569 1229 625 1286 τοῦ
644 1223 794 1296 Εὐξείνου
816 1225 934 1288 πόντου
956 1225 1119 1307 κατέτρεχε
1141 1225 1195 1288 καί
1214 1225 1294 1308 στἰτή
1311 1223 1376 1287 Βυ-

230 1326 372 1399 scantia
401 1326 516 1390 ἐπιέναι
545 1327 709 1409 θιεμελέτσ.
755 1322 820 1389 ἀλλ’
845 1328 906 1389 οὐκ
934 1327 977 1396 εἰς
1004 1328 1097 1409 ἔργον
1123 1327 1210 1410 ἢχθη
1234 1328 1319 1410 σφίσι
1342 1327 1377 1390 τὸ

256 1427 428 1510 βούλευμα,
459 1428 647 1510 κοιλυσάσης
670 1434 760 1490 τοῦτο
783 1435 838 1511 τῆς
860 1429 1011 1509 προνοίας
1033 1435 1088 1512 τῆς
1110 1430 1247 1510 ἀνωθεν,
1279 1432 1299 1512 ή
1323 1427 1376 1492 καί

257 1531 393 1600 ἄκοντας
420 1530 533 1600 αὖτοὺς
560 1531 752 1611 ἀπράκτους,
784 1531 904 1612 μᾶλλον
927 1531 962 1594 δὲ
984 1531 1037 1594 καί
1059 1531 1149 1594 θείου
1171 1533 1377 1613 πειραθέντας
1389 1541 1422 1593 10

224 1633 440 1714 Βμηνίματος,
465 1633 611 1696 ἀπελθεῖν
633 1633 848 1715 ᾠκονόμήσεν.

231 1746 249 1799 3
343 1735 435 1797 Ἀλλὰ
462 1735 515 1798 καί
543 1735 573 1797 οἱ
596 1735 631 1798 ίκ
654 1733 784 1818 Κρήτης
802 1734 968 1817 Ἀγαριγνοί
990 1734 1045 1806 τὰς
1067 1737 1240 1807 Κυκλάδας
1261 1737 1378 1820 νήσους

232 1837 312 1902 4καί
336 1836 372 1900 τὰ
394 1838 530 1919 παράλια
555 1836 720 1919 ἐληίζοντο.
766 1836 820 1900 καί
841 1837 948 1900 κλόνοι
972 1838 1006 1900 ἀὲ
1028 1838 1237 1921 σφοθρότατοι
1251 1846 1307 1922 τῆς
1321 1846 1378 1922 γής

260 1941 505 2022 συμβεβήκασιν,
533 1937 581 2002 ὧν
604 1939 622 2001 ὁ
645 1939 900 2021 φρικωθέστατος
922 1939 1001 2002 κατὰ
1024 1939 1080 2022 τήν
1102 1942 1225 2023 ἡμέραν
1246 1949 1302 2025 τῆς
1322 1948 1378 2005 τοῦ

232 2049 405 2126 ὃσωτήρος
420 2044 514 2124 ήμῶν
529 2043 584 2124 τήν
601 2049 658 2126 γῆν
673 2043 845 2106 συνίσεισεν
861 2041 1058 2124 ἀναλήψεως.
1103 2043 1268 2106 τούτωνδ’
1285 2044 1379 2108 οὐδὲν
1389 2051 1424 2106 15

260 2151 325 2209 τῶν
357 2145 539 2228 ίιτπιγλάτων
572 2145 708 2226 ἀγώνων
740 2145 882 2226 ἀπήγαγε
910 2143 964 2207 τὸν
990 2144 1119 2228 Μιχαὴλ
1147 2146 1201 2208 καί
1226 2152 1282 2229 τής
1308 2146 1416 2229 περίῑ)
1430 2163 1514 2218 lvlss

260 2248 389 2318 τούτους
412 2247 563 2330 σπουθής,
588 2248 621 2310 ἐν
643 2253 680 2329 τῇ
701 2245 782 2310 κατὰ
796 2246 832 2309 τὸ
847 2245 965 2310 Στενὸν
979 2249 1149 2330 τοποθεσίᾳ
1164 2254 1202 2332 τῇ
1217 2254 1272 2312 τοῦ
1288 2249 1378 2331 ἁγίου

103 2349 434 2433 ΝΙΙΙΙΒΙΜάμαντος
461 2349 642 2434 καλουμένῃ
672 2351 770 2413 αὐτοῦ
798 2349 918 2414 ἐκείνου
946 2350 1196 2433 αὐτουργοῦνιος
1223 2349 1259 2415 τά
1283 2352 1377 2436 ίιτιτιγ-

258 2546 276 2599 6
293 2544 353 2613 περί
371 2550 424 2597 τῶν
440 2546 508 2604 Ῥῶς
527 2544 591 2613 (ῥώς
605 2542 638 2609 C)
659 2540 706 2599 ΟΕ
779 2543 814 2598 12
831 2544 891 2611 περί
909 2551 963 2597 τῶν
975 2543 1006 2598 ἔκ
1020 2545 1127 2615 Κρήτης
1146 2544 1184 2608 (ἓν
1197 2552 1228 2614 τή
1239 2545 1325 2615 κρήτη
1342 2545 1378 2609 Ε)

255 2616 405 2686 Ἀγαρηνῶυ
424 2614 471 2670 ΟΕ

312 2796 327 2849 l
345 2796 425 2849 πείτει
446 2794 577 2865 (punctis
591 2799 739 2859 notatum)
756 2794 792 2862 D,
813 2809 888 2849 corr.
899 2794 951 2852 Du
1024 2796 1187 2849 καθικέσθαι
1201 2795 1237 2861 D,
1255 2796 1375 2865 γενέσθαι

311 2882 389 2921 corr.
408 2865 459 2924 Dw
567 2866 584 2919 3
603 2868 700 2934 innuas
719 2868 851 2935 (punctis
870 2866 1020 2932 notatum)
1039 2866 1076 2934 D,
1094 2867 1202 2935 ἄγουσιν
1220 2865 1322 2925 DwBC

346 2939 377 2991 ἐκ
401 2959 421 2991 τ.
441 2939 582 3005 ὑπερορίας
602 2939 647 2991 καί
670 2958 691 2991 τ.
716 2940 791 2991 θεῖον
819 2938 969 3004 (ἱερώτατον
988 2938 1050 3002 Dw)
1078 2938 1191 3005 ίγνάτιον
1219 2941 1278 3007 (ίγν.
1298 2938 1376 3005 Ο)Ο

311 3010 405 3069 ’λιτῶς
416 3009 488 3079 Ewp
552 3007 778 3078 (tinieEwpDi,
796 3008 890 3076 ῥῶνλ)
953 3008 998 3062 τάν
1011 3012 1079 3071 (om.
1091 3009 1129 3074 D)
1142 3016 1238 3078 ταῦρον
1249 3010 1376 3080 prDi,

313 3088 366 3135 τῶν
386 3082 490 3149 ταύρων
508 3078 533 3133 Α
633 3081 737 3149 ’λῃοεί
755 3080 822 3148 αὐτῇ
841 3080 910 3133 add.
928 3090 960 3149 τῇ
979 3077 1074 3135 CDDt'
1174 3082 1209 3134 10
1225 3081 1377 3150 ἀπράκτους

313 3152 406 3208 om.C
478 3153 524 3205 καὶ
539 3150 636 3206 om.D
711 3151 744 3203 13
757 3159 802 3220 τῆς
814 3159 862 3220 γῆς
874 3149 1091 3220 σφοάράτατοιΙ)
1166 3152 1376 3222 14.15τήνγήν

312 3225 444 3279 συνέσεισε
463 3230 531 3294 post
551 3224 766 3291 qucnotee'uturoc
785 3222 859 3292 pr
950 3223 983 3277 16
1001 3222 1119 3291 ἀπήγαγε
1137 3244 1159 3277 τ.
1176 3223 1276 3294 μιγαήλ
1295 3246 1316 3278 ι.
1335 3228 1377 3277 ἱπ-

311 3298 436 3364 πιγλάτων
455 3296 648 3363 (ίιτπιγλατικῶν
667 3293 706 3361 D)
724 3294 838 3363 ἀγώνων
856 3294 881 3348 Ο
932 3302 934 3306 ’
955 3295 989 3348 18
1006 3293 1210 3364 αιἰτουργοῦντες
1229 3295 1251 3351 C

212 3494 247 3550 37
257 3509 342 3548 suurn
363 3494 542 3548 sententiam
559 3492 748 3547 accederent.
786 3492 883 3563 Igitur
902 3494 931 3546 in
952 3492 1058 3546 aedem
1072 3497 1245 3547 sanctorum
1260 3498 1377 3564 aposto·

258 3568 355 3620 torum
375 3567 553 3635 congregati
574 3562 602 3619 S.
622 3563 742 3633 ignatio
760 3565 799 3616 ab
822 3564 914 3617 exitio
939 3564 1064 3618 reducto
1089 3564 1267 3631 dignit-utem
1291 3564 1378 3619 ebro·

257 3644 340 3707 gant.
378 3636 478 3705 Atque
499 3636 573 3690 naec
592 3636 630 3689 nd
652 3636 731 3689 hunc
750 3636 815 3689 iere
834 3636 956 3690 modum
976 3642 1044 3689 netu
1063 3643 1142 3691 sunt.

346 3708 370 3762 5.
410 3707 498 3762 Russi
513 3712 623 3775 eutem,
637 3722 713 3775 gens
726 3705 867 3775 Scythica
880 3706 973 3761 Tauri
988 3706 1101 3772 aceolo,
1116 3707 1211 3761 classe
1225 3708 1376 3762 Euxinum

257 3786 383 3849 pontum
412 3795 430 3832 a
454 3781 551 3847 gressi
580 3781 611 3831 in
640 3780 736 3847 ipsum
760 3776 940 3846 Byzantium
968 3793 1077 3846 ugrum
1101 3781 1245 3847 impetum
1275 3780 1376 3833 faeere

230 3852 402 3922 tcogitaut.
466 3864 544 3919 eque
569 3864 642 3904 vero
666 3848 823 3903 eonsilium
845 3850 881 3902 iis
903 3850 1054 3918 successit,
1084 3850 1188 3903 divine
1216 3851 1378 3919 prudentie

257 3922 441 3993 impeditum,
462 3936 541 3990 quae
561 3921 669 3987 effecit,
688 3926 722 3974 nt
735 3920 820 3974 inviti
835 3922 882 3974 vei
902 3922 1002 3990 potins
1022 3922 1095 3975 irum
1116 3922 1247 3976 numinis
1261 3924 1377 3991 experti

257 3995 348 4049 rebus
368 3994 487 4047 infectis
506 3992 662 4047 discedere
680 3998 872 4062 cogerentur.

230 4068 247 4121 3
346 4064 405 4119 Sed
425 4070 455 4119 et
475 4063 610 4133 Agureui
639 4062 798 4119 Cretenses
817 4062 966 4133 Cycladas
994 4064 1107 4118 insulas
1134 4069 1165 4118 et
1188 4080 1271 4119 orum
1291 4067 1378 4119 rneri-

229 4138 359 4191 4timem
388 4136 624 4206 praedabuntur.
661 4134 757 4189 Terre
785 4150 908 4205 quoque
937 4136 1197 4191 vehementissime
1221 4152 1378 4205 concussu,

256 4210 281 4263 is
301 4214 400 4262 motus
419 4214 519 4261 terroe
542 4208 598 4259 init
611 4208 742 4259 maxime
755 4208 933 4274 horrendus,
953 4208 1004 4276 qui
1024 4208 1054 4261 iu
1073 4208 1151 4261 diem
1165 4209 1378 4277 assumptionis

230 4280 421 4335 bservutoris
437 4279 531 4333 nostri
550 4278 662 4333 incidit.
699 4278 806 4347 Neque
820 4293 892 4332 vero
907 4280 1013 4332 trorum
1027 4280 1189 4349 quicquum
1202 4278 1378 4333 Miehseiem

257 4352 296 4405 ab
309 4350 500 4420 equestribus
514 4350 728 4404 certaminibus
741 4364 908 4418 eorumque
921 4350 1021 4405 studio
1035 4350 1173 4415 obduxit,
1192 4365 1272 4420 quae
1284 4356 1379 4405 certa·

257 4424 338 4479 mine
351 4424 415 4495 ipse
428 4424 458 4478 iu
469 4420 552 4479 Steni
566 4423 701 4493 regione,
714 4436 794 4493 quae
805 4420 833 4477 S.
843 4421 1002 4476 Msmuutis
1015 4422 1192 4494 appelletur,
1206 4424 1378 4479 exercebat
