3050 4775
358 484 595 543 FRANOORVM
615 486 837 543 EXPEDITIO.
873 485 1072 544 BOGOMILI.
1221 487 1274 544 743

155 666 330 750 χρημάτων
351 675 398 751 τῷ
425 668 551 752 βασιλεῖ,
584 670 615 731 οί
638 665 666 731 δ’
690 670 734 739 είς
755 667 791 733 τὸ
813 668 926 753 πρόσω
949 669 1174 753 προύχώρουν.
1220 670 1274 733 καί
1284 674 1319 727 18

156 771 187 833 οἱ
216 770 276 852 μὲν
306 769 363 853 τὴν
392 769 475 855 πρδς
505 778 552 854 τῷ
578 770 713 855 Ὀρόντη
742 772 824 836 είλον
855 770 912 837 σὺν
943 772 1063 856 μόχθῳ
1095 772 1149 837 καί
1180 771 1274 855 φόνῳ

155 873 265 955 πολλῷ
287 873 482 957 Ἀντιόχειαν,
515 875 546 939 οί
572 875 607 939 δὲ
637 882 693 959 τῆς
717 874 948 958 Ἱεροσολύμων
977 875 1125 959 μεγάλοις
1156 875 1274 958 ἀγῶσιν

156 975 332 1058 ἐκράτησαν
353 976 485 1048 πόλεως.

128 1082 146 1137 5
240 1075 320 1143 Ἀλλ’
345 1081 429 1144 οὕτω
455 1079 515 1163 μὲν
536 1080 574 1144 τὰ
596 1086 652 1145 τοῦ
675 1081 791 1152 ἔδνους
814 1082 907 1164 ἔσχον
928 1084 993 1145 τῶν
1020 1082 1179 1165 Φράγγων
1201 1104 1273 1147 συν-
1284 1086 1319 1141 19

154 1184 356 1268 τετμημένως
377 1185 486 1248 εἰπεῖν·
516 1185 631 1267 αἵρεσις
654 1184 691 1248 δέ
711 1208 756 1255 τις
784 1184 863 1247 κατὰ
889 1182 963 1255 τοὺς
987 1184 1123 1268 χρόνους
1146 1185 1275 1257 τούτους

155 1287 338 1370 ἀναπέφηνε
358 1286 487 1370 μυσαρὰ
510 1288 530 1371 ἡ
553 1292 618 1351 τῶν
642 1286 840 1369 Βογομίλων.
885 1293 941 1370 τῆς
964 1287 999 1352 δὲ
1022 1288 1165 1372 τοιαύτης
1189 1290 1320 1372 αἶρέ-20

156 1411 238 1461 σεως
260 1393 363 1473 κῆρυξ
384 1388 425 1473 ἦν
447 1389 501 1452 καὶ
521 1390 622 1472 μέγας
645 1388 834 1460 διδάσκαλος
856 1389 909 1453 καί
927 1390 1104 1473 προβολεδς
1117 1397 1183 1455 τῶν
1197 1387 1273 1475 παρ’

157 1494 263 1564 αὐτοῖς
284 1492 471 1557 ἀποστόλων
493 1491 657 1563 Βασίλειός
678 1516 722 1563 τις
743 1492 912 1575 λεγόμενος
935 1494 1049 1577 ἰατρός,
1082 1501 1189 1579 σχῆμα
1215 1493 1312 1577 μὲνΙ)

113 1596 369 1679 1οπερικείμενος
391 1601 545 1679 μοναχοῦ,
567 1592 664 1660 αὐτόν
687 1592 716 1658 δ’
733 1596 852 1668 ἐκεῖνον
874 1596 1082 1680 ἐνδεδυμένος
1104 1597 1158 1662 τδν
1180 1620 1274 1661 σατα-

156 1704 221 1762 νᾶν.
267 1700 304 1769 ὃς
318 1700 352 1763 ἐν
367 1700 444 1763 ἔτεσι
462 1698 521 1782 μὲν
542 1697 763 1763 πεντεκαίδεκα
786 1698 823 1763 τὰ
846 1706 902 1783 τῆς
922 1698 1043 1784 πλάνης
1064 1700 1185 1783 μαθὼν
1207 1700 1318 1765 did-21

157 1803 236 1882 δρια
258 1801 409 1884 δόγματα,
432 1802 466 1865 ἕν
489 1800 523 1865 δὲ
547 1800 618 1865 δυσὶ
639 1802 693 1865 καὶ
707 1802 900 1885 πεντήκοντα
917 1802 1046 1877 διδάξας
1061 1804 1149 1879 αὐτά,
1172 1808 1277 1867 πᾶσαν

156 1903 271 1988 σχεδὸν
292 1904 348 1987 τὴν
371 1906 561 1987 οἰκουμένην
582 1911 638 1988 τῆς
660 1905 776 1975 οἰκείας
798 1904 900 1988 λύμης
923 1906 1095 1989 ἐνέπλησεν.
1141 1905 1204 1971 εἶτα
1223 1906 1321 1971 uam

157 2014 194 2091 τῇ
216 2012 281 2071 τῶν
302 2006 428 2073 πόλεων
447 2008 579 2092 βασιλίδι
598 2008 819 2091 ἐπεχωρίασεν,
844 2008 909 2071 ἀλλ’
927 2008 1010 2072 ἑάλω
1027 2005 1075 2073 ἐπ’
1092 2010 1277 2093 αὐτοφώρῳ

114 2110 176 2174 156
204 2116 259 2194 τῆς
286 2111 437 2194 ἀληθείας
464 2110 592 2195 ἐχθρός.
639 2110 733 2193 γνοὺς
764 2110 825 2193 γάρ
853 2110 909 2193 τὴν
938 2111 1058 2175 ἐκείνου
1086 2112 1230 2195 ἀσέβειαν
1258 2112 1322 2175 623

156 2219 285 2297 κρατῶν
305 2213 463 2297 όπεκρίδη
487 2214 586 2278 πίστιν
609 2215 689 2297 ἔχειν
711 2215 755 2283 εἰς
778 2213 897 2278 ἐκεῖνον
919 2213 974 2278 τόν
988 2215 1208 2298 κακοδαίμονα
1223 2214 1278 2278 καὶ

159 2315 348 2380 διδάσκαλον
376 2316 478 2380 ἐκάλει
504 2316 559 2379 καί
586 2323 714 2401 σωτῆρα
741 2316 961 2400 πλανωμένων
987 2322 1112 2401 ψυχῶν.
1158 2318 1278 2389 τούτοις
1286 2322 1322 2377 24

1 2430 13 2471 ⁸
39 2423 82 2479 IV
96 2418 216 2484 ἳ44οὗν
238 2419 292 2483 καί
313 2421 449 2484 πλείοσιν
471 2420 575 2491 ἄλλοις
597 2419 687 2502 μόλις
709 2420 769 2503 μὲν
790 2419 844 2484 καί
873 2419 930 2484 σὺν
958 2420 1076 2504 χρόνῳ,
1110 2423 1215 2504 ἴσχυσε
1243 2420 1279 2485 δέ

157 2545 233 2587 ποτε
264 2528 366 2587 πεῖσαι
393 2522 448 2587 τὸν
476 2523 622 2606 δλέδρων
650 2523 769 2586 ἐκεῖνον
792 2523 934 2606 ἐξεμέσαι
955 2521 1010 2587 τὸν
1032 2523 1081 2588 ἰδν
1102 2529 1157 2608 τῆς
1178 2546 1277 2608 πονη-

158 2734 254 2872 ῗὲπὸρί
271 2736 564 2875 τῆέ)τοέἓ8ωομᾶων
581 2736 709 2805 αἱρέσεως
732 2735 778 2790 καί
801 2737 874 2796 ὅπως
892 2736 1020 2806 διαίτης
1039 2739 1126 2808 κῆρυξ
1144 2736 1279 2806 διιφδάρη

184 2828 205 2877 φ
226 2828 279 2877 ⁰0²]

214 3005 230 3059 1
249 3003 287 3072 τό]
305 3003 337 3058 τὰ
355 3003 408 3058 BD
509 3005 640 3073 Medus]
659 3003 809 3076 R(wpDz)‚
828 3005 931 3075 δρρόντι
949 3003 985 3074 Α,
1004 3005 1115 3074 δρρόντη
1135 3003 1172 3072 Ι),
1192 3021 1220 3060 V.
1240 3005 1280 3060 ad

213 3074 287 3130 XIII
305 3076 331 3143 8,
349 3076 385 3131 26
467 3077 492 3130 2.
511 3078 529 3130 3
546 3076 636 3130 πολλῶ
655 3082 726 3131 ante
744 3077 790 3130 καὶ
808 3076 836 3129 D
909 3077 926 3132 9
945 3078 1083 3137 Βασίλειός
1101 3075 1148 3146 τις]
1167 3077 1281 3146 βασιλει-

213 3150 275 3215 ότης
293 3147 318 3200 Ε
390 3149 551 3217 ίατρός(81(3)
562 3147 589 3200 Α
662 3148 693 3201 11
713 3148 742 3201 ἕν
761 3149 852 3202 οΠι.Β
927 3149 960 3202 12
979 3156 1058 3204 ταῦτα
1075 3148 1099 3204 Ο
1172 3149 1207 3202 14
1224 3149 1281 3202 ἕπε·

213 3221 343 3288 χωρίασιν
361 3219 396 3288 ρ*
455 3219 489 3275 18
506 3219 552 3272 κατ’
570 3217 619 3272 σὺν
637 3217 764 3288 prDt'‚
783 3219 832 3273 οὖν
850 3217 877 3273 Α
935 3221 968 3275 19
986 3219 1030 3273 τόν
1043 3219 1171 3274 alterum
1185 3235 1241 3274 om.
1253 3220 1280 3272 D

216 3291 258 3345 19.
277 3307 306 3361 p.
325 3289 414 3352 7441
437 3288 489 3361 [τῆς
506 3291 609 3350 πόλεως
627 3292 759 3361 (punctis
779 3291 884 3358 notat.)
903 3291 949 3345 κατ’
966 3291 1021 3345 ἐπεὶ
1040 3289 1065 3345 δ’
1084 3291 1118 3361 ἦν
1137 3290 1164 3344 D

160 3501 286 3568 gnatam
316 3511 430 3566 magna
460 3497 592 3567 pecunia
623 3497 691 3566 regi
720 3496 929 3551 reddiderunt.
977 3495 1097 3551 Deinde
1125 3495 1281 3567 progressi
1292 3491 1333 3547 17.
1345 3489 1379 3546 18

159 3570 287 3624 ulterius
307 3567 358 3623 alii
376 3565 567 3623 Antiochiam
587 3568 627 3622 ad
640 3567 786 3623 Orontem
806 3569 894 3622 sitam
914 3582 982 3623 eum
1001 3567 1107 3623 labore
1125 3567 1282 3636 multaque

160 3640 311 3710 sanguine
332 3645 487 3709 ceperunt,
515 3641 564 3694 alii
588 3639 865 3708 Hierosolymitana
889 3639 966 3693 urbe
989 3653 1050 3694 non
1073 3641 1139 3694 sine
1161 3638 1282 3709 magnis

160 3709 377 3767 certaminibus
395 3713 481 3781 petiti
501 3716 580 3766 aunt.

249 3779 349 3851 Atque
368 3783 444 3837 haec
463 3783 584 3851 quidem
604 3798 623 3836 a
636 3782 761 3836 Francis
780 3785 868 3850 gesta
887 3780 1021 3836 breviter
1040 3781 1088 3835 hie
1107 3778 1326 3851 perstrinxi-19

160 3870 236 3909 mua.
272 3854 327 3908 His
346 3859 448 3908 autem
468 3855 655 3923 temporibus
673 3860 757 3908 secta
777 3854 895 3907 nefaria
911 3851 1139 3922 Bogemilorum
1158 3853 1281 3919 exstitit,

161 3927 248 3980 cuius
267 3941 379 3995 praece
399 3925 566 3994 doctorque
585 3926 747 3995 primarius
763 3929 794 3979 et
807 3924 1012 3994 apostolorum
1027 3923 1209 3993 praesidium
1224 3920 1327 3977 mitio

161 3997 285 4067 quidam
303 3996 433 4051 Basilius
451 3996 596 4062 medicus,
625 3997 730 4050 habitu
754 3996 876 4066 quidem
900 3995 1073 4064 monachus,
1103 3995 1156 4050 sed
1179 3995 1281 4065 potius

161 4070 169 4122 i
193 4084 227 4122 eo
246 4071 355 4122 satana
373 4069 506 4122 indutus.
544 4068 601 4132 Qui
620 4083 688 4122 cum
707 4069 794 4122 annis
811 4066 866 4122 XV
883 4067 995 4121 erroris
1012 4065 1091 4121 illius
1110 4063 1325 4137 perniciosam

182 4147 307 4208 ogmata
321 4139 484 4205 didicisset,
502 4155 557 4208 per
569 4138 624 4192 Lll
641 4140 801 4206 docuisset,
821 4143 917 4193 totum
931 4139 995 4192 fere
1009 4137 1112 4192 orbem
1126 4151 1182 4192 aua
1195 4142 1281 4207 peste

160 4209 305 4281 implevit.
342 4210 478 4265 Tandem
502 4211 592 4265 etiam
615 4212 723 4265 urbem
747 4211 865 4280 regiam
889 4210 1045 4278 ingressus
1068 4211 1099 4262 in
1118 4207 1327 4263 manifestem

160 4283 275 4337 scelere
299 4287 345 4336 eat
368 4282 505 4336 veritatis
524 4283 663 4337 inimicus
682 4282 898 4351 deprehensus.
935 4279 1011 4335 Nam
1031 4281 1195 4349 imperator
1215 4279 1281 4334 eiua
1291 4279 1326 4332 23

160 4355 315 4424 impietate
343 4354 468 4423 cognite
491 4353 644 4408 simulavit
667 4369 700 4408 se
722 4354 812 4408 fidem
837 4353 950 4407 habere
974 4351 1087 4406 homini
1113 4350 1225 4405 infelici
1251 4355 1281 4405 et

160 4425 341 4495 magistrum
366 4425 542 4551 apsseliabat
565 4440 601 4479 ae
620 4430 807 4480 servatorem
826 4425 995 4478 animarum
1015 4422 1188 4477 errantium.
1226 4421 1280 4476 His
1291 4421 1327 4476 24

162 4497 255 4552 rebus
278 4501 309 4552 et
331 4497 408 4567 pluri
432 4511 469 4551 us
493 4496 559 4552 aliis
578 4511 673 4567 aegre
692 4496 812 4566 quidem
834 4499 863 4550 et
881 4495 969 4550 tarde
987 4493 1041 4549 sed
1061 4499 1162 4550 tamen
1182 4493 1282 4548 effecit
