3050 4775
265 380 318 436 202
532 378 667 437 touls.
687 374 786 437 ΕΡΙΤ.
806 382 874 438 xtt'
896 381 936 451 14,
955 383 1069 451 38-Ιὺ,
1092 382 1114 438 1.

266 564 295 625 οἱ
318 570 372 646 τῆς
395 564 569 646 συγκλήτου
593 566 647 628 καὶ
670 565 764 634 αὐτὸς
784 564 962 647 όΠρίσκος
985 567 1003 629 ὑ
1026 566 1235 649 στρατηλάτης
1258 567 1383 649 διεπέμ-

232 670 360 729 Βποντο
383 666 464 747 πρὸς
487 666 592 749 αὑτόν,
618 668 760 749 ὁεόμενοι
776 668 990 752 ἀπαλλαγῆναι
1004 676 1059 752 τῆς
1073 671 1255 751 τυραννίόσς
1270 670 1383 733 Φωκᾶ.

220 768 304 850 39ἦν
327 770 362 831 ὑὲ
385 778 431 851 τῷ
454 770 610 852 εἰρημένῳ
633 778 797 853 στρατηγῷ
809 770 989 854 Ἡρακλείῳ
1009 773 1244 855 ὑποστράτηγος
1261 772 1292 835 Γ
1287 796 1383 855 ρηγο-

220 875 256 929 40
264 877 323 952 ρᾶς
338 896 381 942 τις
396 878 460 935 τῶν
478 873 649 955 ἐπισήμων.
696 871 781 936 οὗτοι
804 881 881 955 γοῦν
903 876 1005 956 ἄμφω
1028 874 1277 957 συμπνεόσαντες
1299 875 1383 939 στέλ-

264 974 350 1037 λουσι
374 974 452 1037 κατὰ
476 982 531 1037 τοῦ
555 976 708 1057 τυράννου
731 976 803 1043 τοὺς
825 977 923 1047 ίόίους
946 978 1043 1056 υἱούς,
1077 980 1096 1041 ὁ
1121 978 1180 1059 μέν
1198 976 1411 1061 Ἡράκλειοςὸ

264 1075 318 1139 τὸν
336 1076 522 1159 Ἡράκλειον
543 1077 671 1148 πολλοῖς
693 1079 783 1142 ναυσὶ
805 1080 859 1142 καί
883 1079 1008 1163 πλῆθος
1034 1086 1232 1163 στρατιωτῶν
1257 1080 1383 1155 πλοϊζό-

264 1202 370 1261 μενον,
403 1180 422 1245 ὁ
452 1180 485 1244 θὲ
513 1181 674 1262 πατρίκιος
697 1180 719 1243 Ι
722 1180 866 1264 ’ρηγορᾶς
892 1180 947 1245 τὸν
973 1182 1116 1266 Νικήταν
1146 1186 1383 1265 πεζοποραὺντα

265 1281 322 1346 σὺν
344 1283 486 1353 ἱππόταις
508 1284 634 1353 πολλοῖς
656 1285 709 1348 καὶ
731 1287 812 1368 πεζῇ
834 1294 968 1368 στρατιᾷ,
992 1286 1042 1349 ἐπί
1064 1287 1238 1369 συνθήκαις
1259 1293 1315 1350 τοῦ
1330 1286 1384 1350 τόν

265 1386 544 1468 προκαταλαβόντα
572 1386 628 1469 τὴν
651 1388 877 1471 ὑπερκειμένην
898 1394 963 1452 τῶν
984 1388 1109 1452 πόλεων
1131 1389 1185 1452 καί
1207 1388 1382 1453 καθελόντα

221 1488 319 1551 41τόν
345 1488 498 1571 τύραννον
529 1496 583 1572 τῆς
614 1490 771 1573 βασιλείας
802 1490 1049 1573 ἀξιωθήσεσθαι.
1094 1497 1189 1554 ταῦτα
1217 1490 1338 1574 μαθὼν
1364 1492 1429 1553 610

270 1590 389 1661 Φωκᾶς
407 1590 464 1674 τὴν
478 1598 533 1655 τοῦ
550 1591 738 1675 Ἡρακλείου
760 1594 881 1676 μητέρα
904 1593 958 1656 καί
979 1592 1036 1675 τὴν
1057 1594 1197 1676 μνηστὴν
1211 1593 1383 1675 Εὑόοκίαν,

266 1696 305 1775 ἣν
328 1694 362 1766 ἐξ
379 1693 532 1777 Ἂῳρικῆς
554 1695 791 1779 ἐμνηστεύσατο,
818 1696 976 1777 θυγατέρα
1000 1694 1099 1759 οὖσαν
1120 1702 1176 1759 τοῦ
1198 1703 1253 1780 τῆς
1274 1698 1385 1779 χώρας

180 1799 203 1855 C
221 1800 256 1853 42
266 1796 384 1879 ἐκείνης
399 1798 625 1879 πρωτεύοντος,
649 1799 818 1881 κατασχὼν
836 1797 1029 1861 κατέκλεισεν
1044 1799 1077 1862 έν
1090 1806 1183 1881 μονῇ.
1228 1800 1383 1881 προκατέ-

265 1899 342 1982 λαβε
364 1899 466 1963 τοίνυν
482 1898 666 1983 Ἡράκλειος
681 1901 734 1964 καὶ
755 1902 961 1983 προσώρμισε
982 1908 1030 1983 τῷ
1051 1901 1149 1983 λιμένι
1169 1906 1235 1965 τῶν
1249 1900 1384 1983 Σοφιῶν

221 2006 256 2059 43
266 2001 320 2063 καί
334 2001 439 2084 μάχης
454 2004 719 2086 συγκροτηθείσης
734 2005 885 2085 ὑπερέσχε
900 2008 965 2066 τῶν
981 2009 1036 2067 τοῦ
1052 2002 1162 2067 dona.
1208 2005 1384 2086 συνήργητο
1395 2010 1428 2063 15

268 2104 326 2185 γάρ
355 2105 408 2168 καὶ
439 2105 499 2168 ὑπὸ
527 2112 582 2168 τοῦ
610 2104 754 2184 Κρίσπου
783 2107 839 2187 τὴν
870 2112 925 2167 τοῦ
958 2106 1098 2189 ἐπάρχου
1130 2105 1197 2169 τότε
1227 2105 1385 2188 μετιόντος

222 2210 257 2263 14
267 2207 378 2289 ἀρχήν.
429 2206 552 2277 (Ιὶώτιος
575 2208 610 2271 δὲ
632 2214 696 2271 τῶν
724 2210 886 2290 carpamus
915 2208 1078 2291 ὑπάρχων,
1112 2205 1151 2271 οὑ
1174 2208 1230 2290 τὴν
1253 2214 1384 2290 γυναῖκα

268 2309 285 2369 ὑ
309 2310 459 2390 τύραννος
481 2312 535 2393 βίᾳ
559 2310 729 2393 ἐμοίχευσε,
759 2310 817 2374 σὺν
838 2311 952 2393 πλήθει
975 2314 1173 2392 στρατιωτῶν
1195 2309 1385 2394 καταλαβὼν

265 2411 302 2474 τά
326 2412 463 2495 βασίλεια
486 2415 659 2478 κατέσπασε
681 2419 736 2476 τοῦ
759 2413 882 2494 θρόνου
904 2411 958 2476 τόν
980 2413 1133 2494 τύραννον
1163 2411 1206 2494 (ol
1232 2412 1292 2496 γὰρ
1314 2413 1385 2494 περὶ

223 2514 362 2578 lustror
385 2516 572 2598 ἀπογνόντες
592 2521 656 2579 τῶν
678 2515 844 2599 βασιλείων
866 2513 1129 2599 ὑπανεχώρησαν)
1154 2516 1207 2578 καὶ
1222 2515 1432 2586 ἀποθύσαςῖῡ

269 2739 303 2794 13
320 2741 383 2812 ἧττα
402 2748 447 2796 τοῦ
470 2743 554 2796 Φωκᾶ
573 2739 620 2796 OE

321 2953 338 3004 6
356 2953 536 3020 πλωιζόμενον
555 2950 656 3021 Dllwp
738 2953 755 3006 8
775 2951 851 3020 πεζῇ]
870 2952 954 3020 πολλῇ
973 2950 1008 3018 D,
1028 2968 1140 3022 magno
1160 2953 1311 3007 exercitu:
1335 2954 1385 3006 Wo

322 3024 371 3078 lat
444 3032 534 3076 τοῦτον
547 3023 583 3090 Ι),
596 3031 641 3078 τοῦ
654 3023 698 3076 τόν
711 3039 787 3077 corr.
798 3023 849 3081 Dw
924 3023 958 3076 12
970 3031 1015 3077 τοῦ
1028 3023 1155 3094 prDt',
1169 3039 1226 3078 om.
1240 3023 1275 3090 A,
1289 3024 1384 3094 suppl.

322 3093 362 3154 Ar
432 3095 472 3148 13.
485 3095 517 3148 14
535 3095 730 3166 προκατέλαβεν
748 3095 796 3148 οὑν
811 3094 837 3147 Ι)
912 3095 944 3148 16
962 3095 1077 3162 πρίσκου
1091 3094 1176 3164 pr,
1195 3097 1311 3163 κρίσπου
1325 3094 1385 3161 AB,

322 3183 350 3220 v.
365 3183 482 3237 argum.
496 3166 534 3221 ed
549 3164 616 3220 XIV
631 3165 673 3233 14,
686 3167 721 3220 33
735 3170 766 3220 ct
779 3167 847 3221 Duo
862 3167 930 3220 fam.
945 3164 1015 3236 Βγτ.
1029 3183 1058 3236 p.
1071 3167 1107 3221 93
1180 3167 1214 3222 tt
1226 3165 1386 3235 ίπάρχωνΟ

270 3386 395 3451 petrem,
425 3382 476 3450 qui
496 3381 622 3449 imperio
643 3381 756 3451 potitus
780 3387 834 3446 est,
862 3379 986 3436 Africae
1005 3386 1035 3434 et
1053 3379 1171 3450 Libyae
1191 3383 1387 3451 praefectum,

224 3449 259 3503 39
270 3457 399 3519 orantes,
428 3455 462 3505 ut
486 3467 518 3506 sc
546 3451 708 3520 tyrannide
726 3452 847 3506 Phocse
867 3453 1017 3506 liberaret.
1055 3453 1128 3505 Erat
1146 3452 1287 3508 Heraclio
1307 3453 1388 3524 lega·

224 3519 260 3574 40
270 3529 318 3578 tus
336 3521 499 3593 Gregorss,
529 3523 575 3577 vir
599 3524 729 3578 illustris.
768 3523 824 3587 Qut
845 3523 906 3577 duo
926 3524 1002 3577 inita
1024 3525 1248 3592 conspiratione
1267 3525 1389 3578 mittunt

270 3599 377 3648 contra
404 3600 568 3663 tyrannum
596 3611 667 3651 suos
696 3594 781 3660 lilios,
809 3594 969 3648 Heraclius
993 3595 1167 3649 Heraclium
1191 3597 1388 3665 navigantem

269 3681 338 3720 cum
358 3666 453 3720 classe
472 3671 503 3720 et
521 3667 640 3736 magnis
654 3667 756 3736 copiis,
778 3665 933 3735 Gregoras
952 3666 1245 3736 patriciusNicetam
1257 3667 1389 3736 pedestri

269 3739 376 3791 itincre
396 3752 464 3791 curn
483 3737 584 3792 multis
604 3739 757 3808 equitibus
776 3743 807 3790 et
827 3737 971 3806 peditatu,
991 3753 1027 3792 ea
1048 3737 1235 3804 condicione,
1254 3746 1297 3804 ut,
1320 3743 1389 3793 uter

270 3810 351 3878 prior
370 3808 558 3878 metropolim
579 3814 757 3879 occupasset
777 3814 1001 3878 tyrannumque
1020 3809 1198 3876 sustulisset,
1217 3811 1243 3863 is
1262 3811 1388 3880 imperio

224 3878 256 3929 41
270 3881 425 3948 potiretur.
463 3879 517 3934 His
536 3881 666 3950 cognitis
686 3880 802 3934 Phocus
821 3878 951 3934 Heraclii
972 3885 1098 3934 matrem
1122 3887 1152 3934 et
1170 3896 1313 3951 sponsam
1331 3881 1389 3935 Eu·

270 3950 395 4019 dociam,
419 3966 510 4021 quam
529 3951 577 4006 ille
597 3954 627 4005 in
646 3951 750 4006 Ai'rica
770 3952 827 4005 sibi
846 3951 1058 4020 desponderat,
1086 3953 1231 4022 principis
1252 3951 1386 4006 Africani

223 4019 259 4074 42
269 4021 368 4087 tiliam,
382 4023 614 4093 comprehensas
627 4024 810 4078 monasterio
820 4023 948 4077 inclusit.
985 4021 1126 4078 Ceterum
1136 4023 1294 4077 Heraclius
1307 4030 1388 4078 ante

269 4095 360 4148 vertit
379 4101 410 4149 ct
432 4095 463 4148 in
483 4093 663 4164 Sophiarurn
683 4100 775 4164 portu
793 4094 909 4163 appulit
929 4095 1148 4162 commissaque
1167 4110 1273 4164 pugna
1292 4095 1389 4149 evasit

224 4163 259 4218 43
270 4167 416 4235 superior,
436 4166 602 4221 adiuvante
616 4165 729 4234 Crispo,
750 4166 802 4234 qui
816 4165 962 4235 praefecti
982 4166 1096 4219 bonore
1115 4171 1179 4219 turn
1193 4167 1390 4236 tingebatur.

223 4235 395 4291 44Photius
415 4253 497 4305 vero,
517 4251 597 4291 unus
617 4253 654 4291 ex
666 4237 840 4303 illustribus,
860 4237 946 4290 cuius
965 4252 1093 4291 uxorem
1104 4239 1252 4306 tyrannus
1270 4238 1302 4290 ri
1321 4253 1390 4292 con·

269 4311 431 4378 stuprarat,
460 4311 546 4378 regie
566 4323 633 4362 cum
653 4309 753 4363 multis
774 4308 916 4362 militibus
945 4313 1095 4378 occupata
1113 4313 1195 4368 (nam
1219 4310 1285 4363 eius
1304 4308 1390 4364 sutcl-

270 4379 337 4433 lites
356 4380 517 4450 desperats
536 4380 633 4436 salute
652 4381 738 4451 regia
758 4383 923 4444 cesserant)
943 4385 1107 4449 tyrannum
1126 4381 1201 4435 solio
1214 4379 1390 4435 deturbavit
