3050 4775
377 444 555 505 lsnnclvs
574 445 596 500 1.
616 443 822 501 COMNENVS
842 442 1076 503 IMPERATOR.
1231 442 1284 501 665

167 632 262 715 σιλὲα,
285 628 323 697 ἵν’
347 634 452 704 αὐτοῖς
474 632 650 717 ἀποδοθείη
673 631 710 697 τὸ
731 634 902 716 ἔγγραψον,
926 632 945 695 δ
967 628 1147 715 βιασθέντες
1170 628 1283 710 ὕπαγε-

168 737 334 820 γράψσσιν,
368 736 433 801 ἐπεὶ
463 744 511 820 τῷ
540 735 701 820 Κομνηνῴ
732 737 851 807 ἐκεῖνος
884 735 1051 800 ἐσπείσατο.
1097 733 1116 796 δ
1144 731 1178 795 δὲ
1204 730 1283 813 πλη·
1293 732 1329 788 23

167 842 281 922 ριύσειν
309 841 415 905 αύτών
442 839 479 904 τδ
510 841 625 923 αἴτημα
656 839 848 902 κατετίθετο·
882 834 947 902 ἀλλ’
972 836 1052 921 ἦσαν
1078 836 1285 917 προσποίησις

11 945 37 997 D
53 946 93 1001 IV
108 945 299 1007 191ἀπαντα.
344 944 494 1028 βραχείας
521 941 581 1026 γὰρ
607 942 830 1024 παρελθούσης
853 942 941 1023 ώρας
964 940 1091 1024 βασιλέα
1114 938 1168 1002 καὶ
1191 938 1282 1001 αὐτο·
1293 941 1329 997 24

140 1047 308 1128 ἀκράτορα
324 1051 474 1130 φανερῶς
488 1047 615 1110 ἀνεῖπον
629 1044 684 1108 τὸν
698 1044 879 1129 Κσμνηνόν,
903 1045 1000 1108 αὐτοῦ
1018 1049 1074 1107 τοῦ
1089 1042 1283 1124 πατριάρχου

167 1148 433 1221 συνευδοκοῦντός
460 1173 493 1213 τε
520 1148 574 1213 καὶ
601 1148 864 1231 συμπράττοντος,
896 1146 1017 1229 καὶτῷ
1039 1144 1098 1229 μὲν
1124 1144 1285 1227 Κομνηνῷ

165 1252 210 1335 μὴ
233 1252 355 1336 μέλλειν
378 1251 586 1335 δηλώσαντος,
614 1250 691 1315 ἀλλά
714 1250 868 1333 σπεύδειν,
892 1248 945 1313 καὶ
968 1248 1103 1333 ἀμοιβάς
1125 1248 1285 1317 αἰτοῦντος

165 1361 220 1438 τῆς
235 1356 451 1438 ἀναρρήσεως,
474 1363 521 1437 τῷ
537 1351 565 1420 δ’
582 1356 645 1426 ἕως
660 1354 727 1417 τότε
749 1352 941 1437 βασιλεύοντι
963 1353 1098 1416 κατιέναι
1120 1354 1184 1414 τῶν
1207 1349 1283 1413 ἀνα-

166 1458 292 1540 κτόρων
323 1459 515 1540 ἰταμώτερον
546 1458 765 1527 ἐπιτάττοντος.
816 1456 989 1539 ἀρχιερέων
1021 1453 1056 1519 δὲ
1086 1460 1133 1535 τῷ
1164 1453 1284 1535 γέροντι
1293 1460 1328 1515 25

123 1564 158 1619 10
166 1561 296 1645 Μιχαὴλ
318 1561 355 1625 τὰ
377 1567 433 1625 τοῦ
455 1560 650 1644 πατριάρχου
670 1560 870 1643 κομισάντων
884 1558 1063 1642 μηνύματα,
1087 1557 1205 1625 ἐκεῖνος
1220 1555 1442 1637 ἔψηΡΙΙῖθὸΑ

165 1666 217 1728 “u'
237 1666 273 1730 δέ
293 1689 348 1748 μοι
372 1664 438 1728 ἀντί
459 1670 514 1748 τῆς
535 1663 691 1747 βασιλείας
712 1664 905 1745 παρέξετε,·”
928 1664 959 1727 σί
981 1662 1017 1725 δέ
1038 1658 1116 1741 “τὴν
1136 1658 1283 1739 οὐράνιον

164 1769 348 1852 βασιλείαν”
363 1768 590 1851 ἀπεκρίθησαν.
637 1767 747 1831 αὐτίκα
762 1766 866 1829 τοίνυν
882 1763 1064 1846 ἀπορρίψας
1086 1761 1123 1825 τὰ
1146 1768 1200 1844 τῆς
1222 1762 1326 1844 βα-26

165 1872 276 1943 σιλείας
301 1872 476 1954 παράσημα
503 1871 627 1955 ἀπῆλθε
648 1875 713 1934 τῶν
735 1870 908 1953 βασιλείων.
955 1868 973 1931 δ
997 1867 1033 1931 δέ
1055 1890 1089 1949 γε
1113 1862 1326 1949 Κομνηνδςῖῖ

164 1974 407 2057 κσυροπαλάτην
427 1974 560 2058 τιμήσας
574 1973 628 2037 τὸν
643 1973 851 2055 Κεκαυμένον
874 1972 985 2037 στέλλει
1007 1969 1062 2033 τδν
1084 1970 1185 2050 ἄνδρα
1203 1968 1281 2051 μετά

121 2079 246 2149 Ῑὸτινος
262 2078 429 2159 δυνάμεως
443 2076 714 2160 παραληψόμενον
728 2075 766 2139 τὰ
782 2076 949 2157 ἀνάκτορα.
987 2072 1023 2138 τδ
1038 2074 1143 2156 μέντοι
1157 2072 1281 2155 πλῆθος
1291 2080 1326 2135 28

163 2188 219 2265 τῆς
240 2180 364 2256 πόλεως
387 2180 430 2251 είς
452 2178 592 2263 ύπαντὴν
613 2186 669 2243 τοῦ
692 2180 766 2243 νέου
788 2178 943 2263 βασιλέως
965 2177 1115 2260 ἕκκέχυτσ
1138 2173 1280 2257 λαμπρό-

164 2284 239 2348 τατά
262 2285 292 2348 σί
313 2289 425 2348 ποιοῦν
447 2282 485 2346 τὰ
507 2284 551 2354 εἷς
572 2283 628 2365 τὴν
650 2283 877 2367 βασιλεύουσαν
900 2281 1057 2364 είσιτήρια.

247 2386 323 2451 Ἕνα
346 2386 405 2472 μίν
428 2384 486 2451 οὖν
508 2386 527 2452 ὁ
550 2386 679 2470 Μιχαὴλ
707 2386 909 2469 αύταρχήσας
937 2382 1076 2448 ἐνιαυτὸν
1108 2391 1162 2468 τῆς
1192 2382 1468 2466 βασι-46111913

164 2489 246 2562 λείας
268 2490 451 2555 ίκπέπτωκε
473 2489 527 2555 καί
550 2490 588 2554 σύ
610 2488 691 2554 πολὺ
715 2490 748 2553 ἐν
772 2490 921 2572 ἰδιωτικῷ
936 2489 1070 2572 σχήματι
1084 2487 1205 2570 βιώσας
1220 2487 1280 2550 ἀπ-

118 2595 241 2658 2οέτισε
261 2591 298 2658 ιδ
320 2595 435 2677 χρεών.
481 2593 551 2658 δδὲ
566 2591 736 2677 Κομνηνδς
751 2599 790 2676 τῇ
811 2592 950 2676 βασιλείᾳ
973 2589 1163 2674 ἐγκαταστάς
1178 2590 1282 2672 ἑαυτῷ
1291 2595 1351 2651 213

164 2745 182 2798 9
201 2745 331 2805 ἔκπτωσις
349 2753 394 2814 τῆς
412 2745 546 2816 βασιλείας
564 2747 633 2815 (Bac.
653 2746 726 2800 ἔκπτ.
746 2745 781 2812 Ε)
800 2743 911 2815 Μιχαὴλ
930 2751 975 2800 τοῦ
993 2745 1114 2814 γέροντος
1133 2742 1180 2799 OE

165 2816 200 2870 18
218 2819 257 2886 (p.
268 2817 329 2884 666,
340 2817 367 2885 1)
385 2817 504 2886 βασιλεία
518 2817 653 2871 Ἰσαακίου
671 2825 718 2872 τοῦ
729 2818 873 2886 Κομνηνσῢ
890 2815 950 2884 OD,
969 2817 1086 2887 βασιλεία
1099 2823 1145 2871 τοῦ
1164 2815 1232 2884 (om.
1246 2815 1280 2881 E)

163 2889 309 2958 Κομνηνσῦ
325 2889 459 2943 Ἰσαακίου
478 2886 538 2958 ΑΕ,
556 2889 674 2959 βασιλεία
689 2890 823 2944 Ἰσαακίου
842 2887 865 2941 Β

218 3032 232 3085 l
252 3033 409 3102 ὑπέγραψαν
427 3031 476 3088 ΒΟ
547 3034 565 3087 2
582 3033 683 3095 ἐκεῖνος
702 3033 796 3089 om.B
869 3033 886 3088 5
905 3041 1029 3102 φανερῶς
1049 3049 1105 3089 om.
1119 3032 1147 3086 D
1219 3036 1236 3088 6
1255 3057 1282 3089 τι

217 3119 274 3158 om.
293 3103 321 3156 D
393 3104 410 3160 ’ί
427 3106 517 3173 μίλειν
534 3105 557 3158 Β
630 3107 648 3161 8
665 3105 720 3176 τῆς]
739 3114 786 3161 τοῦ
805 3105 832 3159 D
906 3107 940 3159 12
957 3106 1188 3174 ἀνταπεκρίθησαν
1206 3106 1280 3176 pr

217 3174 252 3229 13
269 3175 425 3244 ἀνακτόρων
445 3176 467 3233 O
550 3178 584 3231 16
602 3178 710 3247 ίκίχυτσ
728 3177 752 3232 Β
839 3178 872 3232 18
891 3184 958 3248 post
976 3179 992 3230 δ
1010 3177 1079 3232 add.
1099 3177 1206 3246 γηραιὸς
1225 3179 1280 3247 (γη-

216 3255 291 3315 ραῖος
309 3247 356 3317 μ’)
374 3248 429 3302 Rw
502 3249 543 3304 19.
560 3248 596 3305 20
613 3251 659 3304 καὶ
677 3250 709 3304 οὐ
726 3249 794 3303 πολύ
813 3250 915 3319 βιώσας
932 3247 997 3318 μετὰ
1018 3248 1065 3318 τὴν
1082 3249 1215 3304 ἔκπτωσιν
1233 3251 1280 3304 ἀπ·

215 3322 282 3373 ίτισε
301 3340 322 3373 τ.
340 3319 508 3388 χρ..ΒῦΨο
526 3320 575 3375 lat.

160 3462 381 3518 restituendum
401 3469 530 3532 curaret,
550 3466 607 3532 cui,
627 3481 695 3519 cum
714 3466 763 3520 iiie
782 3481 888 3536 pacem
904 3468 1024 3522 fecisset
1037 3481 1106 3521 cum
1117 3465 1279 3532 Oomneno,

160 3533 353 3589 subscribere
380 3542 480 3591 essent
507 3537 613 3591 coacti.
650 3538 703 3592 iiie
731 3553 806 3592 vero
836 3553 869 3592 se
887 3555 925 3594 ec
944 3554 1023 3608 quse
1042 3537 1156 3594 velient
1178 3535 1323 3608 imple-23

161 3610 260 3659 turum
281 3621 347 3660 esse
365 3608 521 3677 professus
539 3613 597 3675 est3
625 3609 735 3664 sedes
755 3624 877 3678 quoque
902 3611 1003 3664 omnis
1023 3618 1110 3666 crant
1132 3625 1279 3664 commen·

160 3677 240 3730 ticin.
276 3677 351 3732 Nam
371 3679 474 3749 paullo
494 3685 562 3749 poet
575 3679 762 3736 Comnenum
776 3697 878 3751 regem
893 3687 923 3736 et
942 3683 1154 3752 imperatorem
1174 3686 1279 3751 aperte
1288 3678 1323 3732 24

160 3748 378 3818 salutaverunt,
407 3751 598 3821 suffragante
624 3757 654 3806 et
671 3752 831 3807 adiutante
858 3755 923 3823 ipso
952 3754 1133 3824 patriarcha,
1162 3754 1214 3822 qni
1237 3752 1278 3806 iiii

160 3821 324 3886 nuntiarat,
351 3837 391 3877 ne
415 3827 619 3889 cunctaretur,
649 3829 679 3878 et
704 3825 871 3894 praemium
897 3825 1035 3895 suffragii
1059 3824 1228 3895 postularat
1248 3827 1279 3877 et

159 3889 298 3946 Michaeli
317 3893 495 3948 insolentius
514 3893 719 3962 denuntiarat,
737 3900 773 3949 ut
784 3897 870 3964 regia
884 3895 1054 3952 decederet.
1092 3896 1157 3959 Quo
1171 3893 1322 3949 numidii)

160 3977 180 4014 u
206 3964 357 4032 primariis
384 3965 594 4020 sacerdotibus
622 3972 756 4036 accepto,
786 3981 880 4021 senex
905 3966 1032 4021 Michadi
1051 3966 1152 4031 “Quid
1182 3963 1280 4020 mihi”

161 4033 258 4102 inquit
279 4035 358 4103 “pro
382 4037 508 4106 imperio
532 4037 685 4091 dabitis?”
703 4038 822 4106 illisque
842 4039 1096 4108 respondentibus
1114 4038 1276 4106 “Regnum

161 4105 320 4175 cacicste'’,
338 4107 438 4161 stetim
451 4108 622 4176 insignibus
635 4110 728 4179 regiis
742 4110 867 4164 abiectis
881 4111 968 4180 regia
981 4110 1118 4164 decessit.
1155 4109 1278 4166 Comne·
1287 4107 1330 4162 26.
1340 4107 1375 4162 27

160 4191 218 4230 nus
237 4184 338 4231 antem
358 4177 591 4247 Cecaumenum,
617 4196 705 4248 quem
726 4183 933 4252 curopalatem
954 4183 1075 4249 iecerat,
1096 4196 1162 4235 enm
1183 4179 1278 4248 copiis

159 4246 199 4299 cd
211 4250 327 4318 regiam
343 4251 551 4320 occupandam
563 4252 653 4317 misit,
672 4253 785 4322 populo
799 4255 918 4307 urbano
932 4253 971 4306 ud
985 4254 1056 4307 novi
1073 4252 1156 4322 regis
1175 4265 1277 4306 occur·
1287 4251 1322 4305 28

158 4333 223 4373 sum
243 4321 339 4374 effuso
360 4325 389 4376 et
407 4321 639 4377 illustrissimum
658 4324 806 4380 reddente
825 4327 890 4380 eius
909 4326 938 4379 in
958 4326 1064 4379 urbem
1083 4325 1262 4394 ingressum.

229 4390 255 4445 4.
291 4391 418 4447 Michaei
439 4395 541 4463 igitur,
570 4410 638 4448 cum
657 4410 751 4450 unum
770 4397 949 4466 imperasset
967 4411 1089 4462 annum,
1112 4410 1207 4464 regno
1228 4409 1277 4448 ex·

158 4462 230 4518 cidit
248 4479 349 4534 neque
369 4464 420 4519 diu
441 4470 509 4535 post
527 4464 665 4535 privatus
685 4468 771 4522 vixit.
808 4467 848 4522 At
866 4467 1043 4524 Counnnvn
1062 4469 1170 4522 firmati
1190 4465 1304 4537 regni2
