3050 4775
251 360 287 425 46
549 356 685 427 ZONAR.
704 358 803 427 spir.
822 357 896 426 XIII
913 363 939 441 9,
959 363 1073 427 11-23.

252 550 389 623 στάντιος
416 552 461 635 μή
491 554 647 636 κτνηθεῒεν
675 552 719 625 εἰς
745 553 936 617 ἀποστασίαν
965 555 996 617 οἱ
1023 554 1077 619 ὑπ’
1101 554 1221 619 ἐκείνου
1248 552 1368 621 κακοί-

249 678 339 737 μενοι
361 655 415 719 καί
437 654 591 739 ἐμφυλίου
614 657 755 738 πολέμου
784 657 879 740 δεήσῃ
903 658 1001 739 αὐτῷ,
1037 657 1232 741 Δομιτιανόν,
1267 660 1368 744 ἄνδρα

251 757 388 841 ἐπιφανῆ
409 759 517 822 τεκαὶ
540 760 680 842 γηραιόν,
704 761 844 842 ἔπαρχον
855 761 1068 843 πραιτωρίων,
1091 762 1369 845 προχειρισάμενος

250 860 293 931 είς
311 860 497 943 Ἀντιόχειαν
519 862 655 935 ἔστειλεν,
691 863 900 943 ἐντειλάμενος
927 870 973 945 τῴ
1001 863 1092 945 ἀνδρί
1118 864 1152 926 ἒν
1179 864 1369 948 ἀπορρήτοις

249 962 379 1045 εὐφυῶς
401 986 472 1033 πτος
495 963 548 1027 τὸν
570 961 693 1027 Γάλλον
716 965 861 1028 ὑπελθεῖν
883 965 937 1027 καί
963 972 1065 1029 πεῖσαι
1092 966 1260 1048 ἀφίξεσθαι
1285 968 1395 1051 πρὸς5

42 1070 185 1128 Pulsa
207 1065 352 1129 19αῧτόν.
399 1066 417 1129 ὁ
445 1066 479 1127 tt
508 1067 551 1137 εἰς
574 1067 758 1149 Ἀντιόχειαν
786 1068 1013 1149 παραγεγονὼς
1041 1069 1095 1131 καλ
1122 1069 1205 1132 πάνυ
1234 1069 1368 1144 ἀδεξίως

249 1166 284 1231 τὸ
307 1174 438 1251 πρᾶγμα
461 1170 696 1252 μετεχειρίσατο,
720 1169 906 1252 ἀναφανδὸν
928 1171 1073 1244 ἐπιτάξας
1087 1180 1133 1254 τῷ
1149 1170 1286 1255 Καίσαρι
1307 1197 1366 1237 πο-

249 1270 398 1353 ρεύεσθαι
419 1271 501 1354 πρὸς
523 1271 577 1335 τὸν
600 1271 818 1355 αὐτοκράτορα
841 1271 895 1336 καὶ
914 1273 1091 1356 ἀπειλήσας,
1115 1273 1200 1357 εἰμὴ
1217 1276 1366 1356 πείθοιτο,

52 1379 88 1433 W
100 1378 142 1432 ΙΙΙ
154 1379 187 1433 li
207 1371 304 1443 13τάς
326 1374 456 1456 σιτήσεις
478 1379 542 1437 τῶν
564 1374 619 1437 ὑπ’
641 1374 736 1439 αὐτὸν
764 1376 905 1458 ἐπισχεῖν.
950 1377 1070 1448 τούτοις
1092 1378 1136 1448 εἰς
1157 1376 1265 1459 θυμὸν
1287 1378 1366 1441 ἐκεῖ·

249 1498 303 1547 νος
325 1477 544 1556 παροξυνθείς,
566 1478 620 1541 καὶ
643 1477 747 1548 ἄλλως
769 1478 930 1561 εὐκίνητος
949 1480 997 1542 ὢν
1011 1478 1093 1560 πρὸς
1108 1480 1215 1563 ὀργήν,
1239 1482 1367 1563 συνέσχε
1378 1489 1413 1542 10

206 1584 240 1639 14
248 1577 302 1642 τὸν
325 1580 464 1663 ἔπαρχον
487 1579 540 1643 καλ
562 1579 726 1663 φρουροὺς
749 1580 837 1662 αὐτῷ
861 1582 1050 1663 στρατιώτας
1076 1581 1230 1664 ἐπέστησε.
1275 1583 1366 1646 Μον-

248 1682 314 1745 τίου
338 1682 373 1745 δὲ
394 1687 450 1745 τοῦ
474 1683 681 1763 κοιαίστοτρος
709 1683 895 1765 αἰτιωμενου
923 1682 980 1766 τὴν
1001 1687 1114 1765 πρᾶξιν
1136 1685 1190 1748 καὶ
1212 1685 1256 1756 είς
1278 1692 1367 1769 σαφῆ

248 1784 414 1864 τυραννίδα
437 1786 551 1868 ταύτην
574 1786 746 1867 ἀνάγεσθαι
769 1786 922 1868 λέγοντος,
945 1787 987 1849 ἔτι
1001 1786 1179 1870 χαλεπήνας
1194 1788 1213 1851 ὁ
1229 1789 1365 1869 Καῖσαρ,

248 1885 325 1949 ἀλλὰ
349 1886 402 1950 καί
424 1887 505 1968 πρὸς
527 1894 582 1971 τῆς
605 1886 752 1969 γυναικὸς
774 1888 924 1971 ἐξαφθείς
946 1890 989 1959 είς
1012 1887 1111 1971 ὀργὴν
1133 1890 1180 1960 ὡς
1202 1913 1364 1974 καταφρο-

248 1988 409 2070 νούμενος,
444 1989 498 2053 καὶ
526 1990 621 2053 αὐτὸν
649 1989 712 2053 ὑπὸ
741 1990 868 2072 θεσμοῖς
897 1990 1064 2073 ἐποιήσατο
1092 1991 1146 2055 τὸν
1173 1994 1365 2076 κοιαίστωρα
1378 2002 1411 2057 lt

205 2090 387 2161 15κολτοῖς
410 2093 608 2174 στρατιώταις
631 2092 684 2155 καί
712 2093 814 2175 ἄμφω
841 2093 1037 2174 παρέδωκεν.
1084 2096 1114 2157 οἱ
1137 2094 1172 2158 δὲ
1194 2096 1296 2178 ἄμφω
1318 2096 1364 2160 τὼ

214 2194 344 2277 Βᾶνόρε
372 2194 578 2277 συνδήσαντες
605 2196 721 2278 ἔσυραν
749 2194 800 2259 ord
828 2202 882 2279 τῆς
909 2196 1029 2279 ἀγορᾶς
1055 2196 1109 2260 καί
1136 2198 1285 2280 ᾐκίσαντο
1311 2198 1366 2263 καί

202 2340 214 2381 ¹·
247 2296 333 2368 τέλος
357 2297 504 2379 ἐνέβαλον
527 2296 570 2368 εἰς
592 2296 645 2361 τὸν
667 2296 812 2379 ποταμὸν
834 2297 888 2361 καί
911 2298 1102 2381 θιέφθειραν.

204 2407 238 2462 16
339 2399 441 2464 Ταῦτα
468 2400 588 2483 μαθὼν
614 2400 633 2464 ὁ
655 2400 874 2472 Καινοτάντιος
903 2402 1026 2484 ἔπεμψε
1052 2402 1125 2474 τοὺς
1152 2404 1284 2477 ἄξοντας
1311 2403 1366 2469 τὸν

301 2567 316 2620 1
336 2567 361 2622 ιλ
378 2571 447 2638 post
463 2566 496 2636 μ’
522 2568 697 2622 coniectura
716 2567 787 2622 add.
805 2565 849 2622 Di
956 2568 1037 2624 θκαι·
1056 2569 1276 2640 antespastus
1295 2571 1364 2627 add.

301 2638 383 2709 pr,
404 2655 461 2694 om.
508 2636 550 2693 Di
639 2639 730 2708 δεήσοι
748 2639 798 2694 vel
817 2640 909 2710 δεήσαι
928 2639 980 2699 Dw
1067 2642 1220 2709 θαμετιανόν
1239 2640 1364 2714 ODEwp

301 2711 318 2764 3
337 2717 390 2764 τῶν
404 2717 475 2766 ante
486 2712 660 2780 πραιτωρίων
674 2709 743 2765 add.
757 2710 842 2782 pr,
862 2711 916 2766 sed
931 2728 957 2765 v.
972 2712 1012 2767 ad
1025 2711 1096 2766 XIII
1112 2713 1199 2779 10,22
1270 2715 1288 2768 5
1305 2722 1364 2776 πῶς

299 2780 384 2852 Awp,
403 2802 461 2842 παις
480 2781 556 2849 ΟΒί,
574 2783 683 2850 πρόςΕ
791 2783 873 2837 Iasi
891 2803 952 2851 σαρι
971 2783 998 2836 D
1106 2784 1219 2840 9αὖτόν
1237 2785 1363 2856 prDt',

300 2853 389 2907 αὐτῶν
408 2853 442 2918 Α,
462 2870 489 2908 v.
509 2854 548 2906 ad
569 2853 640 2908 XIII
660 2854 701 2921 10,
724 2854 755 2907 ll
833 2856 870 2914 εἰς
888 2855 976 2923 θυμὸν
996 2871 1053 2910 om.
1073 2855 1100 2910 D
1179 2856 1213 2909 10
1231 2863 1300 2927 post
1317 2859 1363 2912 ἅλ-

299 2925 353 2984 λως
372 2924 441 2978 add.
461 2925 541 2984 ὠςΕ
613 2927 722 2994 κατέσχε
742 2925 815 2995 pr
889 2927 924 2979 12
941 2929 1107 2996 καταίστορος
1126 2927 1212 2998 Dup,
1232 2945 1260 2982 v.
1274 2945 1318 2984 vs.
1331 2931 1363 2984 15

301 2998 334 3048 13
352 2997 447 3064 ταύτην
465 2998 528 3050 init.
548 3013 625 3052 vers.
646 2997 740 3052 oni-E
815 2997 848 3051 14
866 2999 903 3058 είς
921 2999 1003 3068 ὀργήν
1020 2999 1146 3068 ἐξαφθτὶς
1165 2999 1238 3069 pr
1314 3023 1363 3055 κα-

299 3068 529 3194 iit-{iiiiii
548 3067 584 3137 D’
604 3067 807 3209 ωίέτλίιιιι
819 3069 1151 3212 αίῦίίωίῖίθλιίίλρ
1235 3072 1277 3197 λλ
1286 3078 1364 3207 affl

298 3161 343 3270 τιλς
361 3180 422 3281 AB,
444 3173 563 3274 ἕλξονλας
582 3211 658 3283 pr
732 3212 776 3266 τὸν
796 3157 895 3268 ming
939 3183 945 3211 '

246 3388 356 3440 seuam,
387 3374 574 3443 praefectum
594 3375 756 3443 praetorio,
783 3374 874 3444 elegit
893 3381 923 3430 et
941 3374 1132 3430 Antiochiam
1151 3377 1230 3431 misit
1248 3378 1363 3434 iussum

247 3450 419 3515 opportuna
438 3444 571 3514 quadam
590 3447 708 3500 ratione
727 3444 846 3500 Gallum
873 3454 990 3502 secreto
1015 3447 1100 3502 adire
1123 3449 1212 3517 eique
1240 3464 1363 3518 persua·

202 3514 327 3584 12derc,
355 3522 389 3570 ut
412 3518 530 3570 veniret
553 3516 592 3570 ad
617 3532 658 3570 se.
695 3517 841 3581 Quicum
860 3518 1051 3573 Antiochiam
1072 3520 1212 3584 venisset,
1241 3521 1290 3574 vcl
1312 3523 1363 3574 im-

246 3588 424 3656 peritissime
444 3603 506 3642 rem
527 3591 596 3658 egit,
626 3594 731 3658 aperto
750 3590 832 3644 iusso
852 3589 983 3645 Caesare
1002 3591 1151 3660 proficisci
1175 3591 1214 3645 ad
1236 3592 1362 3660 impera·

245 3666 340 3713 torem
361 3674 397 3714 ac
415 3661 554 3726 minatus,
582 3660 639 3713 nisi
663 3660 894 3730 obtemperaret,
923 3677 955 3716 se
975 3669 1145 3716 commeatu
1163 3678 1223 3730 eoa,
1252 3664 1362 3732 quibus

202 3731 235 3784 13
246 3731 295 3784 ilie
313 3731 485 3800 imperaret,
514 3731 756 3786 interclusurum.
794 3733 832 3800 Is,
856 3748 962 3802 perse
983 3733 1071 3787 facile
1091 3749 1238 3803 praeceps
1258 3734 1296 3788 ad
1317 3751 1362 3789 ra·

246 3802 333 3868 biam,
362 3803 407 3856 his
426 3802 517 3856 rebus
536 3803 575 3857 ad
594 3804 669 3858 iram
690 3805 832 3858 incitatus
851 3805 931 3874 cepit
971 3807 1138 3859 raeiectum
1157 3807 1362 3876 militibusque

201 3872 235 3926 14
245 3873 284 3927 ad
305 3873 534 3928 custodiendum
556 3875 687 3929 tradidit.
726 3873 800 3931 Cum
820 3883 922 3930 autem
966 3877 1068 3930 ontius
1087 3883 1229 3945 quaestor
1244 3879 1361 3932 crimini

245 3945 331 3998 daret
355 3960 418 3998 rem
441 3960 478 3998 ac
502 3947 680 4001 manifestae
705 3947 875 4016 tyrannidis
899 3948 980 4002 hunc
1003 3963 1070 4002 essc
1097 3949 1212 4002 fontem
1239 3949 1361 4016 diceret,

244 4017 339 4070 iratus
353 4014 465 4070 Caesar
479 4022 571 4086 atquc
584 4019 708 4087 insuper
722 4019 761 4072 ab
775 4033 874 4073 uxore
892 4018 1096 4072 inflammatus
1111 4019 1152 4072 ad
1170 4020 1254 4085 iram,
1274 4023 1360 4089 quasi

244 4093 447 4158 sperneretur,
476 4089 574 4158 ipsum
604 4103 726 4158 quoque
756 4091 787 4143 in
814 4090 938 4144 vincula
963 4091 1093 4144 coniecit
1116 4096 1306 4159 quaestorem
1332 4099 1362 4146 et

201 4159 234 4214 15
244 4159 387 4214 militibus
406 4159 512 4213 ambos
530 4160 663 4215 tradidit.
710 4161 767 4226 Qui
787 4177 855 4215 cum
874 4162 980 4215 ambos
999 4161 1064 4215 illos
1083 4162 1165 4215 viros
1184 4163 1361 4230 vinxissent,

244 4233 357 4285 tractos
376 4245 430 4300 per
450 4231 548 4286 sorum
569 4237 598 4286 et
617 4233 768 4287 cruciatos
787 4233 919 4302 denique
937 4233 1107 4288 iniecerunt
1131 4234 1163 4287 in
1186 4233 1312 4289 fluvium
1332 4242 1362 4290 et

245 4303 471 4357 interfecerunt.

202 4374 236 4434 16
335 4373 450 4440 Quibus
470 4375 561 4432 robus
581 4377 710 4448 cognitis
729 4373 924 4434 Constantius
943 4377 1031 4447 misit,
1057 4377 1108 4448 qui
1128 4375 1275 4435 ducerent
1293 4377 1362 4435 Gal-
