3050 4775
309 370 630 442 nuenarianam.
668 374 794 442 SAPOR
812 376 958 446 morunt
977 376 1153 446 cosmon.
1257 382 1294 446 at

263 564 366 631 Ταῦτα
389 570 445 631 τοῦ
468 566 689 633 Κωνσταντίοο
713 573 908 642 σκοποῦντος
935 570 989 635 καί
1017 570 1246 656 διαμέλλοντος,
1274 573 1322 642 δλ

167 666 346 751 Σαπιόρης,
374 668 440 733 ἐπεί
468 670 605 753 κάκείνῳ
631 670 713 755 πρὸς
740 676 855 754 γνῶσιν
882 672 983 757 ήλθον
1008 672 1292 759 τὰσυμβεβηκότα

166 770 241 853 περί
255 770 310 834 τὸν
326 770 528 855 Κώνσταντα,
552 774 716 839 ἐπιτίθεται
733 783 781 858 τῴ
803 782 909 858 καιρῷ
930 775 984 839 καί
1007 775 1064 839 οὑν
1085 777 1181 859 βαρεῖ
1199 799 1292 861 στρα-

165 872 296 955 τεύματι
318 872 397 937 κατὰ
421 880 485 939 τῶν
507 876 725 959 ὑποκειμένων
739 876 907 960 Ῥωμαίοις
931 878 1026 941 ἔπεισι
1047 882 1168 961 χωρῶν
1185 902 1217 941 τε
1239 878 1294 942 καλ

137 972 308 1037 5πόλεων·
342 974 396 1037 καί
426 976 545 1059 πολλὴν
575 977 634 1059 μὲν
667 978 807 1061 ἐληίσατο
839 980 961 1061 χώραν,
994 978 1070 1042 ἀλλὰ
1102 980 1208 1061 μέντοι
1238 980 1320 1048 καλε

167 1076 310 1157 φρούρια
339 1076 398 1141 sits
426 1077 480 1141 καί
507 1078 593 1149 τέλος
621 1078 796 1163 ἐπολιόρκει
822 1080 878 1164 τὴν
900 1078 1034 1165 Νίσιβιν,
1063 1083 1083 1163 ἢ
1111 1082 1206 1145 πάλαι
1233 1082 1293 1164 μὲν

166 1186 207 1263 τῇ
239 1184 304 1243 τῶν
326 1181 501 1263 Ἀρμενίων
532 1181 655 1265 διέφερε
686 1184 834 1265 βασιλείᾳ,
867 1182 917 1245 ἐπί
946 1181 981 1245 δὲ
1009 1181 1223 1265 Μιθριδάτου,
1255 1184 1329 1255 dcl)

8 1293 156 1350 D111194
172 1282 333 1363 Τιγράνου
355 1288 410 1347 τοῦ
433 1288 498 1347 τῶν
510 1284 683 1365 Ἀρμενίων
704 1284 772 1347 τότε
794 1289 985 1367 κρατοῦντος
1008 1284 1153 1367 γαμβρός
1176 1283 1215 1367 ἦν
1237 1284 1293 1348 καί

165 1384 203 1457 ἐξ
227 1384 347 1448 ἐκείνου
369 1385 425 1467 τὴν
451 1384 541 1449 πόλιν
569 1386 696 1469 εἰλήφει,
725 1385 789 1449 ὑπὸ
809 1384 978 1467 Ῥωμαίων
1005 1385 1089 1451 ἑάλω
1117 1386 1291 1469 πολιορκίᾳ.

117 1486 202 1549 issiu
225 1485 320 1569 ταύτῃ
344 1484 404 1569 γὰρ
428 1487 446 1550 δ
469 1486 634 1571 Σαπιόρης
657 1487 763 1552 ἐλθὼν
785 1494 890 1553 πᾶσαν
918 1488 1039 1570 ἐκίνησε
1065 1489 1212 1572 μηχανὴν
1241 1490 1318 1561 ivos

163 1589 258 1671 αὐτῷ
281 1590 300 1671 ή
324 1589 412 1660 πόλις
439 1589 522 1671 όλῳ
554 1590 664 1672 κριούς
690 1615 722 1654 τε
755 1590 815 1674 γὰρ
843 1595 984 1673 προσῆγε
1011 1596 1075 1661 τοῖς
1102 1591 1210 1673 τείχεσι
1237 1590 1291 1653 καί

164 1690 330 1773 διώρυχας
352 1691 525 1774 ὑπογαίους
546 1692 704 1776 πεποίητο,
729 1692 806 1756 ἀλλὰ
829 1691 911 1775 πρὸς
925 1692 1026 1755 πάντα
1043 1693 1193 1774 γενναίως
1208 1692 1288 1757 ἀντι-

162 1795 356 1859 καθίσταντο
383 1796 413 1858 οί
438 1794 708 1877 πολιορκούμενοι.
746 1796 800 1859 καί
831 1795 885 1858 τὸν
916 1794 1060 1877 ποταμὸν
1093 1794 1136 1868 δέ,
1168 1796 1206 1867 ὃς
1238 1794 1317 1867 διὰ4

162 1898 267 1980 μέσης
294 1899 376 1981 ἔρρει
404 1904 459 1981 τῆς
486 1896 620 1979 πόλεως,
652 1897 889 1979 μετωχίτευσεν,
923 1897 971 1958 ἵνα
1002 1896 1085 1977 δίψει
1112 1896 1290 1979 πιεζόμενοι

117 2002 198 2063 1an
219 2006 275 2083 τῆς
296 2001 421 2071 πόλεως
442 2000 590 2083 προδοῖεν
613 2000 700 2082 αὑτῷ
723 1999 779 2083 τήν
801 1999 899 2062 πόλιν.
944 2004 1008 2069 τοῖς
1031 1998 1066 2061 δὲ
1089 1998 1230 2080 ἀφθονία
1250 1997 1316 2081 ήνῡ

162 2102 294 2167 ὑδάτων
316 2101 370 2165 καλ
392 2103 428 2166 ἐκ
451 2103 599 2185 φρεάτων
621 2102 674 2165 καλ
697 2103 733 2166 ἐκ
753 2106 877 2185 πηγῶν.
923 2101 970 2172 ὡς
986 2097 1015 2164 δ’
1032 2102 1075 2172 είς
1090 2100 1184 2165 οὐδὲν
1199 2101 1316 2184 niuniu

163 2205 363 2287 κατήντησαν
386 2204 538 2287 ἀνύσιμον
563 2206 596 2267 αί
623 2204 760 2277 ἐπίνοιαι,
789 2204 894 2286 ἔτερόν
916 2227 943 2266 τι
965 2204 1054 2287 αὑτῷ
1075 2202 1288 2286 μεμηχάνητο.

164 2436 180 2489 1
203 2435 243 2488 ὅτι
262 2435 278 2487 δ
296 2437 363 2498 (om.
383 2433 416 2501 O)
439 2435 576 2505 Σωτώρης
598 2435 748 2504 δΠερσῶν
767 2435 784 2488 δ
805 2438 873 2498 (om.
894 2433 928 2501 O)
950 2432 1074 2505 βασιλεὺς
1097 2441 1129 2503 τῇ
1151 2434 1289 2503 Ῥωμαίων

161 2507 246 2576 χώρᾳ
266 2508 333 2570 (om.
343 2507 378 2570 E)
397 2507 506 2562 ἐπίθετο
524 2509 606 2577 (ἀρχή
624 2506 694 2562 add.
706 2507 739 2570 E)
759 2507 805 2560 καί
814 2508 924 2576 Νίσιβιν
942 2505 1124 2575 πολιορκήσας
1141 2506 1215 2570 (Νισ.
1228 2506 1287 2560 πολ.

164 2594 226 2634 om.
238 2577 273 2642 Ε)
292 2578 427 2648 ἄπρακτος
445 2579 617 2649 ἀνεχώρησεν
636 2577 684 2634 ΟΕ

223 2793 241 2846 2
259 2793 327 2862 ἦλθε
345 2792 422 2864 pr
573 2795 590 2849 6
610 2794 729 2864 φρούρια
747 2795 800 2849 τίλι
818 2794 865 2849 καί
884 2835 890 2848 .
908 2835 915 2849 .
934 2793 1083 2864 ἐπολιόρκει
1102 2792 1222 2864 Νίσιβιν]
1242 2789 1289 2848 De

222 2865 356 2921 cbiasmo
376 2881 404 2920 v.
424 2865 464 2920 ad
483 2863 555 2920 XIII
574 2866 599 2934 2,
619 2867 636 2921 6
738 2866 755 2922 λ
774 2867 910 2936 ἁρμονίων
928 2866 981 2920 DE
1088 2866 1106 2920 8
1124 2887 1147 2919 τι
1164 2865 1246 2935 prison
1265 2863 1288 2920 C

257 2939 314 2990 τότε
333 2952 390 2992 om.
410 2937 433 2991 E
505 2935 538 3006 ήν
556 2937 675 3007 γαμβρός
694 2938 771 3008 pr
850 2937 868 2992 9
887 2943 955 3008 post
973 2937 1077 3007 τίλήῳει
1096 2887 1166 2992 ads.
1185 2939 1212 2991 δι
1233 2936 1288 2992 sed

222 3008 334 3064 lineola
352 3009 433 3063 infra
451 3011 592 3079 apposIta
610 3015 748 3065 notatum
768 3010 795 3064 D
930 3011 964 3063 10
980 3008 1031 3078 γὰρ
1050 3007 1111 3077 ΑΕ,
1130 3016 1194 3077 γοῦν
1213 3009 1266 3062 Οττ

257 3079 291 3133 ἵν’
311 3078 427 3149 0pr
525 3081 556 3134 11
577 3081 634 3149 ἁλῷ
653 3083 718 3146 (sic)
736 3079 773 3149 A,
793 3097 823 3136 v.
841 3081 881 3135 ad
889 3097 927 3206 Ῑρ.
947 3081 1023 3148 36,8
1112 3079 1162 3149 γὰρ
1182 3095 1239 3134 om.

221 3150 258 3205 14
274 3170 441 3219 μετωχευσιν
460 3153 493 3216 (8.
513 3152 587 3219 acc.)
607 3152 640 3220 E,
658 3153 871 3222 μετωχεότεαστν
1019 3151 1053 3206 15
1070 3152 1194 3220 προδῶιν
1213 3149 1286 3220 pr

223 3222 257 3277 lt
276 3222 414 3292 κατήντων
433 3221 507 3293 pr

258 3452 283 3508 i.
321 3451 405 3517 Quae
425 3467 493 3508 cum
507 3451 701 3508 Constantius
714 3451 898 3508 deliberaret
916 3457 947 3509 ct
966 3457 1170 3520 cunctaretur,
1189 3448 1287 3522 Sapor

165 3532 198 3581 et
216 3527 284 3595 Ipse
303 3527 411 3580 certior
432 3526 531 3580 iactus
551 3525 589 3580 de
607 3526 643 3580 iis
663 3539 742 3594 quae
762 3530 930 3579 evenerant
948 3523 1105 3580 Constanti
1126 3528 1218 3592 urget
1237 3539 1287 3593 op·

166 3595 385 3668 portunitatem
405 3600 435 3651 et
454 3611 524 3651 cum
543 3597 660 3666 ingenti
680 3597 818 3651 exercitu
836 3597 1011 3665 provincias
1030 3601 1060 3651 et
1078 3594 1287 3649 urbesRoma·

165 3669 215 3723 nis
234 3667 386 3723 subiectas
405 3667 531 3736 invadit,
551 3674 643 3738 atque
663 3683 701 3721 ex
721 3667 821 3722 multis
841 3667 924 3738 agris
939 3672 1029 3736 capta
1048 3665 1163 3736 praeda
1184 3664 1314 3720 castel-2

166 3741 266 3809 lisque
292 3741 446 3809 occupatis
473 3738 605 3808 denique
631 3739 791 3793 obsidebat
809 3737 934 3805 Nisibin,
963 3753 1043 3806 quae
1068 3737 1221 3807 qnondam
1247 3736 1287 3789 ad

166 3810 381 3866 Armeniorum
400 3811 572 3880 pertinebat
590 3825 721 3880 regnum
740 3810 794 3864 sed
813 3811 870 3864 snb
881 3808 1062 3876 Mithridate,
1082 3809 1133 3877 qui
1143 3807 1286 3878 Tigranis

166 3883 381 3937 Armeniorum
400 3887 464 3936 tum
483 3883 565 3951 regis
584 3897 680 3952 gener
700 3887 767 3936 erat
784 3883 824 3936 ab
843 3881 956 3949 illoque
974 3880 1082 3934 urbem
1108 3884 1238 3949 ceperat,
1268 3894 1286 3931 a

167 3953 313 4008 Rontanis
332 3958 421 4024 captu
446 3960 513 4008 erat
536 3953 703 4008 obsidione.
740 3953 837 4016 Quam
857 3951 954 4022 Sapor
972 3965 1138 4021 aggressus
1167 3949 1312 4004 omnem3

167 4027 264 4080 movit
281 4025 534 4080 macbInationem
554 4025 594 4078 ad
609 4024 848 4094 expugnandam
861 4024 977 4088 urbem,
996 4021 1143 4076 arietibus
1156 4021 1285 4075 admotis

168 4096 207 4150 ad
227 4111 331 4150 muros
352 4097 489 4166 actisque
507 4097 663 4164 cuniculis,
691 4095 745 4150 sod
770 4095 810 4148 ad
836 4095 937 4149 omnia
962 4094 1081 4148 fortiter
1104 4093 1285 4146 resistebant

168 4169 220 4238 qui
240 4167 468 4222 obsidebantur.
505 4166 549 4220 Ao
568 4168 703 4233 fluvium,
732 4167 784 4236 qui
805 4181 859 4236 per
877 4163 1007 4220 mediam
1031 4165 1146 4218 fluebat
1170 4162 1313 4230 u1·bem,4

168 4239 329 4305 derivavit,
360 4243 394 4292 ut
423 4239 471 4292 aiii
500 4241 597 4293 coacti
627 4236 772 4307 oppidani
800 4237 965 4306 proderent
993 4236 1050 4289 sibi
1078 4236 1193 4289 urbem.
1247 4233 1312 4288 iisb

167 4319 270 4366 antem
294 4309 484 4365 abundantia
508 4318 573 4364 erat
595 4325 696 4378 aquae
719 4313 784 4363 tum
809 4324 848 4363 ex
872 4309 971 4378 puteis
996 4311 1059 4360 turn
1086 4321 1125 4359 ex
1150 4305 1286 4358 tontibus

167 4383 305 4439 haustae.
342 4381 431 4447 Quod
450 4396 523 4436 vero
542 4381 581 4435 ad
601 4381 717 4434 irritum
731 4381 758 4434 ei
774 4379 924 4434 ceciderat
938 4393 1015 4448 spes,
1034 4377 1117 4431 aliud
1131 4376 1312 4446 quoddamti
