3050 4775
305 434 358 495 156
549 434 684 495 ZONAR.
705 434 805 495 EPIT.
823 432 922 495 XVIII
941 436 984 507 26,
1002 434 1118 504 at-m,
1138 432 1180 493 14.

207 623 217 639 “
305 622 427 685 σθεῖσαι
449 620 543 685 οὐθὲν
567 621 713 704 θιέφερον
736 621 917 694 θαλασσῶν,
940 620 995 685 καλ
1017 620 1203 703 ἀνθρώπων
1226 618 1286 683 οὐκ
1310 618 1413 700 ὀλίγον
1494 683 1495 696 ,

304 723 358 787 καὶ
381 722 477 806 ζῴων
498 723 625 787 πολλῶν
648 724 840 806 συμβεβήκει
863 723 1011 787 ἀπώλεια.

93 830 293 895 Ρ11306Α27
396 826 498 889 Ταῦτα
513 826 572 909 μὲν
588 824 645 891 οὗν
661 828 746 889 οὕτω
762 827 944 909 συνήνεκτο·
968 826 1126 909 ἀπηγγέλη
1151 825 1187 889 δέ
1208 849 1283 888 ποτε
1301 831 1346 907 τῴ
1362 825 1414 906 βα-

305 928 382 992 σιλεῖ
390 927 544 1009 Τούρκων
554 929 761 1011 ἀθροίζεσθαι
773 927 917 1011 στρατιὰν
926 929 1125 1011 βουλομένην
1133 928 1275 991 ἐπελθεῖν
1287 931 1352 998 ταῖς
1359 924 1416 989 ὑπὸ

278 1030 478 1113 2Ῥωμαιόυς
489 1031 610 1114 χώραις
621 1031 674 1095 καλ
685 1032 799 1101 ταύτας
808 1031 985 1114 ληίσασθαι.
1014 1033 1103 1114 ἔτυχε
1114 1031 1150 1094 δὲ
1160 1031 1229 1094 τότε
1239 1029 1312 1100 τοὺς
1321 1028 1438 1097 nutari

305 1133 420 1216 ἀλγῶν,
431 1138 487 1197 τοῦ
499 1134 655 1216 ῥεύματος
667 1133 882 1217 σφοδρότερον
892 1134 1130 1216 ἐπιρρώσαντος
1141 1132 1195 1196 καὶ
1205 1132 1418 1216 περιωθυνλιις

279 1234 401 1303 saitis
419 1236 473 1299 καλ
495 1235 663 1319 ἀλγηθόσιν
678 1236 839 1309 ὀξυτάταις
854 1237 1024 1310 πιέζοντος.
1057 1235 1123 1301 ἐπεὶ
1139 1242 1215 1320 γοῦν
1230 1237 1291 1300 οὐκ
1306 1234 1369 1319 εἶχε
1383 1228 1417 1297 u’

305 1340 418 1403 ἑαυτοῦ
433 1338 512 1401 κατὰ
528 1343 593 1401 τῶν
607 1338 785 1423 βαρβάρων
800 1339 1057 1422 στρατεύσασθαι,
1073 1339 1219 1422 φάλαγγα
1237 1334 1306 1403 κατ’
1319 1339 1419 1401 αὐτῶν
1494 1379 1495 1408 ,

306 1442 456 1524 ἐκπέμπει
478 1445 685 1525 στρατιωτῶν,
716 1442 943 1524 φαλάγγαρχον
966 1442 1131 1524 ἐπιστήσας
1152 1441 1258 1512 αὐτοῖς
1278 1438 1334 1503 τὸν
1358 1438 1418 1501 Κα-
1494 1453 1495 1532 η

304 1544 424 1627 μθτζην
447 1542 637 1625 Εὐστάθιον,
665 1544 768 1627 ἄνδρα
790 1551 855 1614 τοῖς
877 1545 1016 1627 πρώτοις
1037 1544 1223 1626 τεταγμένον
1245 1548 1309 1606 τῶν
1332 1564 1418 1624 στρα-
1428 1545 1453 1598 1⁰
1494 1575 1495 1612 i

278 1651 419 1731 4τηγῶν.
466 1646 484 1709 ὁ
513 1645 548 1709 δὲ
577 1648 636 1709 οὐκ
666 1646 808 1729 ἐλαχίστη
838 1651 903 1710 τῶν
929 1645 1091 1728 πολεμίων
1120 1645 1219 1727 μοίρᾳ
1249 1644 1420 1727 περιτυχὼν

305 1748 493 1833 προσβάλλει
508 1750 637 1832 τούτοις,
662 1749 782 1831 ήττήθη
800 1749 834 1813 θὲ
850 1748 1052 1832 προσβαλῶν,
1075 1746 1130 1811 καλ
1144 1746 1240 1817 αὐτὸς
1253 1747 1312 1829 μὲν
1332 1748 1420 1826 ἑάλω,

279 1853 337 1919 boi
358 1848 386 1915 θ’
402 1852 456 1915 ὑπ’
473 1850 568 1915 αὐτὸν
592 1852 622 1915 οῖ
643 1852 703 1934 μὲν
726 1852 847 1925 ἔπεσον,
870 1852 902 1915 οῖ
924 1852 958 1915 ti
981 1849 1134 1933 φυγόντες
1156 1850 1336 1933 ἐσώθησαν.
1380 1848 1421 1917 ὡς
1494 1875 1495 1952 η

307 1954 339 2017 tr
363 1959 459 2017 ταῦτα
474 1960 520 2036 τῷ
535 1954 658 2037 βασιλεῖ
670 1954 938 2037 κατηγγὲλθησαν,
961 1954 1065 2017 οὐκέτι
1080 1950 1238 2022 καθεκτὸς
1253 1951 1293 2035 ἦν
1307 1953 1420 2021 ἐκεῖνος
1494 1975 1495 1996 ¹

272 2052 371 2123 Βάλλ’
396 2058 494 2131 ἔξεισι,
517 2056 571 2120 καὶ
590 2055 743 2141 Τοθρκοις
762 2056 822 2139 μὲν
845 2056 984 2138 ἐνέτυχεν
1008 2056 1154 2137 οὐθαμοῦ
1179 2053 1351 2137 (μαθόντες
1366 2052 1419 2137 γὰρ
1428 2060 1453 2114 li
1494 2105 1495 2140 3

305 2159 361 2243 τὴν
378 2165 446 2223 κατ’
464 2160 571 2224 αι’πῶν
592 2165 647 2223 τοῦ
670 2159 826 2243 βασιλέως
848 2158 953 2242 ὁρμὴν
975 2163 1040 2230 τοῖς
1062 2160 1167 2229 ἵπποις
1190 2157 1333 2229 ἕνθόντες
1353 2155 1496 2227 ratgunt

305 2262 451 2345 χαλινοὺς
482 2264 617 2345 ἔφευγον
649 2260 893 2345 ἀμεταστρεπτί),
925 2263 1031 2344 ἴσχυσε
1064 2260 1099 2324 δὲ
1126 2260 1180 2324 καλ
1207 2259 1226 2322 ὁ
1254 2259 1421 2343 Καμύτζης

305 2364 360 2436 τὰς
382 2371 488 2449 χεῖρας
510 2366 616 2430 αὐτῶν
639 2366 795 2449 ἐκφυγεῖν,
819 2364 893 2435 τοὺς
915 2363 1011 2429 αὐτὸν
1033 2369 1254 2447 φρουροῦντας
1275 2362 1420 2446 μεγάλαις

305 2468 490 2549 ὑποσχέσεσι
514 2469 622 2539 πείσας
644 2468 880 2550 συναποὸρᾶναι
903 2468 992 2550 αὐτῷ
1014 2467 1068 2530 καλ
1089 2466 1358 2550 προσεληλυθέναι
1378 2471 1420 2547 τῷ
1494 2468 1495 2491 ¹

279 2570 431 2653 6βασιλεῖ.
476 2570 529 2633 καλ
557 2570 575 2632 ὁ
602 2571 661 2652 μὲν
692 2569 773 2652 πρὸς
804 2569 859 2633 τὸν
889 2570 1110 2652 αὐτοκράτορα
1141 2567 1221 2653 ἦλθε
1251 2570 1455 2651 προσάγωνῖθ

280 2671 359 2742 ἰκαὶ
388 2671 460 2742 τοὺς
489 2673 586 2736 αὐτοῦ
615 2673 761 2755 φύλακας
794 2673 999 2755 αὐτομόλους.
1045 2673 1063 2736 ὁ
1091 2671 1126 2736 θὲ
1152 2675 1280 2754 κρατῶν
1305 2672 1422 2736 ἐκεῖνον
1494 2734 1495 2759 ,

305 2813 323 2867 3
341 2813 491 2882 ἐκστρατελα
509 2811 578 2867 κατὰ
596 2817 665 2878 (0111.
686 2811 718 2879 Ο)
741 2813 870 2882 Τούρκων
889 2811 937 2868 ΟΕ

359 2946 376 3002 2
395 2947 564 3017 συμβέβηκεν
583 2944 635 3029 Bi)
708 2947 725 3002 3
744 2947 791 3000 οὖν
809 2946 870 3015 ΑΒ,
891 2963 948 3001 0111.
960 2944 1069 3017 w*pDi
1139 2945 1286 3017 ἇπηγγέλλη
1306 2948 1371 3016 (sic)
1389 2944 1414 2998 A

359 3019 490 3101 ἀνιννέλγ
511 3019 635 3088 Ewth
653 3019 748 3088 ηἰνέλι
769 3017 792 3072 0
936 3019 954 3073 9
972 3017 1157 3087 ναὶνννάειον
1175 3018 1210 3084 A,
1236 3019 1423 3088 νώυόειυ

359 3091 486 3160 prDt‚
507 3105 583 3144 corr.
602 3091 692 3158 B-W‚
713 3091 749 3144 cf.
770 3089 811 3143 ad
828 3088 898 3144 XIV
916 3091 942 3158 λ,
960 3091 995 3144 27
1071 3089 1137 3158 αὕτη
1156 3088 1208 3142 BD
1289 3091 1422 3158 κσμύτζην

360 3160 412 3217 ΑΟ
433 3162 517 3242 Glyc.
538 3179 566 3232 p.
586 3161 677 3230 624,9
696 3161 745 3228 (cf.
763 3161 842 3216 Ann.
862 3160 964 3216 Ccmn.
985 3161 998 3215 Ι
1018 3177 1046 3230 p.
1065 3160 1155 3227 421,6
1174 3165 1251 3229 cet),
1268 3162 1422 3228 καμμύιζην

360 3233 485 3304 Ευρῦι,
506 3233 650 3302 Camyze:
674 3234 724 3288 We
735 3233 785 3287 lat.
860 3234 894 3288 10
911 3233 1056 3287 Εὐσιάτιον
1074 3230 1111 3302 ρ*
1203 3232 1236 3287 11
1253 3234 1337 3300 μοῖρα
1355 3238 1423 3287 aute

360 3312 413 3358 τῶν
433 3305 459 3358 D
570 3303 602 3358 lt
621 3305 721 3373 ἔφυγον
739 3301 806 3360 CDt'
920 3305 1075 3372 κομμθτζης
1094 3302 1219 3374 Ewth'‚
1238 3319 1267 3357 v.
1286 3304 1327 3358 ad
1347 3319 1389 3358 vs.
1406 3303 1422 3355 9

362 3378 396 3430 18
414 3383 593 3446 φρουροῦντες
612 3375 636 3430 Ε
709 3375 742 3430 19
761 3377 957 3445 συναποθρᾶναι
976 3372 1116 3445 stplti,
1135 3375 1330 3443 συναποθράναι
1349 3373 1423 3430 Aci:
1494 3428 1495 3431 ,

396 3511 438 3566 27.
475 3507 577 3579 Atque
595 3509 671 3564 haec
688 3508 811 3578 quidem
829 3511 871 3563 ita
890 3525 923 3565 se
942 3509 1127 3564 habuerunt·
1156 3523 1226 3564 cum
1248 3515 1351 3566 autem
1373 3509 1421 3563 aii·

308 3581 430 3652 quando
444 3583 510 3651 regi
523 3583 715 3635 nuntiaretur
726 3580 887 3635 Turcicum
901 3582 1069 3636 exercitum
1082 3551 1183 3650 colligi
1193 3580 1345 3636 Romanas
1358 3596 1422 3651 pro·

280 3655 424 3713 2rincius
442 3653 667 3723 populaturum,
686 3657 779 3721 atque
799 3653 863 3722 ipse
882 3652 1012 3722 pedibus
1031 3668 1133 3722 aeger,
1152 3651 1338 3708 fluxionibus
1352 3653 1421 3707 ube

279 3731 297 3784 3
307 3727 370 3780 rius
381 3724 612 3780 decurrentibus
621 3739 689 3777 cum
700 3723 857 3778 doloribus
866 3739 903 3778 ac
912 3725 1097 3778 cruciatibus
1109 3725 1273 3793 acerrimis,
1285 3725 1421 3779 barbaris

308 3811 468 3852 occurrere
489 3810 551 3849 non
575 3801 684 3864 posset,
714 3793 857 3864 Camytze
875 3795 1032 3850 Eustathio
1053 3795 1131 3850 duce
1149 3795 1333 3867 pbalangem
1350 3795 1421 3849 miii·

279 3874 369 3929 itum
389 3873 495 3922 coutru
514 3881 567 3921 eos
586 3867 682 3933 mittit,
702 3867 768 3920 viro
787 3869 866 3921 iuter
885 3866 979 3921 duces
996 3867 1147 3936 primario.
1184 3866 1242 3931 Qui
1255 3883 1322 3922 cum
1335 3873 1420 3938 parte

307 3940 436 3993 hostium
460 3953 522 3992 non
546 3939 668 3991 minima
691 3953 874 4008 congressus
893 3940 992 3992 rictus
1011 3944 1056 3994 est
1075 3945 1106 3993 et
1124 3940 1190 4008 ipse
1208 3944 1322 4009 captus,
1350 3937 1420 3992 miii·

279 4010 387 4070 btibus
406 4011 515 4081 partim
535 4011 638 4076 caesis,
659 4011 768 4078 partim
783 4011 859 4078 fuga
879 4009 997 4080 elapsis.
1035 4009 1151 4073 Quibus
1167 4012 1260 4065 rebus
1279 4011 1419 4064 nuntiatis

306 4097 361 4137 rex
381 4083 477 4138 teneri
496 4096 558 4135 non
577 4081 682 4150 potuit,
703 4081 777 4148 quin
796 4082 861 4150 ipse
880 4082 1092 4151 egrederetur;
1111 4097 1148 4136 ae
1165 4081 1282 4137 Tuscos
1301 4081 1419 4152 quidem

306 4168 457 4224 nusquam
471 4152 601 4222 adeptus
615 4157 668 4217 est,
687 4152 770 4220 quod
786 4153 892 4207 audito
912 4155 994 4223 regis
1013 4153 1150 4208 adventu
1167 4155 1279 4208 laxatis
1297 4153 1418 4208 habenis

307 4227 496 4281 continenter
522 4227 674 4294 fugerant,
704 4224 757 4278 sed
778 4222 960 4293 Camytzem,
989 4226 1040 4294 qui
1069 4226 1132 4279 suis
1159 4225 1334 4280 custodibus
1362 4239 1417 4278 ma·

279 4305 437 4369 egnorum
461 4297 666 4366 praemiorum
691 4309 746 4366 spe
774 4297 931 4365 proposita
958 4303 1161 4366 persuaserat,
1188 4301 1223 4351 ut
1249 4312 1352 4352 secum
1380 4292 1416 4348 ad

280 4377 411 4440 ‘tregem
426 4368 662 4438 transfugerent,
682 4367 811 4422 libenter
824 4367 900 4422 vidit
913 4370 1041 4439 eiusque
1060 4369 1274 4425 liberatoribus
1292 4369 1416 4440 pecunia

307 4443 427 4498 donatis
447 4439 626 4512 Byzantium
646 4438 742 4494 rediit.
