3050 4775
479 458 532 523 DE
551 460 699 524 annum
718 460 906 524 IVDIOEVBI
1198 462 1251 526 tot

133 651 187 731 τῆς
210 644 409 732 δικαιοσύνης
431 647 472 733 ἦν
494 654 601 733 τηρῶν
624 650 749 733 ἀρετήν·
784 650 898 734 ταθτης
925 648 986 734 γὰρ
1018 651 1097 715 idios·
1127 650 1164 715 τό
1196 657 1251 715 τοῦ

133 750 201 813 κατ’
225 750 315 824 ἀξίαν
338 750 461 834 ἑκάστῳ
485 750 717 834 όιανεμητικόν·
751 752 770 814 ὁ
794 752 829 817 dd
850 758 915 824 τοῖς
936 753 996 836 μὲν
1018 755 1175 836 συγγενέσι
1197 754 1252 818 καί

1 866 51 921 tv
71 864 124 919 260
133 857 197 916 τῶν
219 852 427 935 θεραπόντων
450 853 524 918 τισίν
548 854 683 937 ἁμάξαις
706 854 792 926 ὅλαις
814 861 943 939 παρεῖχε
965 855 1002 919 τὰ
1019 856 1156 940 όημάσια
1171 858 1250 940 χρή-

132 978 216 1037 ματα
240 956 293 1019 καί
315 958 466 1041 χορηγίας
488 957 616 1027 ἐκείνοις
639 957 740 1039 ἀάρὰς
763 958 904 1041 ἐτησίους
926 958 1100 1041 ἀπένειμεν,
1127 958 1176 1030 ὡς
1197 958 1251 1022 καί

107 1058 268 1123 ῦπλοῦτον
290 1059 513 1143 περιβαλέσθαι
535 1059 642 1142 βοθθν
668 1060 722 1124 καί
749 1061 922 1144 ὑπηρεσίαν
948 1061 1071 1132 ἑαυτοῖς
1097 1061 1252 1136 ἀποτάξαι

133 1162 193 1224 οὐκ
215 1162 362 1244 ἰδιώταις,
386 1161 463 1226 ἀλλὰ
484 1162 641 1245 βασιλεῦσι
663 1164 865 1247 κατάλληλον,
888 1163 943 1228 καλ
965 1164 1073 1235 obsone
1091 1166 1250 1248 προσκτή-

133 1264 260 1347 σασθαι,
283 1264 410 1347 μεγέθει
431 1264 490 1348 μέν
510 1264 636 1329 πόλεσιν
651 1266 803 1348 ἐοικότας,
825 1266 1005 1350 πολυτελείᾳ
1029 1266 1063 1331 ἀί
1085 1266 1252 1349 βασιλείων

133 1364 319 1437 ἀπεοικότας
342 1367 450 1431 οὐδέν·
472 1374 536 1439 τοῖς
555 1367 590 1432 dd
604 1368 724 1439 λοιποῖς
738 1373 803 1433 τῶν
818 1366 854 1433 εὖ
870 1368 1046 1452 γεγονότων
1061 1370 1123 1452 οὐχ
1137 1368 1251 1452 όμοίαν
1260 1373 1296 1428 25
1314 1374 1342 1428 D

134 1468 324 1533 ἐνεδείκνυτο
345 1469 402 1554 τὴν
423 1472 613 1555 προαίρεσιν,
638 1472 687 1534 ἵνα
709 1472 755 1555 μή
778 1496 805 1535 τι
823 1473 929 1555 ἕτερον
944 1470 1068 1554 φαῦλον
1083 1472 1158 1556 ἐρῶ,
1183 1496 1250 1556 φει-

90 1578 126 1632 10
135 1570 269 1654 όόμενος
290 1578 346 1636 τοῦ
369 1572 493 1657 ἀνδρός.
536 1573 664 1657 βασιλέα
687 1572 746 1657 μέν
769 1571 838 1656 οὖν,
861 1570 928 1638 οἷον
949 1572 984 1638 τό
1007 1574 1136 1659 ἀκριβὲς
1158 1574 1296 1639 dnae-26

133 1680 185 1757 rei,
210 1674 270 1737 οὐκ
294 1675 369 1740 ἐῶσι
390 1676 427 1739 τό
451 1678 599 1761 είρημίνα
615 1678 736 1741 ἐκεῖνον
749 1678 949 1760 νομίζεσθαι·
974 1674 1039 1741 ἀλλ’
1057 1678 1133 1741 otti
1146 1679 1252 1761 μέντοι

134 1778 258 1860 φαῦλον
280 1780 360 1842 εἴποι
382 1802 425 1851 τις
447 1778 501 1844 τόν
523 1778 695 1865 Κομιηνόν
719 1780 945 1864 αὐτοκράτορα.
987 1781 1017 1843 εί
1037 1780 1071 1844 dd
1093 1779 1149 1863 τὴν
1172 1780 1296 1863 ἄγανῖἵ

135 1880 295 1964 ἀκρίβειαν
317 1883 421 1965 ζητοίη
445 1906 489 1955 τις
511 1882 545 1946 έν
567 1889 630 1954 τοῖς
651 1883 905 1967 αὐτοκράτορσιν,
928 1883 989 1946 οὐκ
1005 1882 1095 1967 οίμαί
1106 1906 1173 1948 τινα
1188 1888 1254 1947 τῶν

135 1984 291 2048 ἀνέκαθεν
312 1990 367 2069 τῆς
385 1985 553 2069 Ῥωμαίων
569 1986 805 2071 ἐπιβεβηκότων
820 1988 988 2071 ἡγεμονίας
1003 1986 1038 2051 έν
1051 1990 1147 2051 πᾶσιν
1160 1985 1251 2051 εὔθο-

88 2086 290 2170 15κιμηκάτα
313 2088 533 2173 κριθήσεσθαι,
557 2085 622 2153 ἀλλ’
640 2090 676 2153 ἐκ
691 2096 747 2154 τοῦ
769 2091 996 2165 πλεονάζοντος
1018 2090 1054 2153 έν
1074 2093 1139 2160 τοῖς
1160 2090 1253 2172 ἤθεσι

135 2194 230 2272 σφῶν
255 2188 308 2253 καί
334 2196 400 2261 ταῖς
426 2192 575 2275 πράξεσιν
602 2193 725 2275 ἑκάστῳ
752 2194 772 2276 ἡ
800 2191 936 2257 πολιτεία
963 2192 1252 2276 κεχαροκτήρισται.

135 2290 322 2377 ἀνέγκλητος
345 2293 405 2378 γὰρ
429 2294 532 2365 οὐθείς
555 2295 594 2359 ἀν
616 2319 691 2359 ποτε
714 2294 805 2370 ἀόξαι
826 2294 896 2359 ott’
913 2294 1027 2379 ἀμιγὴς
1042 2301 1097 2379 τῆς
1111 2295 1253 2378 χείρονος
1262 2300 1458 2358 98P11311A

135 2396 243 2469 ἕξεως·
271 2398 432 2481 θειοτέρας
455 2397 516 2482 γὰρ
539 2404 630 2463 τοῦτο
652 2399 778 2483 μοίρας,
802 2399 868 2462 ἀλλ’
893 2399 954 2463 οὒκ
977 2399 1183 2483 ἀνθρωπίνης
1206 2399 1252 2482 εἴη

135 2498 175 2560 ἄν
196 2521 272 2562 ποτε
294 2500 432 2584 φύσεως.

190 2666 258 2736 lde·
277 2667 367 2724 om.C
439 2670 507 2724 ίόιον
524 2669 592 2724 Βεπ
614 2667 665 2740 Di,
684 2671 745 2725 ἴδιοι
759 2669 787 2724 Α
866 2669 924 2740 τοῦ]
937 2670 971 2725 οὗ
985 2673 990 2738 Ι
1006 2668 1030 2726 O
1048 2669 1254 2725 Wolflimanu

190 2745 328 2794 notatum
400 2739 417 2793 2
435 2741 546 2796 iadorae
566 2687 618 2796 BP)
695 2741 911 2812 ildeprandum]
930 2741 1109 2812 άρχόντωνΟ
1188 2742 1254 2810 άμά-

189 2813 247 2872 ξαις
266 2809 405 2882 OSWth',
423 2811 536 2881 ἀμάξαις
555 2811 608 2867 ΑΕ
679 2813 697 2868 4
715 2813 797 2883 ἁδρός
812 2812 924 2884 Apr,
943 2811 1081 2883 ὁάρᾶςῦἰ
1151 2813 1254 2882 ἐτησίας

190 2880 312 2952 BCEwp
415 2881 538 2954 ἀπένειμε
556 2883 680 2954 Ewth',
700 2901 728 2940 v.
748 2886 788 2940 ad
806 2885 879 2940 XIII
901 2887 924 2953 l,
944 2885 962 2940 5
1073 2886 1210 2953 ὃάμοίαις
1230 2885 1254 2938 Ε

191 2955 222 3006 11
244 2953 279 3006 δι’
291 2955 429 3008 ἕκτῒνονΕ
502 2956 536 3010 13
554 2957 641 3024 ἄκραν
653 2955 706 3010 BD
789 2956 824 3010 14
842 2963 914 3012 ante
932 2957 1062 3026 ρωμοίων
1080 2956 1150 3011 add.
1163 2955 1253 3009 τῶνΟ

226 3025 424 3096 ἐπιβεβηκότων
443 3025 569 3098 prDi,
588 3029 763 3098 ἐπιβεβηκότα
781 3027 809 3081 Α
917 3029 951 3084 15
968 3029 1154 3086 πλεονάσαντος
1173 3028 1210 3097 p*

189 3096 225 3222 ὲό
243 3096 427 3238 ἒκάητουηΒὲ)
518 3100 551 3155 17
570 3100 635 3168 ὅόξη
655 3097 766 3168 Apr,
786 3115 862 3155 corr.
881 3098 925 3153 Di
1013 3098 1109 3170 ἀμιγὴς
1127 3095 1253 3169 Rapui,

206 3175 285 3238 μιγῆι
316 3170 359 3224 sie

137 3329 278 3396 tribuere,
304 3346 364 3400 quo
384 3337 429 3388 est
449 3331 572 3403 dignum
602 3333 651 3388 ille
670 3348 744 3388 vero
763 3332 903 3402 cognatis
923 3337 952 3387 et
970 3331 1114 3386 ministris
1133 3329 1254 3400 quibus-

138 3399 206 3455 dam
219 3407 284 3456 tota
297 3403 433 3472 plaustra
446 3405 586 3474 publicae
599 3405 747 3474 pecuniae
760 3404 929 3473 praebebat
942 3408 972 3458 et
985 3418 1104 3458 annuos
1117 3407 1255 3473 sumptus

137 3472 323 3542 largissimos
342 3475 556 3545 suppeditavit,
579 3481 611 3530 ut
631 3481 659 3530 et
679 3478 799 3544 magnis
818 3476 927 3544 opibus
946 3474 1138 3529 abundarent
1158 3480 1188 3528 et
1207 3489 1254 3527 oo·

136 3545 274 3598 miratum
305 3545 420 3600 alerent
451 3562 512 3601 non
543 3547 668 3617 privatis
701 3547 871 3601 hominibus
902 3546 956 3600 sed
987 3547 1113 3616 regibus
1145 3561 1254 3600 conve·

137 3616 269 3669 nientem
289 3621 319 3670 et
337 3617 428 3672 aedes
449 3627 660 3688 compararent
679 3623 712 3672 ut
731 3617 942 3687 magnitudine
954 3617 1082 3671 urbibus
1096 3633 1193 3687 pares,
1211 3619 1254 3671 ita

136 3687 363 3756 magnificentia
381 3691 474 3760 regiis
493 3690 612 3760 palatiis
633 3689 715 3744 haud
734 3691 875 3759 impares.
913 3689 993 3758 Erga
1013 3689 1160 3758 reliquam
1180 3685 1299 3742 seroib

137 3759 325 3813 nobilitatem
344 3776 406 3815 non
426 3761 551 3832 perinde
570 3762 737 3832 benignum
757 3775 790 3815 se
809 3760 985 3830 praebebat,
1013 3775 1052 3814 ne
1076 3759 1149 3828 quid
1171 3759 1254 3813 alind

138 3831 177 3884 de
195 3831 262 3885 viro
282 3830 389 3901 dicam,
418 3834 504 3887 cuius
527 3832 635 3888 honori
655 3832 824 3886 consultum
844 3831 923 3886 volo.
961 3831 1045 3895 Quae
1064 3845 1113 3884 res
1131 3829 1299 3885 Comae-26

137 3917 210 3956 num
230 3917 333 3972 regem
353 3905 521 3974 perfeetum
541 3905 669 3959 iudicari
687 3919 749 3958 non
769 3905 884 3971 sinunt;
903 3917 1004 3972 neque
1022 3907 1123 3955 tamen
1143 3902 1254 3955 malum

137 3976 350 4043 Imperatorem
361 3975 547 4031 Comnenum
567 3977 726 4045 quisquam
746 3975 864 4028 dixerit.
901 3973 977 4029 Nam
997 3974 1049 4042 qui
1068 3975 1205 4028 severine
1222 3973 1298 4026 indi

138 4049 335 4115 imperatores
354 4048 552 4117 inquisiverit,
571 4047 711 4117 equidem
730 4062 791 4100 non
811 4046 943 4100 arbitror
960 4044 1054 4100 ullum
1075 4060 1178 4113 regem
1198 4044 1254 4098 Ro·

138 4132 297 4174 manorum
318 4119 490 4189 principatu
509 4119 676 4187 antiquitus
688 4121 816 4188 potitum
836 4117 1031 4172 inventurum
1051 4131 1125 4182 esse,
1144 4117 1175 4169 in
1193 4130 1253 4184 quo

137 4191 210 4244 nihil
231 4188 270 4242 ad
290 4195 525 4245 consummatam
541 4189 660 4244 landem
675 4189 875 4257 desideratum
895 4203 955 4258 quo
969 4188 1010 4256 fit,
1026 4192 1061 4240 ut
1074 4189 1252 4255 cuiusquam

183 4261 321 4316 bernatio
351 4277 389 4316 ex
417 4276 534 4317 morum
563 4265 593 4315 et
625 4275 725 4315 rerum
753 4262 819 4315 eins
842 4261 958 4314 maiore
982 4266 1069 4328 parte
1094 4258 1253 4313 iudicetur.

160 4335 209 4388 ine
237 4333 361 4388 crimine
389 4337 470 4388 certe
499 4332 618 4401 quidem
649 4337 678 4386 et
703 4331 886 4386 deteriorum
911 4332 1103 4386 affectionum
1129 4344 1253 4398 prorsus
1263 4329 1298 4384 28

137 4419 248 4476 expers
267 4419 355 4459 nemo
375 4406 559 4474 invenietur,
582 4402 612 4458 id
632 4405 710 4458 onim
731 4404 855 4457 divinae
874 4403 1023 4458 felidtatis
1042 4403 1254 4470 meritaeque

136 4491 271 4550 unquam
293 4477 321 4531 in
341 4477 504 4531 humanam
524 4481 663 4533 naturam
684 4475 835 4530 ceciderit.
