<?xml version="1.0" encoding="UTF-8"?>
<!DOCTYPE html PUBLIC "-//W3C//DTD XHTML 1.0 Transitional//EN"
    "http://www.w3.org/TR/xhtml1/DTD/xhtml1-transitional.dtd">
<html xmlns="http://www.w3.org/1999/xhtml" xml:lang="en" lang="en">
 <head>
  <title>
</title>
<meta http-equiv="Content-Type" content="text/html;charset=utf-8" />
  <meta name='ocr-system' content='tesseract 3.04.00' />
  <meta name='ocr-capabilities' content='ocr_page ocr_carea ocr_par ocr_line ocrx_word'/>
</head>
<body>
  <div class='ocr_page' id='page_1' title='image "./corpusscriptoru01theogoog/corpusscriptoru01theogoog_0822.png"; bbox 0 0 3050 4775; ppageno 0'>
   <div class='ocr_carea' id='block_1_1' title="bbox 123 398 1495 2414">
    <p class='ocr_par' dir='ltr' id='par_1_1' title="bbox 123 398 1495 2414">
     <span class='ocr_line' id='line_1_1' title="bbox 279 398 1113 469; baseline -0.002 -12"><span class='ocrx_word' id='word_1_1' title='bbox 279 401 333 459; x_wconf 80' lang='lat' dir='ltr'><strong><em>rso</em></strong></span> <span class='ocrx_word' id='word_1_2' title='bbox 563 398 699 456; x_wconf 75' lang='lat' dir='ltr'><strong>zonas.</strong></span> <span class='ocrx_word' id='word_1_3' title='bbox 719 399 818 455; x_wconf 73' lang='lat' dir='ltr'><strong>serr.</strong></span> <span class='ocrx_word' id='word_1_4' title='bbox 837 401 936 457; x_wconf 83' lang='lat' dir='ltr'><strong>xvnr</strong></span> <span class='ocrx_word' id='word_1_5' title='bbox 954 400 998 469; x_wconf 77' lang='lat' dir='ltr'><strong>ns,</strong></span> <span class='ocrx_word' id='word_1_6' title='bbox 1016 400 1113 456; x_wconf 82' lang='lat' dir='ltr'><strong>r-ro.</strong></span> 
     </span>
     <span class='ocr_line' id='line_1_2' title="bbox 253 577 1394 665; baseline -0.002 -22"><span class='ocrx_word' id='word_1_7' title='bbox 253 583 469 665; x_wconf 76' lang='grc' dir='ltr'><strong><em>Βπρόγυωσιν.</em></strong></span> <span class='ocrx_word' id='word_1_8' title='bbox 516 583 694 665; x_wconf 77' lang='grc' dir='ltr'><em>γεγράφθαι</em></span> <span class='ocrx_word' id='word_1_9' title='bbox 718 582 778 664; x_wconf 83' lang='grc' dir='ltr'><strong><em>γάρ</em></strong></span> <span class='ocrx_word' id='word_1_10' title='bbox 801 606 864 645; x_wconf 87' lang='grc' dir='ltr'><strong><em>που</em></strong></span> <span class='ocrx_word' id='word_1_11' title='bbox 886 582 958 664; x_wconf 83' lang='grc' dir='ltr'><strong><em>περὶ</em></strong></span> <span class='ocrx_word' id='word_1_12' title='bbox 980 583 1078 645; x_wconf 85' lang='grc' dir='ltr'><strong><em>αὐτοῦ</em></strong></span> <span class='ocrx_word' id='word_1_13' title='bbox 1096 586 1160 652; x_wconf 84' lang='grc' dir='ltr'><strong><em>τοῖς</em></strong></span> <span class='ocrx_word' id='word_1_14' title='bbox 1173 581 1328 664; x_wconf 86' lang='grc' dir='ltr'><strong><em>πονήσασι</em></strong></span> <span class='ocrx_word' id='word_1_15' title='bbox 1340 577 1394 649; x_wconf 83' lang='grc' dir='ltr'><strong><em>τὰς</em></strong></span> 
     </span>
     <span class='ocr_line' id='line_1_3' title="bbox 123 682 1395 769; baseline -0.001 -22"><span class='ocrx_word' id='word_1_16' title='bbox 123 690 271 747; x_wconf 80' lang='lat' dir='ltr'>w111244</span> <span class='ocrx_word' id='word_1_17' title='bbox 279 684 351 767; x_wconf 77' lang='grc' dir='ltr'><strong><em>περὶ</em></strong></span> <span class='ocrx_word' id='word_1_18' title='bbox 373 689 437 749; x_wconf 85' lang='grc' dir='ltr'><strong><em>τῶν</em></strong></span> <span class='ocrx_word' id='word_1_19' title='bbox 458 685 613 769; x_wconf 81' lang='grc' dir='ltr'><strong><em>βασιλέων</em></strong></span> <span class='ocrx_word' id='word_1_20' title='bbox 636 684 873 767; x_wconf 85' lang='grc' dir='ltr'><strong><em>αλνιγμστώόεις</em></strong></span> <span class='ocrx_word' id='word_1_21' title='bbox 896 684 1022 767; x_wconf 80' lang='grc' dir='ltr'><strong><em>γραφὰς</em></strong></span> <span class='ocrx_word' id='word_1_22' title='bbox 1044 685 1091 756; x_wconf 85' lang='grc' dir='ltr'><strong><em>ὡς</em></strong></span> <span class='ocrx_word' id='word_1_23' title='bbox 1112 685 1250 767; x_wconf 78' lang='grc' dir='ltr'><strong><em>“ἀγκῆρι</em></strong></span> <span class='ocrx_word' id='word_1_24' title='bbox 1267 682 1395 752; x_wconf 78' lang='grc' dir='ltr'><strong><em>καυθελς</em></strong></span> 
     </span>
     <span class='ocr_line' id='line_1_4' title="bbox 280 777 1495 871; baseline -0.003 -18"><span class='ocrx_word' id='word_1_25' title='bbox 280 787 450 869; x_wconf 85' lang='grc' dir='ltr'><strong><em>πεσεῖται”,</em></strong></span> <span class='ocrx_word' id='word_1_26' title='bbox 484 789 597 871; x_wconf 84' lang='grc' dir='ltr'><strong><em>ἀγκῆρι</em></strong></span> <span class='ocrx_word' id='word_1_27' title='bbox 624 788 763 870; x_wconf 88' lang='grc' dir='ltr'><strong><em>λέγοντες</em></strong></span> <span class='ocrx_word' id='word_1_28' title='bbox 786 786 859 858; x_wconf 81' lang='grc' dir='ltr'><strong><em>τοὺς</em></strong></span> <span class='ocrx_word' id='word_1_29' title='bbox 881 795 1071 871; x_wconf 73' lang='grc' dir='ltr'><em>συγγραφεῖς</em></span> <span class='ocrx_word' id='word_1_30' title='bbox 1093 788 1233 857; x_wconf 73' lang='grc' dir='ltr'><strong><em>ἐκείνους</em></strong></span> <span class='ocrx_word' id='word_1_31' title='bbox 1253 784 1289 849; x_wconf 83' lang='grc' dir='ltr'><strong><em>τὸ</em></strong></span> <span class='ocrx_word' id='word_1_32' title='bbox 1311 785 1396 867; x_wconf 76' lang='grc' dir='ltr'><strong><em>οιόή-</em></strong></span> <span class='ocrx_word' id='word_1_33' title='bbox 1494 777 1495 800; x_wconf 61' lang='grc'>’</span> 
     </span>
     <span class='ocr_line' id='line_1_5' title="bbox 282 886 1396 974; baseline -0.004 -21"><span class='ocrx_word' id='word_1_34' title='bbox 282 915 351 974; x_wconf 90' lang='grc' dir='ltr'><strong><em>ριον</em></strong></span> <span class='ocrx_word' id='word_1_35' title='bbox 373 890 548 972; x_wconf 80' lang='grc' dir='ltr'><strong><em>ἀπεικάσαι,</em></strong></span> <span class='ocrx_word' id='word_1_36' title='bbox 573 886 612 953; x_wconf 74' lang='grc' dir='ltr'><strong><em>δι’</em></strong></span> <span class='ocrx_word' id='word_1_37' title='bbox 637 887 675 954; x_wconf 84' lang='grc' dir='ltr'><strong><em>οὗ</em></strong></span> <span class='ocrx_word' id='word_1_38' title='bbox 698 890 752 953; x_wconf 88' lang='grc' dir='ltr'><strong><em>τὸν</em></strong></span> <span class='ocrx_word' id='word_1_39' title='bbox 775 890 935 972; x_wconf 76' lang='grc' dir='ltr'><em>στόμαχον</em></span> <span class='ocrx_word' id='word_1_40' title='bbox 957 890 1240 974; x_wconf 76' lang='grc' dir='ltr'><strong><em>καυστηριάζεσόαι</em></strong></span> <span class='ocrx_word' id='word_1_41' title='bbox 1262 890 1396 959; x_wconf 78' lang='grc' dir='ltr'><strong><em>εἴθισται,</em></strong></span> 
     </span>
     <span class='ocr_line' id='line_1_6' title="bbox 256 990 1420 1077; baseline -0.001 -23"><span class='ocrx_word' id='word_1_42' title='bbox 256 992 334 1057; x_wconf 85' lang='grc' dir='ltr'><strong><em>9όιὰ</em></strong></span> <span class='ocrx_word' id='word_1_43' title='bbox 357 991 392 1057; x_wconf 87' lang='grc' dir='ltr'><strong><em>τό</em></strong></span> <span class='ocrx_word' id='word_1_44' title='bbox 415 992 602 1077; x_wconf 73' lang='grc' dir='ltr'><strong><em>κεκάμιγτλαι</em></strong></span> <span class='ocrx_word' id='word_1_45' title='bbox 625 991 706 1074; x_wconf 88' lang='grc' dir='ltr'><strong><em>πρὸς</em></strong></span> <span class='ocrx_word' id='word_1_46' title='bbox 728 991 763 1057; x_wconf 85' lang='grc' dir='ltr'><strong><em>τὸ</em></strong></span> <span class='ocrx_word' id='word_1_47' title='bbox 787 994 888 1076; x_wconf 84' lang='grc' dir='ltr'><strong><em>ἀκρον</em></strong></span> <span class='ocrx_word' id='word_1_48' title='bbox 906 993 990 1057; x_wconf 82' lang='grc' dir='ltr'><strong><em>αὐτό.</em></strong></span> <span class='ocrx_word' id='word_1_49' title='bbox 1037 990 1103 1056; x_wconf 80' lang='grc' dir='ltr'><strong><em>ἀλλ’</em></strong></span> <span class='ocrx_word' id='word_1_50' title='bbox 1120 990 1194 1057; x_wconf 74' lang='grc' dir='ltr'><strong><em>οὔθ’</em></strong></span> <span class='ocrx_word' id='word_1_51' title='bbox 1210 993 1230 1075; x_wconf 80' lang='grc' dir='ltr'><strong><em>ἠ</em></strong></span> <span class='ocrx_word' id='word_1_52' title='bbox 1246 991 1420 1073; x_wconf 82' lang='grc' dir='ltr'><strong><em>καυτηρία5</em></strong></span> 
     </span>
     <span class='ocr_line' id='line_1_7' title="bbox 245 1094 1397 1179; baseline 0 -22"><span class='ocrx_word' id='word_1_53' title='bbox 245 1098 354 1160; x_wconf 68' lang='lat' dir='ltr'><strong>Doto</strong></span> <span class='ocrx_word' id='word_1_54' title='bbox 376 1094 442 1178; x_wconf 80' lang='grc' dir='ltr'><strong><em>μὴν</em></strong></span> <span class='ocrx_word' id='word_1_55' title='bbox 465 1097 484 1178; x_wconf 83' lang='grc' dir='ltr'><em>ἡ</em></span> <span class='ocrx_word' id='word_1_56' title='bbox 508 1102 563 1159; x_wconf 86' lang='grc' dir='ltr'><strong><em>τοῦ</em></strong></span> <span class='ocrx_word' id='word_1_57' title='bbox 586 1096 680 1179; x_wconf 83' lang='grc' dir='ltr'><em>ἀέρος</em></span> <span class='ocrx_word' id='word_1_58' title='bbox 704 1094 855 1178; x_wconf 82' lang='grc' dir='ltr'><strong><em>ἔναλλαγὴ</em></strong></span> <span class='ocrx_word' id='word_1_59' title='bbox 880 1104 926 1179; x_wconf 78' lang='grc' dir='ltr'><strong><em>τῷ</em></strong></span> <span class='ocrx_word' id='word_1_60' title='bbox 948 1096 1100 1178; x_wconf 85' lang='grc' dir='ltr'><strong><em>κόμνοντί</em></strong></span> <span class='ocrx_word' id='word_1_61' title='bbox 1124 1120 1152 1159; x_wconf 91' lang='grc' dir='ltr'><strong><em>τι</em></strong></span> <span class='ocrx_word' id='word_1_62' title='bbox 1176 1094 1397 1177; x_wconf 75' lang='grc' dir='ltr'><strong><em>ἐλυσιτέλησαν,</em></strong></span> 
     </span>
     <span class='ocr_line' id='line_1_8' title="bbox 240 1196 1399 1282; baseline 0 -23"><span class='ocrx_word' id='word_1_63' title='bbox 240 1200 387 1282; x_wconf 83' lang='grc' dir='ltr'><strong><em>1οἠρέμα</em></strong></span> <span class='ocrx_word' id='word_1_64' title='bbox 412 1197 446 1261; x_wconf 83' lang='grc' dir='ltr'><strong><em>ἀὲ</em></strong></span> <span class='ocrx_word' id='word_1_65' title='bbox 468 1196 549 1281; x_wconf 89' lang='grc' dir='ltr'><strong><em>πρὸς</em></strong></span> <span class='ocrx_word' id='word_1_66' title='bbox 571 1196 607 1262; x_wconf 85' lang='grc' dir='ltr'><strong><em>τὸ</em></strong></span> <span class='ocrx_word' id='word_1_67' title='bbox 630 1198 715 1268; x_wconf 81' lang='grc' dir='ltr'><em>τέλος</em></span> <span class='ocrx_word' id='word_1_68' title='bbox 731 1199 853 1281; x_wconf 74' lang='grc' dir='ltr'><strong><em>ἐχώρει.</em></strong></span> <span class='ocrx_word' id='word_1_69' title='bbox 900 1201 971 1262; x_wconf 84' lang='grc' dir='ltr'><strong><em>οὔτε</em></strong></span> <span class='ocrx_word' id='word_1_70' title='bbox 987 1198 1021 1263; x_wconf 67' lang='lat' dir='ltr'><strong><em>dd</em></strong></span> <span class='ocrx_word' id='word_1_71' title='bbox 1037 1200 1068 1262; x_wconf 84' lang='grc' dir='ltr'><strong><em>σί</em></strong></span> <span class='ocrx_word' id='word_1_72' title='bbox 1082 1198 1182 1281; x_wconf 79' lang='grc' dir='ltr'><strong><em>ιάτροὶ</em></strong></span> <span class='ocrx_word' id='word_1_73' title='bbox 1197 1198 1399 1279; x_wconf 79' lang='grc' dir='ltr'><strong><em>ἀπεγνῶσθαι</em></strong></span> 
     </span>
     <span class='ocr_line' id='line_1_9' title="bbox 283 1301 1401 1387; baseline -0.002 -22"><span class='ocrx_word' id='word_1_74' title='bbox 283 1302 372 1384; x_wconf 79' lang='grc' dir='ltr'><strong><em>αὐτῷ</em></strong></span> <span class='ocrx_word' id='word_1_75' title='bbox 394 1301 429 1367; x_wconf 87' lang='grc' dir='ltr'><strong><em>τὸ</em></strong></span> <span class='ocrx_word' id='word_1_76' title='bbox 451 1302 606 1386; x_wconf 82' lang='grc' dir='ltr'><strong><em>βιώσιμον</em></strong></span> <span class='ocrx_word' id='word_1_77' title='bbox 629 1302 748 1385; x_wconf 74' lang='grc' dir='ltr'><strong><em>ἔλεγον</em></strong></span> <span class='ocrx_word' id='word_1_78' title='bbox 782 1304 839 1366; x_wconf 89' lang='grc' dir='ltr'><strong><em>καί</em></strong></span> <span class='ocrx_word' id='word_1_79' title='bbox 859 1328 937 1374; x_wconf 90' lang='grc' dir='ltr'><strong><em>τινες</em></strong></span> <span class='ocrx_word' id='word_1_80' title='bbox 957 1304 1094 1387; x_wconf 79' lang='grc' dir='ltr'><strong><em>μσναχσί</em></strong></span> <span class='ocrx_word' id='word_1_81' title='bbox 1115 1303 1291 1385; x_wconf 76' lang='grc' dir='ltr'><strong><em>προῦλεγον</em></strong></span> <span class='ocrx_word' id='word_1_82' title='bbox 1313 1302 1401 1382; x_wconf 78' lang='grc' dir='ltr'><strong><em>αὐτῷ</em></strong></span> 
     </span>
     <span class='ocr_line' id='line_1_10' title="bbox 283 1404 1400 1490; baseline -0.001 -23"><span class='ocrx_word' id='word_1_83' title='bbox 283 1405 328 1488; x_wconf 81' lang='grc' dir='ltr'><strong><em>μὴ</em></strong></span> <span class='ocrx_word' id='word_1_84' title='bbox 353 1405 456 1476; x_wconf 78' lang='grc' dir='ltr'><strong><em>ἄλλως</em></strong></span> <span class='ocrx_word' id='word_1_85' title='bbox 480 1405 612 1469; x_wconf 76' lang='grc' dir='ltr'><strong><em>ἐκλιπεῖν</em></strong></span> <span class='ocrx_word' id='word_1_86' title='bbox 635 1406 664 1467; x_wconf 83' lang='grc' dir='ltr'><strong><em>εἰ</em></strong></span> <span class='ocrx_word' id='word_1_87' title='bbox 682 1404 727 1487; x_wconf 77' lang='grc' dir='ltr'><strong><em>μὴ</em></strong></span> <span class='ocrx_word' id='word_1_88' title='bbox 751 1405 906 1489; x_wconf 90' lang='grc' dir='ltr'><strong><em>πρότερον</em></strong></span> <span class='ocrx_word' id='word_1_89' title='bbox 928 1406 1009 1490; x_wconf 84' lang='grc' dir='ltr'><strong><em>πρὸς</em></strong></span> <span class='ocrx_word' id='word_1_90' title='bbox 1026 1405 1231 1490; x_wconf 82' lang='grc' dir='ltr'><strong><em>Ἰερουσαλὴμ</em></strong></span> <span class='ocrx_word' id='word_1_91' title='bbox 1253 1404 1400 1488; x_wconf 77' lang='grc' dir='ltr'><strong><em>ἀφόιηται</em></strong></span> 
     </span>
     <span class='ocr_line' id='line_1_11' title="bbox 284 1507 1438 1591; baseline -0.003 -21"><span class='ocrx_word' id='word_1_92' title='bbox 284 1508 327 1579; x_wconf 83' lang='grc' dir='ltr'><strong><em>εἰς</em></strong></span> <span class='ocrx_word' id='word_1_93' title='bbox 349 1507 563 1590; x_wconf 83' lang='grc' dir='ltr'><strong><em>προσκύνησιν</em></strong></span> <span class='ocrx_word' id='word_1_94' title='bbox 584 1513 640 1571; x_wconf 81' lang='grc' dir='ltr'><strong><em>τοῦ</em></strong></span> <span class='ocrx_word' id='word_1_95' title='bbox 664 1508 839 1590; x_wconf 79' lang='grc' dir='ltr'><strong><em>ζωηητόρου</em></strong></span> <span class='ocrx_word' id='word_1_96' title='bbox 862 1508 965 1590; x_wconf 80' lang='grc' dir='ltr'><strong><em>τάφου</em></strong></span> <span class='ocrx_word' id='word_1_97' title='bbox 988 1515 1043 1573; x_wconf 85' lang='grc' dir='ltr'><strong><em>τοῦ</em></strong></span> <span class='ocrx_word' id='word_1_98' title='bbox 1061 1509 1174 1591; x_wconf 83' lang='grc' dir='ltr'><strong><em>κυρίου</em></strong></span> <span class='ocrx_word' id='word_1_99' title='bbox 1190 1508 1244 1571; x_wconf 80' lang='grc' dir='ltr'><strong><em>καί</em></strong></span> <span class='ocrx_word' id='word_1_100' title='bbox 1259 1513 1401 1590; x_wconf 82' lang='grc' dir='ltr'><strong><em>σωτῆρος</em></strong></span> <span class='ocrx_word' id='word_1_101' title='bbox 1411 1516 1438 1568; x_wconf 84' lang='lat'><strong><em>10</em></strong></span> 
     </span>
     <span class='ocr_line' id='line_1_12' title="bbox 285 1608 1400 1693; baseline 0.001 -21"><span class='ocrx_word' id='word_1_102' title='bbox 285 1611 389 1693; x_wconf 79' lang='grc' dir='ltr'><strong><em>ἡμῶν,</em></strong></span> <span class='ocrx_word' id='word_1_103' title='bbox 422 1609 504 1673; x_wconf 85' lang='grc' dir='ltr'><strong><em>ὅπου</em></strong></span> <span class='ocrx_word' id='word_1_104' title='bbox 533 1608 587 1673; x_wconf 82' lang='grc' dir='ltr'><strong><em>καί</em></strong></span> <span class='ocrx_word' id='word_1_105' title='bbox 615 1609 650 1673; x_wconf 87' lang='grc' dir='ltr'><strong><em>τὸ</em></strong></span> <span class='ocrx_word' id='word_1_106' title='bbox 678 1609 816 1692; x_wconf 78' lang='grc' dir='ltr'><strong><em>διάδημα</em></strong></span> <span class='ocrx_word' id='word_1_107' title='bbox 844 1609 940 1673; x_wconf 79' lang='grc' dir='ltr'><strong><em>αὐτὸν</em></strong></span> <span class='ocrx_word' id='word_1_108' title='bbox 962 1611 1144 1675; x_wconf 75' lang='grc' dir='ltr'><strong><em>ἀποθέσθαι</em></strong></span> <span class='ocrx_word' id='word_1_109' title='bbox 1164 1610 1286 1693; x_wconf 76' lang='grc' dir='ltr'><strong><em>μέλλειν</em></strong></span> <span class='ocrx_word' id='word_1_110' title='bbox 1308 1611 1400 1693; x_wconf 81' lang='grc' dir='ltr'><strong><em>ἐχρη-</em></strong></span> 
     </span>
     <span class='ocr_line' id='line_1_13' title="bbox 242 1709 1495 1796; baseline 0.004 -26"><span class='ocrx_word' id='word_1_111' title='bbox 242 1718 274 1771; x_wconf 94' lang='grc'><strong><em>11</em></strong></span> <span class='ocrx_word' id='word_1_112' title='bbox 286 1712 471 1795; x_wconf 90' lang='grc' dir='ltr'><strong><em>σμολόγουν.</em></strong></span> <span class='ocrx_word' id='word_1_113' title='bbox 517 1712 571 1777; x_wconf 84' lang='grc' dir='ltr'><strong><em>καί</em></strong></span> <span class='ocrx_word' id='word_1_114' title='bbox 595 1713 625 1777; x_wconf 79' lang='grc' dir='ltr'><strong><em>οἱ</em></strong></span> <span class='ocrx_word' id='word_1_115' title='bbox 646 1712 705 1795; x_wconf 74' lang='grc' dir='ltr'><strong><em>μὲν</em></strong></span> <span class='ocrx_word' id='word_1_116' title='bbox 731 1718 826 1776; x_wconf 88' lang='grc' dir='ltr'><strong><em>ταῦτα</em></strong></span> <span class='ocrx_word' id='word_1_117' title='bbox 857 1714 946 1795; x_wconf 77' lang='grc' dir='ltr'><strong><em>αὐτῷ</em></strong></span> <span class='ocrx_word' id='word_1_118' title='bbox 974 1712 1208 1796; x_wconf 76' lang='grc' dir='ltr'><strong><em>ἐπηγγέλλοντο,</em></strong></span> <span class='ocrx_word' id='word_1_119' title='bbox 1240 1713 1259 1777; x_wconf 82' lang='grc' dir='ltr'><strong><em>ὅ</em></strong></span> <span class='ocrx_word' id='word_1_120' title='bbox 1283 1712 1318 1776; x_wconf 65' lang='lat' dir='ltr'><strong><em>dd</em></strong></span> <span class='ocrx_word' id='word_1_121' title='bbox 1341 1720 1402 1782; x_wconf 84' lang='grc' dir='ltr'><strong><em>ταῖς</em></strong></span> <span class='ocrx_word' id='word_1_122' title='bbox 1494 1709 1495 1716; x_wconf 37' lang='lat'>¹</span> 
     </span>
     <span class='ocr_line' id='line_1_14' title="bbox 285 1814 1402 1900; baseline 0 -22"><span class='ocrx_word' id='word_1_123' title='bbox 285 1815 464 1897; x_wconf 83' lang='grc' dir='ltr'><strong><em>λεγομένοις</em></strong></span> <span class='ocrx_word' id='word_1_124' title='bbox 486 1815 655 1879; x_wconf 70' lang='grc' dir='ltr'><strong><em>ἐπίστευεν·</em></strong></span> <span class='ocrx_word' id='word_1_125' title='bbox 689 1818 707 1879; x_wconf 87' lang='grc' dir='ltr'>ὃ</span> <span class='ocrx_word' id='word_1_126' title='bbox 731 1815 791 1898; x_wconf 85' lang='grc' dir='ltr'><strong><em>γὰρ</em></strong></span> <span class='ocrx_word' id='word_1_127' title='bbox 815 1817 890 1898; x_wconf 74' lang='grc' dir='ltr'><strong><em>ἡμῖν</em></strong></span> <span class='ocrx_word' id='word_1_128' title='bbox 911 1814 992 1899; x_wconf 87' lang='grc' dir='ltr'><strong><em>πρὸς</em></strong></span> <span class='ocrx_word' id='word_1_129' title='bbox 1014 1817 1141 1900; x_wconf 83' lang='grc' dir='ltr'><strong><em>βουλῆς,</em></strong></span> <span class='ocrx_word' id='word_1_130' title='bbox 1174 1822 1265 1880; x_wconf 82' lang='grc' dir='ltr'><strong><em>τοῦτο</em></strong></span> <span class='ocrx_word' id='word_1_131' title='bbox 1291 1815 1402 1898; x_wconf 81' lang='grc' dir='ltr'><strong><em>ῥᾴόιον</em></strong></span> 
     </span>
     <span class='ocr_line' id='line_1_15' title="bbox 243 1918 1402 2001; baseline 0.004 -25"><span class='ocrx_word' id='word_1_132' title='bbox 243 1920 329 1989; x_wconf 80' lang='grc' dir='ltr'><strong><em>12εῑς</em></strong></span> <span class='ocrx_word' id='word_1_133' title='bbox 360 1919 459 1981; x_wconf 88' lang='grc' dir='ltr'><strong><em>πίστιν</em></strong></span> <span class='ocrx_word' id='word_1_134' title='bbox 491 1919 787 2001; x_wconf 87' lang='grc' dir='ltr'><strong><em>καταγγελλόμενον.</em></strong></span> <span class='ocrx_word' id='word_1_135' title='bbox 833 1919 918 1983; x_wconf 79' lang='grc' dir='ltr'><strong><em>οὕτω</em></strong></span> <span class='ocrx_word' id='word_1_136' title='bbox 947 1918 981 1982; x_wconf 69' lang='lat' dir='ltr'><strong><em>ol</em></strong></span> <span class='ocrx_word' id='word_1_137' title='bbox 1008 1918 1217 2001; x_wconf 84' lang='grc' dir='ltr'><strong><em>κλεπτόμενος</em></strong></span> <span class='ocrx_word' id='word_1_138' title='bbox 1240 1918 1337 1983; x_wconf 77' lang='grc' dir='ltr'><strong><em>ἔλαθε</em></strong></span> <span class='ocrx_word' id='word_1_139' title='bbox 1359 1926 1402 2000; x_wconf 82' lang='grc' dir='ltr'><strong><em>τῴ</em></strong></span> 
     </span>
     <span class='ocr_line' id='line_1_16' title="bbox 287 2020 1439 2105; baseline -0.002 -22"><span class='ocrx_word' id='word_1_140' title='bbox 287 2022 361 2085; x_wconf 87' lang='grc' dir='ltr'><strong><em>τέλει</em></strong></span> <span class='ocrx_word' id='word_1_141' title='bbox 383 2021 590 2103; x_wconf 90' lang='grc' dir='ltr'><strong><em>προσεγγίσας</em></strong></span> <span class='ocrx_word' id='word_1_142' title='bbox 612 2027 666 2103; x_wconf 82' lang='grc' dir='ltr'><strong><em>τῆς</em></strong></span> <span class='ocrx_word' id='word_1_143' title='bbox 688 2022 795 2104; x_wconf 84' lang='grc' dir='ltr'><strong><em>βιοτῆς</em></strong></span> <span class='ocrx_word' id='word_1_144' title='bbox 817 2022 870 2085; x_wconf 82' lang='grc' dir='ltr'><strong><em>καὶ</em></strong></span> <span class='ocrx_word' id='word_1_145' title='bbox 893 2020 956 2104; x_wconf 85' lang='grc' dir='ltr'><strong><em>πρὸ</em></strong></span> <span class='ocrx_word' id='word_1_146' title='bbox 979 2028 1034 2105; x_wconf 81' lang='grc' dir='ltr'><strong><em>τῆς</em></strong></span> <span class='ocrx_word' id='word_1_147' title='bbox 1056 2022 1098 2092; x_wconf 82' lang='grc' dir='ltr'><strong><em>εἰς</em></strong></span> <span class='ocrx_word' id='word_1_148' title='bbox 1115 2022 1322 2104; x_wconf 80' lang='grc' dir='ltr'><strong><em>Ἰερουσαλὴμ</em></strong></span> <span class='ocrx_word' id='word_1_149' title='bbox 1343 2023 1401 2103; x_wconf 77' lang='grc' dir='ltr'><strong><em>ἀφ·</em></strong></span> <span class='ocrx_word' id='word_1_150' title='bbox 1412 2028 1439 2081; x_wconf 75' lang='grc'><strong><em>15</em></strong></span> 
     </span>
     <span class='ocr_line' id='line_1_17' title="bbox 130 2118 1404 2208; baseline 0.002 -24"><span class='ocrx_word' id='word_1_151' title='bbox 130 2122 379 2197; x_wconf 85' lang='grc' dir='ltr'><strong><em>Ρ11308Αίξεως</em></strong></span> <span class='ocrx_word' id='word_1_152' title='bbox 401 2124 611 2206; x_wconf 76' lang='grc' dir='ltr'><strong><em>ἀποθέμενος,</em></strong></span> <span class='ocrx_word' id='word_1_153' title='bbox 644 2118 709 2186; x_wconf 89' lang='grc' dir='ltr'><strong><em>ἀλλ’</em></strong></span> <span class='ocrx_word' id='word_1_154' title='bbox 734 2124 794 2207; x_wconf 85' lang='grc' dir='ltr'><strong><em>οὐχ</em></strong></span> <span class='ocrx_word' id='word_1_155' title='bbox 817 2124 912 2204; x_wconf 78' lang='grc' dir='ltr'><strong><em>ἑκών,</em></strong></span> <span class='ocrx_word' id='word_1_156' title='bbox 944 2122 980 2188; x_wconf 86' lang='grc' dir='ltr'><strong><em>τὸ</em></strong></span> <span class='ocrx_word' id='word_1_157' title='bbox 1007 2124 1156 2208; x_wconf 78' lang='grc' dir='ltr'><strong><em>όιόόημα,</em></strong></span> <span class='ocrx_word' id='word_1_158' title='bbox 1188 2126 1233 2208; x_wconf 84' lang='grc' dir='ltr'><strong><em>εἴη</em></strong></span> <span class='ocrx_word' id='word_1_159' title='bbox 1259 2120 1287 2188; x_wconf 85' lang='lat' dir='ltr'><strong><em>d&#39;</em></strong></span> <span class='ocrx_word' id='word_1_160' title='bbox 1311 2127 1404 2189; x_wconf 79' lang='grc' dir='ltr'><strong><em>εἰπεῖν</em></strong></span> 
     </span>
     <span class='ocr_line' id='line_1_18' title="bbox 287 2225 1404 2310; baseline 0.001 -21"><span class='ocrx_word' id='word_1_161' title='bbox 287 2226 369 2306; x_wconf 87' lang='grc' dir='ltr'><strong><em>πρὸς</em></strong></span> <span class='ocrx_word' id='word_1_162' title='bbox 390 2225 446 2309; x_wconf 85' lang='grc' dir='ltr'><strong><em>τὴν</em></strong></span> <span class='ocrx_word' id='word_1_163' title='bbox 469 2227 537 2289; x_wconf 87' lang='grc' dir='ltr'><strong><em>ἀνω</em></strong></span> <span class='ocrx_word' id='word_1_164' title='bbox 557 2226 762 2310; x_wconf 76' lang='grc' dir='ltr'><strong><em>Ἰερουσαλὴμ</em></strong></span> <span class='ocrx_word' id='word_1_165' title='bbox 791 2226 983 2310; x_wconf 77' lang='grc' dir='ltr'><strong><em>ἐκδημήσας,</em></strong></span> <span class='ocrx_word' id='word_1_166' title='bbox 1015 2227 1071 2309; x_wconf 83' lang='grc' dir='ltr'><strong><em>τὴν</em></strong></span> <span class='ocrx_word' id='word_1_167' title='bbox 1099 2232 1163 2291; x_wconf 86' lang='grc' dir='ltr'><strong><em>τῶν</em></strong></span> <span class='ocrx_word' id='word_1_168' title='bbox 1190 2229 1404 2310; x_wconf 82' lang='grc' dir='ltr'><strong><em>πρωτοτόκων</em></strong></span> 
     </span>
     <span class='ocr_line' id='line_1_19' title="bbox 245 2328 1405 2414; baseline 0.005 -26"><span class='ocrx_word' id='word_1_169' title='bbox 245 2335 279 2390; x_wconf 85' lang='grc'><strong><em>13</em></strong></span> <span class='ocrx_word' id='word_1_170' title='bbox 287 2328 479 2414; x_wconf 83' lang='grc' dir='ltr'><strong><em>μητρόπολιν</em></strong></span> <span class='ocrx_word' id='word_1_171' title='bbox 494 2334 558 2394; x_wconf 86' lang='grc' dir='ltr'><strong><em>τῶν</em></strong></span> <span class='ocrx_word' id='word_1_172' title='bbox 573 2328 868 2412; x_wconf 79' lang='grc' dir='ltr'><strong><em>ἀπογεγραμμένων</em></strong></span> <span class='ocrx_word' id='word_1_173' title='bbox 883 2328 917 2393; x_wconf 73' lang='grc' dir='ltr'><strong><em>ἐν</em></strong></span> <span class='ocrx_word' id='word_1_174' title='bbox 932 2329 1089 2413; x_wconf 81' lang='grc' dir='ltr'><strong><em>οὐρανοῖς.</em></strong></span> <span class='ocrx_word' id='word_1_175' title='bbox 1130 2329 1405 2414; x_wconf 81' lang='grc' dir='ltr'><strong><em>πεντεκαιόετιότην</em></strong></span> 
     </span>
    </p>
   </div>
   <div class='ocr_carea' id='block_1_2' title="bbox 335 2559 1407 2935">
    <p class='ocr_par' dir='ltr' id='par_1_2' title="bbox 335 2559 1405 2857">
     <span class='ocr_line' id='line_1_20' title="bbox 344 2559 1404 2631; baseline -0.003 -16"><span class='ocrx_word' id='word_1_176' title='bbox 344 2562 358 2615; x_wconf 93' lang='grc'>1</span> <span class='ocrx_word' id='word_1_177' title='bbox 378 2562 514 2631; x_wconf 80' lang='grc' dir='ltr'><strong><em>γίγρωιται</em></strong></span> <span class='ocrx_word' id='word_1_178' title='bbox 534 2560 587 2614; x_wconf 91' lang='lat' dir='ltr'><strong><em>BD</em></strong></span> <span class='ocrx_word' id='word_1_179' title='bbox 658 2581 709 2615; x_wconf 90' lang='grc' dir='ltr'><strong><em>που</em></strong></span> <span class='ocrx_word' id='word_1_180' title='bbox 729 2577 786 2615; x_wconf 89' lang='lat' dir='ltr'><strong><em>om.</em></strong></span> <span class='ocrx_word' id='word_1_181' title='bbox 806 2559 833 2613; x_wconf 91' lang='lat' dir='ltr'>D</span> <span class='ocrx_word' id='word_1_182' title='bbox 910 2561 935 2614; x_wconf 81' lang='lat'><strong><em>2.</em></strong></span> <span class='ocrx_word' id='word_1_183' title='bbox 955 2561 972 2614; x_wconf 90' lang='lat'><strong>3</strong></span> <span class='ocrx_word' id='word_1_184' title='bbox 990 2560 1083 2630; x_wconf 76' lang='grc' dir='ltr'><strong><em>ἀγγῆρι</em></strong></span> <span class='ocrx_word' id='word_1_185' title='bbox 1103 2559 1130 2614; x_wconf 89' lang='lat' dir='ltr'>D</span> <span class='ocrx_word' id='word_1_186' title='bbox 1205 2561 1223 2614; x_wconf 87' lang='grc'><strong>3</strong></span> <span class='ocrx_word' id='word_1_187' title='bbox 1241 2559 1344 2614; x_wconf 85' lang='grc' dir='ltr'><strong><em>ι’κτῖνσν</em></strong></span> <span class='ocrx_word' id='word_1_188' title='bbox 1359 2561 1364 2626; x_wconf 92' lang='grc' dir='ltr'>Ι</span> <span class='ocrx_word' id='word_1_189' title='bbox 1379 2559 1404 2611; x_wconf 87' lang='grc' dir='ltr'><strong><em>Ι)</em></strong></span> 
     </span>
     <span class='ocr_line' id='line_1_21' title="bbox 335 2629 1405 2702; baseline -0.004 -15"><span class='ocrx_word' id='word_1_190' title='bbox 335 2632 360 2687; x_wconf 64' lang='lat' dir='ltr'><strong>d</strong></span> <span class='ocrx_word' id='word_1_191' title='bbox 379 2634 600 2702; x_wconf 76' lang='grc' dir='ltr'><strong><em>καυτηριάζεσόσι</em></strong></span> <span class='ocrx_word' id='word_1_192' title='bbox 620 2629 696 2698; x_wconf 82' lang='lat' dir='ltr'><strong><em>RDi,</em></strong></span> <span class='ocrx_word' id='word_1_193' title='bbox 715 2632 945 2700; x_wconf 71' lang='grc' dir='ltr'><strong><em>καυόηρτιίζτσιλαι</em></strong></span> <span class='ocrx_word' id='word_1_194' title='bbox 964 2631 1030 2702; x_wconf 77' lang='lat' dir='ltr'><strong><em>w*p</em></strong></span> <span class='ocrx_word' id='word_1_195' title='bbox 1091 2631 1109 2686; x_wconf 79' lang='lat'><strong>5</strong></span> <span class='ocrx_word' id='word_1_196' title='bbox 1127 2631 1267 2700; x_wconf 72' lang='grc' dir='ltr'><strong><em>κεκόφθαι</em></strong></span> <span class='ocrx_word' id='word_1_197' title='bbox 1286 2631 1348 2699; x_wconf 85' lang='lat' dir='ltr'><strong><em>Ew,</em></strong></span> <span class='ocrx_word' id='word_1_198' title='bbox 1366 2631 1405 2683; x_wconf 55' lang='grc' dir='ltr'><strong><em>κε’»</em></strong></span> 
     </span>
     <span class='ocr_line' id='line_1_22' title="bbox 343 2702 1405 2774; baseline -0.007 -14"><span class='ocrx_word' id='word_1_199' title='bbox 343 2705 450 2773; x_wconf 77' lang='grc' dir='ltr'><strong><em>καφόατ</em></strong></span> <span class='ocrx_word' id='word_1_200' title='bbox 471 2705 506 2774; x_wconf 78' lang='lat' dir='ltr'><strong><em>p*</em></strong></span> <span class='ocrx_word' id='word_1_201' title='bbox 595 2702 696 2771; x_wconf 81' lang='grc' dir='ltr'><strong><em>περίΟ</em></strong></span> <span class='ocrx_word' id='word_1_202' title='bbox 789 2703 853 2757; x_wconf 77' lang='grc' dir='ltr'><strong><em>αὐτὸ</em></strong></span> <span class='ocrx_word' id='word_1_203' title='bbox 871 2702 933 2769; x_wconf 76' lang='grc' dir='ltr'><strong><em>ΑΒ,</em></strong></span> <span class='ocrx_word' id='word_1_204' title='bbox 952 2703 1029 2757; x_wconf 79' lang='grc' dir='ltr'><strong><em>ταύτό</em></strong></span> <span class='ocrx_word' id='word_1_205' title='bbox 1047 2702 1079 2771; x_wconf 87' lang='lat' dir='ltr'><strong><em>B,</em></strong></span> <span class='ocrx_word' id='word_1_206' title='bbox 1098 2703 1176 2757; x_wconf 80' lang='grc' dir='ltr'><strong><em>αὐτὸν</em></strong></span> <span class='ocrx_word' id='word_1_207' title='bbox 1195 2702 1258 2772; x_wconf 82' lang='lat' dir='ltr'><strong><em>w*p</em></strong></span> <span class='ocrx_word' id='word_1_208' title='bbox 1349 2702 1366 2755; x_wconf 89' lang='grc'><strong>6</strong></span> <span class='ocrx_word' id='word_1_209' title='bbox 1384 2723 1405 2753; x_wconf 88' lang='grc' dir='ltr'><strong><em>τι</em></strong></span> 
     </span>
     <span class='ocr_line' id='line_1_23' title="bbox 344 2772 1405 2857; baseline -0.004 -27"><span class='ocrx_word' id='word_1_210' title='bbox 344 2774 465 2857; x_wconf 50' lang='lat' dir='ltr'><strong>ont3BD</strong></span> <span class='ocrx_word' id='word_1_211' title='bbox 531 2774 686 2842; x_wconf 81' lang='grc' dir='ltr'><strong><em>’λόίατρός</em></strong></span> <span class='ocrx_word' id='word_1_212' title='bbox 706 2780 735 2828; x_wconf 81' lang='lat' dir='ltr'><strong><em>et</em></strong></span> <span class='ocrx_word' id='word_1_213' title='bbox 753 2777 781 2828; x_wconf 84' lang='grc' dir='ltr'><strong><em>σί</em></strong></span> <span class='ocrx_word' id='word_1_214' title='bbox 797 2774 881 2844; x_wconf 84' lang='grc' dir='ltr'><strong><em>ιάτραὶ</em></strong></span> <span class='ocrx_word' id='word_1_215' title='bbox 899 2791 953 2845; x_wconf 84' lang='lat' dir='ltr'><strong>per</strong></span> <span class='ocrx_word' id='word_1_216' title='bbox 966 2775 1127 2844; x_wconf 80' lang='lat' dir='ltr'><strong>dittogr.E</strong></span> <span class='ocrx_word' id='word_1_217' title='bbox 1195 2774 1212 2829; x_wconf 82' lang='lat'><strong>9</strong></span> <span class='ocrx_word' id='word_1_218' title='bbox 1229 2773 1305 2842; x_wconf 77' lang='grc' dir='ltr'><strong><em>πρὸς]</em></strong></span> <span class='ocrx_word' id='word_1_219' title='bbox 1325 2775 1362 2834; x_wconf 81' lang='grc' dir='ltr'><strong><em>είς</em></strong></span> <span class='ocrx_word' id='word_1_220' title='bbox 1379 2772 1405 2826; x_wconf 93' lang='lat' dir='ltr'>D</span> 
     </span>
    </p>

    <p class='ocr_par' dir='ltr' id='par_1_3' title="bbox 380 2861 1407 2935">
     <span class='ocr_line' id='line_1_24' title="bbox 380 2861 1407 2935; baseline -0.002 -17"><span class='ocrx_word' id='word_1_221' title='bbox 380 2864 443 2935; x_wconf 79' lang='grc' dir='ltr'><strong><em>ι’λὴμ</em></strong></span> <span class='ocrx_word' id='word_1_222' title='bbox 463 2865 486 2918; x_wconf 83' lang='grc' dir='ltr'>Ε</span> <span class='ocrx_word' id='word_1_223' title='bbox 568 2864 692 2933; x_wconf 80' lang='grc' dir='ltr'><strong><em>ἀφίκοιτο</em></strong></span> <span class='ocrx_word' id='word_1_224' title='bbox 711 2864 743 2932; x_wconf 94' lang='grc' dir='ltr'><strong><em>Β,</em></strong></span> <span class='ocrx_word' id='word_1_225' title='bbox 763 2864 888 2933; x_wconf 86' lang='grc' dir='ltr'><strong><em>ἀφοίκιτσ</em></strong></span> <span class='ocrx_word' id='word_1_226' title='bbox 908 2863 944 2930; x_wconf 91' lang='grc' dir='ltr'><strong><em>Ι),</em></strong></span> <span class='ocrx_word' id='word_1_227' title='bbox 963 2879 991 2918; x_wconf 83' lang='lat' dir='ltr'><strong><em>v.</em></strong></span> <span class='ocrx_word' id='word_1_228' title='bbox 1002 2863 1043 2916; x_wconf 76' lang='lat' dir='ltr'><strong><em>ad</em></strong></span> <span class='ocrx_word' id='word_1_229' title='bbox 1055 2861 1124 2917; x_wconf 85' lang='lat' dir='ltr'><strong><em>XIV</em></strong></span> <span class='ocrx_word' id='word_1_230' title='bbox 1137 2864 1176 2931; x_wconf 87' lang='grc'><strong><em>10,</em></strong></span> <span class='ocrx_word' id='word_1_231' title='bbox 1188 2863 1221 2916; x_wconf 85' lang='grc'><strong><em>11</em></strong></span> <span class='ocrx_word' id='word_1_232' title='bbox 1313 2864 1348 2916; x_wconf 76' lang='grc'><strong><em>12</em></strong></span> <span class='ocrx_word' id='word_1_233' title='bbox 1363 2861 1407 2917; x_wconf 80' lang='grc' dir='ltr'><strong><em>καί</em></strong></span> 
     </span>
    </p>
   </div>
   <div class='ocr_carea' id='block_1_3' title="bbox 346 2957 1408 3184">
    <p class='ocr_par' dir='ltr' id='par_1_4' title="bbox 346 2957 1408 3184">
     <span class='ocr_line' id='line_1_25' title="bbox 346 2957 1301 3040; baseline -0.004 -14"><span class='ocrx_word' id='word_1_234' title='bbox 346 2989 403 3026; x_wconf 87' lang='lat' dir='ltr'><strong><em>om.</em></strong></span> <span class='ocrx_word' id='word_1_235' title='bbox 423 2969 445 3026; x_wconf 83' lang='grc' dir='ltr'><strong><em>α</em></strong></span> <span class='ocrx_word' id='word_1_236' title='bbox 568 2957 633 3026; x_wconf 69' lang='lat' dir='ltr'><strong>ao&#39;s</strong></span> <span class='ocrx_word' id='word_1_237' title='bbox 652 2969 677 3024; x_wconf 82' lang='lat' dir='ltr'><strong>n</strong></span> <span class='ocrx_word' id='word_1_238' title='bbox 698 2971 737 3038; x_wconf 87' lang='lat' dir='ltr'><strong><em>(v.</em></strong></span> <span class='ocrx_word' id='word_1_239' title='bbox 758 2971 797 3024; x_wconf 77' lang='lat' dir='ltr'><strong><em>as</em></strong></span> <span class='ocrx_word' id='word_1_240' title='bbox 817 2969 916 3026; x_wconf 86' lang='lat' dir='ltr'><strong>xvru</strong></span> <span class='ocrx_word' id='word_1_241' title='bbox 934 2971 978 3037; x_wconf 81' lang='lat' dir='ltr'><strong>ar,</strong></span> <span class='ocrx_word' id='word_1_242' title='bbox 999 2971 1051 3036; x_wconf 81' lang='grc' dir='ltr'><strong><em>ιτ),</em></strong></span> <span class='ocrx_word' id='word_1_243' title='bbox 1071 2969 1143 3024; x_wconf 66' lang='grc' dir='ltr'><strong><em>τετε</em></strong></span> <span class='ocrx_word' id='word_1_244' title='bbox 1162 2965 1301 3040; x_wconf 68' lang='lat' dir='ltr'><strong>empna</strong></span> 
     </span>
     <span class='ocr_line' id='line_1_26' title="bbox 347 3039 1408 3112; baseline 0 -16"><span class='ocrx_word' id='word_1_245' title='bbox 347 3045 381 3097; x_wconf 88' lang='grc'><strong><em>13</em></strong></span> <span class='ocrx_word' id='word_1_246' title='bbox 399 3042 445 3097; x_wconf 73' lang='grc' dir='ltr'><strong><em>κατ’</em></strong></span> <span class='ocrx_word' id='word_1_247' title='bbox 465 3041 494 3108; x_wconf 86' lang='lat' dir='ltr'><strong><em>C,</em></strong></span> <span class='ocrx_word' id='word_1_248' title='bbox 516 3045 532 3097; x_wconf 87' lang='grc' dir='ltr'><strong><em>δ</em></strong></span> <span class='ocrx_word' id='word_1_249' title='bbox 550 3058 626 3097; x_wconf 90' lang='lat' dir='ltr'><strong>corr.</strong></span> <span class='ocrx_word' id='word_1_250' title='bbox 641 3041 687 3102; x_wconf 74' lang='lat' dir='ltr'><strong><em>Cw</em></strong></span> <span class='ocrx_word' id='word_1_251' title='bbox 761 3043 795 3096; x_wconf 81' lang='grc'><strong><em>14</em></strong></span> <span class='ocrx_word' id='word_1_252' title='bbox 814 3041 853 3111; x_wconf 76' lang='grc' dir='ltr'><strong><em>δὲ]</em></strong></span> <span class='ocrx_word' id='word_1_253' title='bbox 872 3041 956 3096; x_wconf 78' lang='grc' dir='ltr'><strong><em>καὶΟ</em></strong></span> <span class='ocrx_word' id='word_1_254' title='bbox 1030 3041 1063 3096; x_wconf 83' lang='grc'><strong><em>15</em></strong></span> <span class='ocrx_word' id='word_1_255' title='bbox 1081 3043 1119 3102; x_wconf 77' lang='grc' dir='ltr'><strong><em>εἰς</em></strong></span> <span class='ocrx_word' id='word_1_256' title='bbox 1138 3039 1236 3109; x_wconf 72' lang='lat' dir='ltr'><strong>omo,</strong></span> <span class='ocrx_word' id='word_1_257' title='bbox 1256 3039 1408 3112; x_wconf 71' lang='lat' dir='ltr'><strong>supplcw</strong></span> 
     </span>
     <span class='ocr_line' id='line_1_27' title="bbox 349 3113 996 3184; baseline -0.003 -16"><span class='ocrx_word' id='word_1_258' title='bbox 349 3116 382 3169; x_wconf 87' lang='lat'><strong><em>16</em></strong></span> <span class='ocrx_word' id='word_1_259' title='bbox 401 3115 451 3168; x_wconf 81' lang='grc' dir='ltr'><strong><em>οὐκ</em></strong></span> <span class='ocrx_word' id='word_1_260' title='bbox 470 3114 498 3167; x_wconf 88' lang='grc' dir='ltr'><strong><em>Ι)</em></strong></span> <span class='ocrx_word' id='word_1_261' title='bbox 572 3115 606 3169; x_wconf 88' lang='grc'><strong><em>18</em></strong></span> <span class='ocrx_word' id='word_1_262' title='bbox 625 3113 671 3184; x_wconf 82' lang='grc' dir='ltr'><strong><em>τὴν</em></strong></span> <span class='ocrx_word' id='word_1_263' title='bbox 690 3113 925 3183; x_wconf 82' lang='grc' dir='ltr'><strong><em>ἀπογεγραμμίνην</em></strong></span> <span class='ocrx_word' id='word_1_264' title='bbox 943 3113 996 3167; x_wconf 87' lang='grc' dir='ltr'><strong><em>ΒΙ)</em></strong></span> 
     </span>
    </p>
   </div>
   <div class='ocr_carea' id='block_1_4' title="bbox 252 3330 1495 4480">
    <p class='ocr_par' dir='ltr' id='par_1_5' title="bbox 266 3330 1495 3548">
     <span class='ocr_line' id='line_1_28' title="bbox 266 3330 1407 3404; baseline -0.003 -18"><span class='ocrx_word' id='word_1_265' title='bbox 266 3333 425 3390; x_wconf 88' lang='lat' dir='ltr'><strong>8diotione</strong></span> <span class='ocrx_word' id='word_1_266' title='bbox 445 3340 474 3390; x_wconf 93' lang='lat' dir='ltr'><strong><em>et</em></strong></span> <span class='ocrx_word' id='word_1_267' title='bbox 493 3335 702 3404; x_wconf 75' lang='lat' dir='ltr'><strong>praescientia.</strong></span> <span class='ocrx_word' id='word_1_268' title='bbox 740 3333 816 3388; x_wconf 88' lang='lat' dir='ltr'><strong><em>Nam</em></strong></span> <span class='ocrx_word' id='word_1_269' title='bbox 835 3333 948 3388; x_wconf 86' lang='lat' dir='ltr'><strong>alieubi</strong></span> <span class='ocrx_word' id='word_1_270' title='bbox 967 3333 1111 3402; x_wconf 88' lang='lat' dir='ltr'><strong>seriptum</strong></span> <span class='ocrx_word' id='word_1_271' title='bbox 1133 3348 1200 3387; x_wconf 85' lang='lat' dir='ltr'><strong>esse</strong></span> <span class='ocrx_word' id='word_1_272' title='bbox 1223 3333 1262 3385; x_wconf 86' lang='lat' dir='ltr'><strong><em>ab</em></strong></span> <span class='ocrx_word' id='word_1_273' title='bbox 1286 3333 1331 3398; x_wconf 85' lang='lat' dir='ltr'><strong>iis,</strong></span> <span class='ocrx_word' id='word_1_274' title='bbox 1359 3330 1407 3401; x_wconf 89' lang='lat' dir='ltr'><strong><em>qui</em></strong></span> 
     </span>
     <span class='ocr_line' id='line_1_29' title="bbox 293 3403 1406 3530; baseline -0.006 -69"><span class='ocrx_word' id='word_1_275' title='bbox 293 3422 401 3477; x_wconf 85' lang='lat' dir='ltr'><strong>regum</strong></span> <span class='ocrx_word' id='word_1_276' title='bbox 421 3407 485 3460; x_wconf 78' lang='lat' dir='ltr'><strong>fate</strong></span> <span class='ocrx_word' id='word_1_277' title='bbox 504 3407 686 3530; x_wconf 57' lang='lat' dir='ltr'><strong>anrbopibus</strong></span> <span class='ocrx_word' id='word_1_278' title='bbox 706 3405 844 3460; x_wconf 90' lang='lat' dir='ltr'><strong>involuta</strong></span> <span class='ocrx_word' id='word_1_279' title='bbox 863 3404 1097 3474; x_wconf 86' lang='lat' dir='ltr'><strong>descripserunt,</strong></span> <span class='ocrx_word' id='word_1_280' title='bbox 1117 3419 1186 3458; x_wconf 87' lang='lat' dir='ltr'><strong>eum</strong></span> <span class='ocrx_word' id='word_1_281' title='bbox 1206 3403 1295 3458; x_wconf 87' lang='lat' dir='ltr'><strong>harno</strong></span> <span class='ocrx_word' id='word_1_282' title='bbox 1310 3408 1406 3458; x_wconf 88' lang='lat' dir='ltr'><strong>ustum</strong></span> 
     </span>
     <span class='ocr_line' id='line_1_30' title="bbox 294 3474 1495 3548; baseline -0.007 -16"><span class='ocrx_word' id='word_1_283' title='bbox 294 3492 444 3546; x_wconf 78' lang='lat' dir='ltr'><strong>casurum,</strong></span> <span class='ocrx_word' id='word_1_284' title='bbox 472 3477 554 3548; x_wconf 91' lang='lat' dir='ltr'><strong>quod</strong></span> <span class='ocrx_word' id='word_1_285' title='bbox 578 3477 620 3531; x_wconf 89' lang='lat' dir='ltr'><strong><em>ili</em></strong></span> <span class='ocrx_word' id='word_1_286' title='bbox 643 3478 807 3546; x_wconf 79' lang='lat' dir='ltr'><strong>scriptores</strong></span> <span class='ocrx_word' id='word_1_287' title='bbox 833 3477 956 3544; x_wconf 79' lang='lat' dir='ltr'><strong>terrum,</strong></span> <span class='ocrx_word' id='word_1_288' title='bbox 985 3490 1046 3544; x_wconf 92' lang='lat' dir='ltr'><strong><em>quo</em></strong></span> <span class='ocrx_word' id='word_1_289' title='bbox 1068 3476 1241 3530; x_wconf 76' lang='lat' dir='ltr'><strong>stomachus</strong></span> <span class='ocrx_word' id='word_1_290' title='bbox 1260 3476 1308 3529; x_wconf 88' lang='lat' dir='ltr'><strong>uri</strong></span> <span class='ocrx_word' id='word_1_291' title='bbox 1327 3474 1407 3538; x_wconf 69' lang='lat' dir='ltr'><strong>solet,</strong></span> <span class='ocrx_word' id='word_1_292' title='bbox 1494 3488 1495 3525; x_wconf 78' lang='grc' dir='ltr'><strong><em>τ</em></strong></span> 
     </span>
    </p>

    <p class='ocr_par' dir='ltr' id='par_1_6' title="bbox 267 3546 1495 3690">
     <span class='ocr_line' id='line_1_31' title="bbox 267 3546 1407 3618; baseline -0.002 -17"><span class='ocrx_word' id='word_1_293' title='bbox 267 3547 334 3604; x_wconf 79' lang='lat' dir='ltr'><strong>ilob</strong></span> <span class='ocrx_word' id='word_1_294' title='bbox 358 3563 487 3604; x_wconf 78' lang='lat' dir='ltr'><strong>acumen</strong></span> <span class='ocrx_word' id='word_1_295' title='bbox 509 3549 655 3604; x_wconf 87' lang='lat' dir='ltr'><strong>inflexum</strong></span> <span class='ocrx_word' id='word_1_296' title='bbox 679 3548 767 3603; x_wconf 83' lang='lat' dir='ltr'><strong>hamo</strong></span> <span class='ocrx_word' id='word_1_297' title='bbox 791 3551 1026 3618; x_wconf 78' lang='lat' dir='ltr'><strong>comparassent.</strong></span> <span class='ocrx_word' id='word_1_298' title='bbox 1064 3546 1175 3601; x_wconf 88' lang='lat' dir='ltr'><strong>Verum</strong></span> <span class='ocrx_word' id='word_1_299' title='bbox 1203 3561 1304 3616; x_wconf 88' lang='lat' dir='ltr'><strong>neque</strong></span> <span class='ocrx_word' id='word_1_300' title='bbox 1331 3546 1407 3600; x_wconf 89' lang='lat' dir='ltr'><strong>ustio</strong></span> 
     </span>
     <span class='ocr_line' id='line_1_32' title="bbox 294 3617 1495 3690; baseline -0.001 -16"><span class='ocrx_word' id='word_1_301' title='bbox 294 3637 394 3690; x_wconf 85' lang='lat' dir='ltr'><strong>neque</strong></span> <span class='ocrx_word' id='word_1_302' title='bbox 413 3620 471 3676; x_wconf 90' lang='lat' dir='ltr'><strong>loci</strong></span> <span class='ocrx_word' id='word_1_303' title='bbox 490 3621 617 3674; x_wconf 89' lang='lat' dir='ltr'><strong>mutatio</strong></span> <span class='ocrx_word' id='word_1_304' title='bbox 657 3621 798 3690; x_wconf 80' lang='lat' dir='ltr'><strong>uinquam</strong></span> <span class='ocrx_word' id='word_1_305' title='bbox 814 3625 944 3688; x_wconf 83' lang='lat' dir='ltr'><strong>aegroto</strong></span> <span class='ocrx_word' id='word_1_306' title='bbox 958 3619 1080 3688; x_wconf 78' lang='lat' dir='ltr'><strong>profuit,</strong></span> <span class='ocrx_word' id='word_1_307' title='bbox 1100 3618 1257 3688; x_wconf 81' lang='lat' dir='ltr'><strong>paullatim</strong></span> <span class='ocrx_word' id='word_1_308' title='bbox 1270 3617 1407 3671; x_wconf 84' lang='lat' dir='ltr'><strong>adfinem</strong></span> <span class='ocrx_word' id='word_1_309' title='bbox 1494 3626 1495 3673; x_wconf 70' lang='grc' dir='ltr'>ξ</span> 
     </span>
    </p>

    <p class='ocr_par' dir='ltr' id='par_1_7' title="bbox 252 3688 1495 3976">
     <span class='ocr_line' id='line_1_33' title="bbox 252 3688 1495 3763; baseline -0.002 -21"><span class='ocrx_word' id='word_1_310' title='bbox 252 3690 286 3744; x_wconf 88' lang='lat'><strong><em>10</em></strong></span> <span class='ocrx_word' id='word_1_311' title='bbox 295 3693 376 3747; x_wconf 86' lang='lat' dir='ltr'><strong>vitae</strong></span> <span class='ocrx_word' id='word_1_312' title='bbox 396 3691 612 3763; x_wconf 79' lang='lat' dir='ltr'><strong>progredienti.</strong></span> <span class='ocrx_word' id='word_1_313' title='bbox 677 3691 812 3761; x_wconf 83' lang='lat' dir='ltr'><strong>egebant</strong></span> <span class='ocrx_word' id='word_1_314' title='bbox 832 3696 934 3746; x_wconf 87' lang='lat' dir='ltr'><strong>tamen</strong></span> <span class='ocrx_word' id='word_1_315' title='bbox 953 3689 1062 3744; x_wconf 84' lang='lat' dir='ltr'><strong>medici</strong></span> <span class='ocrx_word' id='word_1_316' title='bbox 1081 3691 1175 3743; x_wconf 84' lang='lat' dir='ltr'><strong>vitam</strong></span> <span class='ocrx_word' id='word_1_317' title='bbox 1194 3691 1259 3744; x_wconf 89' lang='lat' dir='ltr'><strong>eius</strong></span> <span class='ocrx_word' id='word_1_318' title='bbox 1277 3704 1342 3744; x_wconf 88' lang='lat' dir='ltr'><strong>esse</strong></span> <span class='ocrx_word' id='word_1_319' title='bbox 1360 3688 1407 3741; x_wconf 93' lang='lat' dir='ltr'><strong>de·</strong></span> <span class='ocrx_word' id='word_1_320' title='bbox 1494 3694 1495 3753; x_wconf 69' lang='lat' dir='ltr'><strong>l</strong></span> 
     </span>
     <span class='ocr_line' id='line_1_34' title="bbox 295 3756 1495 3834; baseline -0.002 -17"><span class='ocrx_word' id='word_1_321' title='bbox 295 3764 456 3834; x_wconf 77' lang='lat' dir='ltr'><strong>ploratam3</strong></span> <span class='ocrx_word' id='word_1_322' title='bbox 486 3778 522 3817; x_wconf 84' lang='lat' dir='ltr'><strong>eo</strong></span> <span class='ocrx_word' id='word_1_323' title='bbox 546 3763 684 3816; x_wconf 86' lang='lat' dir='ltr'><strong>monaehi</strong></span> <span class='ocrx_word' id='word_1_324' title='bbox 709 3762 832 3830; x_wconf 89' lang='lat' dir='ltr'><strong>quidam</strong></span> <span class='ocrx_word' id='word_1_325' title='bbox 858 3763 885 3816; x_wconf 91' lang='lat' dir='ltr'><strong>ei</strong></span> <span class='ocrx_word' id='word_1_326' title='bbox 904 3761 1123 3833; x_wconf 79' lang='lat' dir='ltr'><strong>praedicabant</strong></span> <span class='ocrx_word' id='word_1_327' title='bbox 1141 3776 1204 3815; x_wconf 88' lang='lat' dir='ltr'><strong><em>nou</em></strong></span> <span class='ocrx_word' id='word_1_328' title='bbox 1223 3761 1307 3831; x_wconf 90' lang='lat' dir='ltr'><strong>prius</strong></span> <span class='ocrx_word' id='word_1_329' title='bbox 1325 3759 1406 3814; x_wconf 88' lang='lat' dir='ltr'><strong>mori·</strong></span> <span class='ocrx_word' id='word_1_330' title='bbox 1494 3756 1495 3815; x_wconf 81' lang='lat' dir='ltr'><strong>i</strong></span> 
     </span>
     <span class='ocr_line' id='line_1_35' title="bbox 295 3822 1495 3904; baseline -0.006 -15"><span class='ocrx_word' id='word_1_331' title='bbox 295 3841 405 3901; x_wconf 88' lang='lat' dir='ltr'><strong>turum,</strong></span> <span class='ocrx_word' id='word_1_332' title='bbox 434 3849 524 3904; x_wconf 86' lang='lat' dir='ltr'><strong>quam</strong></span> <span class='ocrx_word' id='word_1_333' title='bbox 551 3833 762 3902; x_wconf 79' lang='lat' dir='ltr'><strong>Hierosolyma</strong></span> <span class='ocrx_word' id='word_1_334' title='bbox 790 3834 830 3888; x_wconf 94' lang='lat' dir='ltr'><strong><em>ad</em></strong></span> <span class='ocrx_word' id='word_1_335' title='bbox 858 3833 1030 3904; x_wconf 88' lang='lat' dir='ltr'><strong>sepulerum</strong></span> <span class='ocrx_word' id='word_1_336' title='bbox 1059 3833 1214 3886; x_wconf 78' lang='lat' dir='ltr'><strong>vivificum</strong></span> <span class='ocrx_word' id='word_1_337' title='bbox 1242 3831 1353 3886; x_wconf 90' lang='lat' dir='ltr'><strong>domini</strong></span> <span class='ocrx_word' id='word_1_338' title='bbox 1379 3833 1407 3884; x_wconf 87' lang='lat' dir='ltr'><strong><em>et</em></strong></span> <span class='ocrx_word' id='word_1_339' title='bbox 1494 3822 1495 3843; x_wconf 65' lang='lat'>¹</span> 
     </span>
     <span class='ocr_line' id='line_1_36' title="bbox 295 3904 1407 3976; baseline -0.004 -16"><span class='ocrx_word' id='word_1_340' title='bbox 295 3908 459 3960; x_wconf 83' lang='lat' dir='ltr'><strong>servatoris</strong></span> <span class='ocrx_word' id='word_1_341' title='bbox 477 3906 573 3960; x_wconf 83' lang='lat' dir='ltr'><strong>nostri</strong></span> <span class='ocrx_word' id='word_1_342' title='bbox 593 3904 783 3959; x_wconf 85' lang='lat' dir='ltr'><strong>adorandum</strong></span> <span class='ocrx_word' id='word_1_343' title='bbox 803 3906 985 3976; x_wconf 84' lang='lat' dir='ltr'><strong>perveniret,</strong></span> <span class='ocrx_word' id='word_1_344' title='bbox 1006 3904 1059 3958; x_wconf 88' lang='lat' dir='ltr'><strong><em>ubi</em></strong></span> <span class='ocrx_word' id='word_1_345' title='bbox 1078 3919 1146 3958; x_wconf 89' lang='lat' dir='ltr'><strong>eum</strong></span> <span class='ocrx_word' id='word_1_346' title='bbox 1166 3904 1407 3957; x_wconf 79' lang='lat' dir='ltr'><strong>vaticinabantur</strong></span> 
     </span>
    </p>

    <p class='ocr_par' dir='ltr' id='par_1_8' title="bbox 252 3974 1406 4047">
     <span class='ocr_line' id='line_1_37' title="bbox 252 3974 1406 4047; baseline -0.003 -17"><span class='ocrx_word' id='word_1_347' title='bbox 252 3977 284 4030; x_wconf 88' lang='grc'><strong><em>11</em></strong></span> <span class='ocrx_word' id='word_1_348' title='bbox 296 3977 436 4032; x_wconf 82' lang='lat' dir='ltr'><strong>diadema</strong></span> <span class='ocrx_word' id='word_1_349' title='bbox 456 3992 521 4032; x_wconf 85' lang='lat' dir='ltr'><strong>esse</strong></span> <span class='ocrx_word' id='word_1_350' title='bbox 542 3978 757 4047; x_wconf 88' lang='lat' dir='ltr'><strong>depositurum.</strong></span> <span class='ocrx_word' id='word_1_351' title='bbox 795 3977 929 4041; x_wconf 82' lang='lat' dir='ltr'><strong>Quorum</strong></span> <span class='ocrx_word' id='word_1_352' title='bbox 949 3976 998 4030; x_wconf 88' lang='lat' dir='ltr'><strong>ille</strong></span> <span class='ocrx_word' id='word_1_353' title='bbox 1014 3975 1153 4046; x_wconf 75' lang='lat' dir='ltr'><strong>pollicitis</strong></span> <span class='ocrx_word' id='word_1_354' title='bbox 1166 3974 1323 4044; x_wconf 86' lang='lat' dir='ltr'><strong>eredebat;</strong></span> <span class='ocrx_word' id='word_1_355' title='bbox 1341 3988 1406 4028; x_wconf 84' lang='lat' dir='ltr'><strong><em>nam</em></strong></span> 
     </span>
    </p>

    <p class='ocr_par' dir='ltr' id='par_1_9' title="bbox 253 4045 1495 4334">
     <span class='ocr_line' id='line_1_38' title="bbox 253 4045 1406 4119; baseline -0.004 -17"><span class='ocrx_word' id='word_1_356' title='bbox 253 4048 472 4114; x_wconf 65' lang='lat' dir='ltr'><strong>limationem,</strong></span> <span class='ocrx_word' id='word_1_357' title='bbox 502 4063 581 4119; x_wconf 84' lang='lat' dir='ltr'><strong>quoe</strong></span> <span class='ocrx_word' id='word_1_358' title='bbox 607 4049 694 4102; x_wconf 89' lang='lat' dir='ltr'><strong>nobis</strong></span> <span class='ocrx_word' id='word_1_359' title='bbox 720 4049 828 4119; x_wconf 81' lang='lat' dir='ltr'><strong>placet,</strong></span> <span class='ocrx_word' id='word_1_360' title='bbox 856 4048 946 4102; x_wconf 84' lang='lat' dir='ltr'><strong>faoile</strong></span> <span class='ocrx_word' id='word_1_361' title='bbox 970 4047 1169 4117; x_wconf 83' lang='lat' dir='ltr'><strong>comprobare</strong></span> <span class='ocrx_word' id='word_1_362' title='bbox 1191 4047 1329 4102; x_wconf 88' lang='lat' dir='ltr'><strong>solemus.</strong></span> <span class='ocrx_word' id='word_1_363' title='bbox 1364 4045 1406 4098; x_wconf 87' lang='lat' dir='ltr'><strong>lta</strong></span> 
     </span>
     <span class='ocr_line' id='line_1_39' title="bbox 297 4116 1406 4191; baseline -0.006 -15"><span class='ocrx_word' id='word_1_364' title='bbox 297 4136 351 4190; x_wconf 88' lang='lat' dir='ltr'><strong><em>per</em></strong></span> <span class='ocrx_word' id='word_1_365' title='bbox 378 4122 575 4191; x_wconf 85' lang='lat' dir='ltr'><strong>imposturam</strong></span> <span class='ocrx_word' id='word_1_366' title='bbox 602 4136 663 4174; x_wconf 91' lang='lat' dir='ltr'><strong><em>non</em></strong></span> <span class='ocrx_word' id='word_1_367' title='bbox 690 4120 905 4174; x_wconf 78' lang='lat' dir='ltr'><strong>animadvertit</strong></span> <span class='ocrx_word' id='word_1_368' title='bbox 927 4135 961 4174; x_wconf 91' lang='lat' dir='ltr'><strong><em>se</em></strong></span> <span class='ocrx_word' id='word_1_369' title='bbox 986 4120 1068 4172; x_wconf 86' lang='lat' dir='ltr'><strong>vitae</strong></span> <span class='ocrx_word' id='word_1_370' title='bbox 1087 4119 1178 4172; x_wconf 87' lang='lat' dir='ltr'><strong>finem</strong></span> <span class='ocrx_word' id='word_1_371' title='bbox 1197 4119 1333 4188; x_wconf 82' lang='lat' dir='ltr'><strong>attigisse</strong></span> <span class='ocrx_word' id='word_1_372' title='bbox 1351 4116 1406 4170; x_wconf 86' lang='lat' dir='ltr'><strong>dia·</strong></span> 
     </span>
     <span class='ocr_line' id='line_1_40' title="bbox 297 4187 1495 4262; baseline -0.006 -16"><span class='ocrx_word' id='word_1_373' title='bbox 297 4192 424 4262; x_wconf 83' lang='lat' dir='ltr'><strong>demate,</strong></span> <span class='ocrx_word' id='word_1_374' title='bbox 444 4199 606 4262; x_wconf 83' lang='lat' dir='ltr'><strong>antequam</strong></span> <span class='ocrx_word' id='word_1_375' title='bbox 620 4191 832 4260; x_wconf 79' lang='lat' dir='ltr'><strong>Hierosolyma</strong></span> <span class='ocrx_word' id='word_1_376' title='bbox 845 4192 1027 4262; x_wconf 87' lang='lat' dir='ltr'><strong>perveniret,</strong></span> <span class='ocrx_word' id='word_1_377' title='bbox 1047 4205 1231 4259; x_wconf 87' lang='lat' dir='ltr'><strong>quamquam</strong></span> <span class='ocrx_word' id='word_1_378' title='bbox 1251 4205 1313 4244; x_wconf 92' lang='lat' dir='ltr'><strong><em>non</em></strong></span> <span class='ocrx_word' id='word_1_379' title='bbox 1324 4187 1405 4250; x_wconf 85' lang='lat' dir='ltr'><strong>ultro,</strong></span> <span class='ocrx_word' id='word_1_380' title='bbox 1494 4192 1495 4215; x_wconf 65' lang='lat'>¹</span> 
     </span>
     <span class='ocr_line' id='line_1_41' title="bbox 297 4261 1405 4334; baseline -0.007 -16"><span class='ocrx_word' id='word_1_381' title='bbox 297 4265 404 4334; x_wconf 88' lang='lat' dir='ltr'><strong>posito,</strong></span> <span class='ocrx_word' id='word_1_382' title='bbox 433 4267 489 4319; x_wconf 90' lang='lat' dir='ltr'><strong>etsi</strong></span> <span class='ocrx_word' id='word_1_383' title='bbox 515 4264 573 4318; x_wconf 86' lang='lat' dir='ltr'><strong>diei</strong></span> <span class='ocrx_word' id='word_1_384' title='bbox 602 4269 694 4332; x_wconf 89' lang='lat' dir='ltr'><strong>queat</strong></span> <span class='ocrx_word' id='word_1_385' title='bbox 718 4263 757 4317; x_wconf 80' lang='lat' dir='ltr'><strong>ed</strong></span> <span class='ocrx_word' id='word_1_386' title='bbox 781 4279 914 4332; x_wconf 90' lang='lat' dir='ltr'><strong>superna</strong></span> <span class='ocrx_word' id='word_1_387' title='bbox 933 4261 1143 4331; x_wconf 84' lang='lat' dir='ltr'><strong>Hierosolyma</strong></span> <span class='ocrx_word' id='word_1_388' title='bbox 1166 4261 1320 4330; x_wconf 81' lang='lat' dir='ltr'><strong>profectus</strong></span> <span class='ocrx_word' id='word_1_389' title='bbox 1338 4271 1405 4321; x_wconf 83' lang='lat' dir='ltr'><strong>esse,</strong></span> 
     </span>
    </p>

    <p class='ocr_par' dir='ltr' id='par_1_10' title="bbox 253 4331 1405 4480">
     <span class='ocr_line' id='line_1_42' title="bbox 253 4331 1405 4406; baseline -0.01 -16"><span class='ocrx_word' id='word_1_390' title='bbox 253 4337 287 4390; x_wconf 86' lang='lat'><strong><em>13</em></strong></span> <span class='ocrx_word' id='word_1_391' title='bbox 297 4337 567 4406; x_wconf 86' lang='lat' dir='ltr'><strong>primogenitorum</strong></span> <span class='ocrx_word' id='word_1_392' title='bbox 587 4334 785 4405; x_wconf 85' lang='lat' dir='ltr'><strong>metropolim,</strong></span> <span class='ocrx_word' id='word_1_393' title='bbox 814 4335 866 4403; x_wconf 91' lang='lat' dir='ltr'><strong><em>qui</em></strong></span> <span class='ocrx_word' id='word_1_394' title='bbox 885 4339 956 4389; x_wconf 92' lang='lat' dir='ltr'><strong>sunt</strong></span> <span class='ocrx_word' id='word_1_395' title='bbox 975 4335 1004 4386; x_wconf 91' lang='lat' dir='ltr'><strong><em>in</em></strong></span> <span class='ocrx_word' id='word_1_396' title='bbox 1025 4333 1117 4388; x_wconf 82' lang='lat' dir='ltr'><strong>caelis</strong></span> <span class='ocrx_word' id='word_1_397' title='bbox 1135 4333 1279 4402; x_wconf 86' lang='lat' dir='ltr'><strong>inscripti.</strong></span> <span class='ocrx_word' id='word_1_398' title='bbox 1315 4331 1405 4402; x_wconf 76' lang='lat' dir='ltr'><strong>Igitur</strong></span> 
     </span>
     <span class='ocr_line' id='line_1_43' title="bbox 296 4403 1405 4480; baseline -0.008 -18"><span class='ocrx_word' id='word_1_399' title='bbox 296 4406 427 4480; x_wconf 86' lang='lat' dir='ltr'><strong>Augusti</strong></span> <span class='ocrx_word' id='word_1_400' title='bbox 449 4407 496 4462; x_wconf 87' lang='lat' dir='ltr'><strong>die</strong></span> <span class='ocrx_word' id='word_1_401' title='bbox 506 4405 569 4462; x_wconf 89' lang='lat' dir='ltr'><strong><em>XV.</em></strong></span> <span class='ocrx_word' id='word_1_402' title='bbox 590 4407 769 4461; x_wconf 87' lang='lat' dir='ltr'><strong>undecimae</strong></span> <span class='ocrx_word' id='word_1_403' title='bbox 790 4406 963 4461; x_wconf 89' lang='lat' dir='ltr'><strong>indictionis</strong></span> <span class='ocrx_word' id='word_1_404' title='bbox 982 4410 1149 4460; x_wconf 78' lang='lat' dir='ltr'><strong>extremum</strong></span> <span class='ocrx_word' id='word_1_405' title='bbox 1168 4405 1305 4474; x_wconf 85' lang='lat' dir='ltr'><strong>spiritum</strong></span> <span class='ocrx_word' id='word_1_406' title='bbox 1324 4403 1405 4457; x_wconf 81' lang='lat' dir='ltr'><strong>duce</strong></span> 
     </span>
    </p>
   </div>
   <div class='ocr_carea' id='block_1_5' title="bbox 0 0 1536 4775">
    <p class='ocr_par' dir='ltr' id='par_1_11' title="bbox 0 0 1536 4775">
     <span class='ocr_line' id='line_1_44' title="bbox 0 0 1536 4775; baseline 0 0"><span class='ocrx_word' id='word_1_407' title='bbox 0 0 1536 4775; x_wconf 95' lang='lat' dir='ltr'><strong><em> </em></strong></span> 
     </span>
    </p>
   </div>
  </div>
 </body>
</html>
