3050 4775
258 379 294 446 ει
526 365 663 448 nonna.
683 372 782 445 nain.
802 364 874 444 ihu
895 373 936 458 ii,
956 369 1071 460 ait-13,
1091 381 1117 445 5.

213 579 249 633 35
346 571 526 654 Γενομένου
550 572 585 636 όὲ
607 578 662 636 τοῦ
681 571 853 635 Ἰουλιανοῦ
883 573 926 641 τίς
944 571 1130 654 Ἀντιόχειαν
1157 569 1211 634 καὶ
1238 571 1378 654 συνεχῶς

257 676 423 758 προίόντος
449 677 491 746 είς
518 674 553 739 τὸ
579 681 635 758 τῆς
661 676 792 758 Δάφνης
820 677 948 758 χωρίον,
984 676 1017 738 ἒν
1044 672 1074 756 ᾦ
1101 680 1156 737 τοῦ
1179 674 1378 744 ’Λπόλλωνος

257 779 393 860 ἄγαλμα,
425 779 519 860 ἔργον
540 801 566 840 τι
588 777 671 859 πρὸς
691 779 802 860 τέχνην
825 778 1015 860 θαυμάσιον,
1043 776 1160 858 ίόρυτο,
1189 777 1242 840 καὶ
1265 777 1379 847 θυσίας

258 881 346 963 anaqi
368 887 541 961 ποιοῦντος,
575 881 605 942 οἱ
620 880 787 962 Ἀντιοχεῖς
810 881 1071 950 ἀποσκώπτοντες
1094 881 1137 949 είς
1159 879 1255 943 αὐτὸν
1278 879 1378 961 όὺτην

213 984 364 1064 36ἔλεγον
385 983 439 1046 καὶ
461 984 501 1045 οὗ
527 983 654 1065 βασιλέα
683 984 786 1064 σφίσιν
814 983 1012 1065 ἐπιδημῆσαι.
1059 983 1112 1045 καὶ
1136 982 1185 1044 διὰ
1210 981 1244 1046 τὸ
1268 983 1413 1052 auolat-1)
1430 999 1523 1053 11121:

257 1088 354 1168 μένον
381 1087 460 1168 ἔχειν
487 1086 605 1148 ἐκεῖνον
632 1085 686 1148 τὸν
713 1084 857 1166 πώγωνα
886 1085 1001 1166 τράγον
1030 1083 1126 1147 αιίτὸν
1155 1085 1325 1166 ὠνόμαζον
1347 1085 1378 1146 οῖ

42 1198 66 1252 P
85 1195 193 1252 iinon
214 1197 249 1251 37
258 1188 346 1250 αὐτοὶ
369 1188 422 1251 καί
444 1187 525 1268 πρὸς
548 1187 683 1269 σχοίνων
706 1187 829 1268 πλοκὴν
852 1187 957 1268 ἔλεγον
980 1187 1075 1249 αιἰτὸν
1091 1187 1270 1269 ἐπιτήδειον.
1309 1187 1378 1250 ool·

259 1291 522 1354 ἀισεπιοκώπτων
545 1291 649 1359 αι’νιοῖς
672 1291 715 1359 τίς
736 1289 885 1370 βλακείαν
913 1289 966 1351 καὶ
994 1289 1115 1369 όρίιηιιν
1143 1291 1196 1352 καὶ
1223 1290 1377 1372 τρυφερό-

258 1417 332 1476 τητα
356 1394 439 1474 ἔλεγε
461 1393 506 1474 μῆ
529 1395 676 1474 παρέχειν
698 1398 761 1462 τοῖς
781 1392 967 1474 Ἀντιοχεῦσι
982 1392 1035 1454 τὸν
1058 1394 1201 1473 πώγωνα
1225 1393 1268 1460 εἰς
1292 1393 1377 1474 σχοί-

258 1519 325 1559 νων
346 1495 478 1578 πλοκήν,
513 1496 562 1557 ἵνα
585 1495 630 1577 μὴ
654 1501 691 1577 τῆ
714 1495 826 1557 τούτου
855 1495 1019 1577 τραχύτητι
1046 1495 1190 1576 όλιβεῖειν
1220 1496 1252 1556 αἱ
1278 1501 1379 1577 χεῖρες
1390 1511 1424 1564 10

259 1599 376 1662 αὐτῶν·
410 1597 493 1680 πρὸς
515 1599 571 1667 οὓς
593 1597 647 1659 καί
670 1596 764 1677 λόγον
788 1599 936 1678 ἔγραφεν,
967 1599 1002 1666 ὃς
1026 1597 1244 1678 ἐπιγέγραπται
1263 1597 1378 1660 Ἀντιο-

214 1700 348 1784 38χικὸς
375 1703 394 1782 ἢ
418 1699 635 1780 Μισοπώγων.
682 1699 758 1762 ἔθυε
787 1699 821 1762 ὁὲ
847 1707 893 1780 τῴ
922 1699 1077 1781 Δαφναίῳ
1100 1699 1272 1762 Ἀπόλλωνι
1304 1700 1377 1762 ἕκα-

214 1813 250 1867 39
258 1804 380 1885 τόμβας
403 1803 489 1883 ὅλας,
512 1802 657 1884 χρησμὸν
680 1803 784 1883 ζητῶν
807 1802 841 1874 ἐξ
863 1802 970 1864 αὐτοῦ.
1018 1801 1065 1871 ὡς
1089 1798 1117 1864 δ’
1135 1800 1173 1882 ῆν
1188 1802 1224 1864 τὸ
1247 1801 1379 1865 είόωλον

259 1907 359 1969 ἐκεῖνο
382 1905 506 1987 κωφόν,
531 1906 561 1967 ol
583 1904 738 1985 νεωκόροι
760 1904 824 1986 τὴν.
837 1903 935 1966 αἰτίαν
950 1910 1004 1986 τῆς
1020 1911 1141 1987 σιωπῆς
1157 1905 1378 1986 ἀπαιτούμενοι

260 2008 310 2072 όιὰ
339 2006 411 2077 τοὺς
440 2008 603 2089 κειμένους
631 2007 698 2069 ε’κεῖ
722 2006 854 2089 νεκροὺς
886 2012 1009 2069 σιωπᾶν
1037 2006 1072 2069 τὸ
1105 2007 1230 2089 ἄγαλμα
1264 2007 1376 2088 ἔλεγον.
1390 2023 1423 2076 15

214 2122 251 2175 40
259 2109 340 2194 ἦσαν
363 2110 423 2192 γὰρ
447 2111 513 2172 ἐκεῖ
532 2111 648 2192 ἑτέρων
670 2133 702 2171 τε
723 2109 897 2192 μαρτύρων
926 2109 1052 2191 κείμενα
1080 2109 1213 2191 λείψανα
1241 2109 1294 2172 καὶ
1321 2114 1377 2172 τοῦ

214 2225 248 2278 41
260 2214 486 2296 ῖερομάρτυρος
510 2213 544 2275 δὲ
567 2211 710 2294 Balsio.
752 2211 853 2274 πάντα
886 2210 989 2275 τοίνυν
1019 2213 1225 2295 μετατεθῆναι
1257 2213 1378 2276 ἐκεῖθεν

172 2327 196 2382 Β
215 2329 250 2382 42
259 2316 449 2400 προσέταξεν
463 2313 639 2386 Ἰουλιανός.
678 2314 776 2384 ὡςδὲ
790 2315 1039 2399 μετηνέχθησαν,
1063 2315 1201 2399 σκηπτὸς
1217 2315 1379 2399 ἐνσκήψας

261 2511 295 2565 16
312 2512 350 2564 ὅτι
368 2510 397 2564 τό
414 2510 443 2565 ἓν
460 2519 515 2570 ταῖς
534 2509 653 2580 Δάφναις
679 2512 722 2579 (τῆ
740 2510 830 2580 δάφνη
850 2510 883 2575 Ε)
903 2516 949 2565 τοῦ
969 2510 1130 2571 Ἀπόλλωνος
1151 2511 1254 2580 ἄγαλμα
1273 2510 1318 2566 καί
1336 2511 1379 2565 τόν

259 2582 322 2637 ναὸν
340 2582 456 2652 σκηπτὸς
474 2583 637 2637 κατέκαυσεν
656 2580 703 2636 ΟΕ

313 2760 461 2831 3παρὰΕ
555 2762 680 2831 όσφῖσιν
697 2759 732 2826 Α,
760 2777 788 2815 V.
808 2761 848 2816 ad
867 2760 939 2815 XIII
959 2762 984 2827 2,
1005 2760 1038 2815 14
1138 2762 1237 2830 Ίπρὸς
1255 2762 1377 2831 σχοίνων]

312 2835 481 2901 προσχοίνων
501 2834 525 2886 E
658 2832 737 2887 αιἰτὸν
754 2834 843 2901 ἔλεγον
862 2834 885 2886 Ε
1021 2834 1054 2888 15
1073 2832 1133 2887 ἐκεῖ
1147 2834 1285 2901 κειμένους
1304 2834 1377 2903 pr

315 2907 348 2958 lli
367 2905 498 2972 κειμένων
516 2910 549 2972 D,
570 2920 645 2960 corr.
666 2904 717 2962 Dw
807 2906 919 2974 λείψανα
938 2908 1045 2973 κείμενα
1066 2906 1089 2959 Ε
1178 2906 1211 2959 17
1230 2904 1260 2959 όὲ
1278 2922 1334 2961 olli.
1355 2906 1378 2958 ll

348 2978 431 3030 πάντα
451 2976 513 3041 AR,
530 2978 628 3036 πάντας
647 2992 693 3047 wp
770 2978 802 3030 18
820 2978 836 3029 ὁ
854 2977 922 3029 add.
943 2986 1014 3031 anto
1033 2978 1099 3030 iovi.
1118 2976 1220 3047 DEwp

260 3175 313 3224 tuo
337 3170 498 3241 opiscopus
521 3170 571 3223 illa
594 3170 765 3223 columnam
789 3184 894 3224 rursus
918 3169 1049 3224 lavatam
1074 3169 1215 3224 facillime
1239 3170 1270 3223 in
1289 3183 1378 3223 suum
1428 3208 1430 3215 .

260 3242 360 3296 locum
378 3242 509 3296 reduxit.

215 3316 251 3370 35
350 3312 501 3367 lulianum
519 3317 630 3380 autom,
650 3327 718 3367 cum
738 3313 871 3367 venisset
890 3311 1082 3367 Antiochiam
1102 3317 1131 3366 ot
1150 3312 1301 3382 Daphnen
1321 3314 1378 3367 lra-

261 3388 431 3455 quassaret,
459 3400 519 3454 quo
538 3384 604 3438 loco
623 3383 771 3454 Apollinis
791 3388 900 3452 statua,
929 3399 1006 3454 opus
1028 3383 1182 3454 quoddam
1204 3386 1277 3438 artis
1300 3385 1378 3438 miri·

260 3456 345 3523 ficae,
364 3457 464 3525 posita
479 3462 554 3523 erat,
573 3457 663 3524 eiquo
676 3456 869 3524 sacrificaret,
889 3454 1108 3511 Antiochenses
1121 3456 1282 3510 illudentes
1295 3457 1378 3510 victi·

215 3532 251 3585 36
260 3529 388 3581 marium
414 3528 556 3581 dicebant
581 3542 681 3597 nequo
704 3542 809 3597 rogam
835 3528 875 3581 ad
900 3542 933 3582 so
958 3528 1086 3582 venisse.
1130 3528 1167 3581 Et
1185 3528 1276 3592 illum,
1306 3528 1378 3596 qnia

260 3599 410 3668 promissa
428 3604 494 3653 arat
510 3599 615 3665 barba,
636 3601 750 3652 hircum
771 3599 970 3653 nominabant
988 3599 1079 3652 iidem
1094 3613 1222 3667 eamque
1236 3598 1275 3652 ad
1289 3600 1378 3652 funos

216 3670 427 3729 {innectendos
455 3684 521 3724 asse
549 3678 651 3740 aptam
680 3670 831 3724 dicebant.
867 3669 907 3723 At
931 3670 980 3724 lllo
1006 3670 1137 3724 vicissim
1160 3671 1249 3723 illusa
1273 3684 1377 3724 eorum

260 3741 387 3795 stultitia
406 3748 436 3795 ot
455 3741 578 3795 luxuria
597 3748 627 3795 ot
646 3742 770 3795 mollitia
784 3740 903 3795 dicebat
917 3756 949 3794 se
962 3756 1023 3795 non
1037 3741 1185 3810 praebere
1198 3742 1378 3795 Antiochou-

260 3813 344 3867 sibus
364 3812 491 3867 barbam
509 3814 549 3867 ad
568 3814 657 3867 tunes
676 3812 850 3879 nectendos,
879 3828 918 3866 no
937 3814 1003 3867 aius
1022 3813 1185 3881 asperitato
1208 3816 1378 3867 inaurentur

260 3898 368 3938 manus
387 3896 506 3950 aorum3
526 3889 631 3938 contra
650 3899 727 3953 quos
745 3886 836 3937 otiam
857 3885 1023 3938 orationem
1037 3886 1163 3953 scripsit,
1184 3899 1263 3953 quaa
1277 3886 1379 3938 inscri-

216 3962 251 4015 aa
261 3956 344 4008 bitur
366 3956 524 4024 Ἀντιοχικός
551 3971 606 4009 scu
633 3956 815 4024 Μισοτώγων.
865 3956 1044 4010 Immolabat
1072 3960 1172 4009 autom
1202 3955 1377 4026 Daphncnsi

216 4034 251 4087 39
260 4025 391 4095 Apollini
411 4026 605 4081 hecatombas
618 4031 697 4081 totas
711 4027 826 4082 oraculi
840 4027 1021 4097 impetrandi
1035 4042 1136 4080 causa.
1175 4026 1262 4090 Quod
1277 4032 1378 4081 autom

261 4102 327 4153 orat
345 4100 539 4152 simulacrum
558 4098 632 4152 illud
651 4106 776 4166 mutum,
796 4098 909 4153 aeditui
929 4098 967 4152 ds
987 4112 1080 4152 causa
1099 4100 1208 4152 silentii
1225 4100 1325 4169 rogati
1339 4100 1378 4152 ob

216 4169 414 4230 4ocadavora
432 4169 492 4223 illic
510 4171 640 4224 iacentia
659 4177 760 4225 tacero
780 4174 911 4225 statuam
931 4170 1080 4225 dicebant.
1118 4170 1212 4223 Erant
1225 4172 1304 4224 anim
1320 4169 1379 4223 illic

261 4246 292 4295 ct
314 4242 441 4295 aliorum
463 4249 629 4310 martyrum
654 4242 796 4297 conditas
819 4242 966 4311 reliquiae
990 4248 1019 4295 ot
1043 4244 1139 4296 sancti
1163 4244 1305 4313 martyris
1324 4240 1378 4295 Ba·

153 4320 197 4376 41.
216 4319 252 4373 42
263 4313 360 4383 hylae.
397 4312 505 4367 Omnia
517 4313 611 4383 igitur
625 4315 740 4369 auferri
756 4315 837 4369 illinc
852 4316 939 4368 iussit
952 4314 1095 4369 Iulianus.
1133 4314 1218 4379 Quas
1231 4314 1379 4385 reliquias

262 4399 330 4440 cum
349 4389 451 4441 assent
469 4389 612 4457 remotae,
631 4387 757 4442 fulmins
777 4402 921 4459 pereussa
941 4392 1029 4443 nocto
1043 4387 1172 4459 Daphne
1191 4392 1221 4444 et
1235 4388 1379 4460 templum
