3050 4775
259 392 313 451 300
556 390 692 451 ZONAR.
713 388 811 451 EPIT.
831 390 886 452 XV
907 392 948 464 18,
968 392 1082 452 17-29.

260 578 380 659 δέξατο,
412 577 467 641 καὶ
498 577 583 642 οὕτω
614 584 669 664 τῆς
686 576 816 650 Ἰταλίας
843 578 947 662 πάσης
973 577 1027 643 καί
1054 584 1109 661 τῆς
1128 576 1254 661 Ῥώμης
1283 576 1476 662 αιἰτήςῦΙΙΙ
1518 599 1525 637 ι

258 682 449 764 ἐκυρίευσαν.

215 786 249 841 18
350 784 411 868 Τῆς
434 784 574 869 Εἰρήνης
603 784 637 849 δὲ
663 784 919 868 μοναρχησάσης,
952 784 999 856 ῶς
1027 784 1173 865 λέλεκται,
1206 784 1236 848 οῖ
1261 783 1377 865 ἀνδρά-

259 888 368 971 δελφοι
389 889 487 971 αὐτῆς
509 889 731 971 καθειργμένοι
751 888 954 971 τυγχάνοντες
977 887 1184 971 ἠδυνήθησαν
1205 894 1243 971 τῇ
1258 886 1377 970 μεγάλη

257 990 443 1073 προσελθεῖν
458 990 616 1074 ἐκκλησίᾳ,
639 991 727 1073 παρά
741 1014 835 1055 τινων
853 995 1063 1073 νεωτεριστῶν
1084 988 1166 1073 πρὸς
1187 995 1279 1055 τοῦτο
1302 990 1405 1053 ἀνα-5

215 1093 442 1166 19πεισθέντες.
484 1094 599 1164 Ἀέτιος
621 1092 679 1157 οὖν
701 1094 720 1157 δ
742 1094 903 1177 εὐνοῦχος,
925 1095 1007 1176 μέγα
1030 1092 1097 1157 τότε
1118 1092 1206 1175 παρὰ
1229 1099 1267 1177 τῇ
1291 1094 1379 1176 βασι-

258 1196 345 1280 λίσσῃ
379 1197 563 1279 δυνάμενος,
596 1196 746 1261 ἀπελθὼν
778 1196 832 1261 καὶ
858 1197 972 1267 πίστεις
999 1196 1105 1268 αὐτοῖς
1130 1195 1307 1279 παρασχὼν
1334 1196 1381 1267 ῶς

260 1299 353 1364 οὐδὲν
377 1299 478 1364 δεινὸν
499 1301 664 1373 πείσονται,
691 1299 838 1382 ἐξήνεγκε
859 1306 914 1383 τῆς
937 1298 1103 1383 ἐκκλησίας
1125 1297 1240 1369 αὐτοὺς
1261 1298 1315 1363 καὶ
1337 1298 1380 1369 εἰς

214 1402 394 1487 ἳθἈθήνας
420 1403 612 1486 ἀπήχθησαν
640 1401 809 1485 δπερδριοι.
855 1403 949 1466 κάκεῖ
973 1401 1146 1483 διαγόντων
1175 1403 1281 1467 αὐτῶν
1303 1400 1380 1472 τινὲς

258 1511 323 1569 τῶν
337 1512 392 1589 τῆς
402 1505 553 1576 Ἑλλάδος
567 1505 753 1588 προσῆλθον
768 1512 814 1587 τῷ
829 1506 955 1587 ἄρχοντι
970 1510 1034 1569 τῶν
1049 1503 1246 1587 Σθλαβικῶν
1264 1504 1378 1577 ἐθνῶν,
1392 1506 1424 1560 10

221 1607 402 1691 Βδεδμενοι
428 1609 525 1674 αὐτοῦ
553 1610 714 1691 ἐξαγαγεῖν
741 1608 857 1679 αὐτοὺς
885 1608 938 1671 καὶ
961 1608 1014 1671 ἕνα
1037 1606 1297 1690 προχειρίσασθαι
1318 1609 1378 1690 βα-

213 1712 247 1767 21
258 1712 343 1775 σιλέα
370 1712 424 1776 καὶ
447 1712 612 1794 ἀναγαγεῖν
634 1708 731 1775 αὐτὸν
752 1712 795 1781 είς
818 1710 874 1793 τὴν
895 1710 1037 1794 βασιλίδα
1060 1714 1124 1773 τῶν
1146 1709 1281 1773 πόλεων.
1315 1733 1377 1792 μη-

257 1814 408 1885 νυθέντος
431 1814 466 1879 δὲ
488 1814 600 1879 τούτου
624 1820 662 1898 τῇ
683 1812 825 1897 βασιλίδι,
857 1814 1022 1895 προστάξει
1049 1812 1168 1896 ἐκείνης
1191 1810 1377 1896 ῶτιτυφλώ-

257 1916 363 2000 θησαν
384 1918 527 1989 ἅπαντες.

213 2020 249 2075 22
343 2018 384 2084 Ὁ
406 2020 441 2083 δὲ
463 2024 527 2083 τῶν
542 2020 701 2102 Φράγγιον
717 2017 856 2103 ἀρχηγὸς
872 2018 1041 2102 Κάρουλος
1055 2018 1199 2103 βασιλεὺς
1210 2018 1378 2099 Ῥωμαίων
1389 2016 1422 2072 15

257 2122 345 2204 παρὰ
372 2129 427 2187 τοῦ
453 2123 544 2185 πάπα
568 2122 714 2199 Λέοντος,
748 2123 795 2194 ὡς
823 2124 949 2206 εἴρηται,
982 2121 1206 2204 ἀναγορευθεὶς
1233 2122 1378 2204 πρέσβεις

258 2227 382 2309 ἔπεμψε
402 2225 484 2308 πρὸς
506 2225 562 2309 τήν
577 2224 728 2308 Εἰρήνην,
752 2228 856 2309 ζητῶν
879 2227 1088 2309 συζευχθῆναι
1107 2226 1186 2309 αὐτῇ
1201 2224 1281 2289 κατὰ
1297 2248 1376 2307 συμ-

213 2328 368 2413 ἳ3βίοισιν
390 2329 537 2413 γαμικήν.
582 2328 638 2393 καλ
659 2327 729 2394 οὐδ’
753 2328 854 2414 ἐκείνη
877 2334 969 2394 τοῦτο
992 2328 1168 2413 ἀβούλητον
1192 2327 1290 2409 ἔδοξε,
1323 2327 1377 2394 καλ

257 2560 275 2614 3
292 2561 353 2628 περί
370 2567 423 2613 τῶν
441 2560 632 2628 ἀνδραδὲλφων
650 2568 695 2631 τής
712 2561 865 2631 βασιλίσσης
883 2560 1002 2629 Εἰρήνης
1022 2562 1110 2627 (corr.
1127 2574 1166 2614 ex
1185 2559 1324 2628 θεοδῶρας
1344 2559 1375 2626 Ε,

259 2648 287 2685 v.
306 2647 372 2701 arg.
391 2648 419 2701 p.
439 2631 500 2698 285,
518 2632 547 2698 3)
567 2632 615 2688 ΟΕ
789 2632 823 2686 15
841 2633 879 2686 ὅτι
899 2631 983 2702 ἐζήτει
1004 2633 1020 2684 δ
1037 2639 1091 2686 τῶν
1113 2632 1242 2700 Φράγγων
1259 2631 1375 2701 ἀρχηγὸς

255 2704 436 2835 ἱηξηγγθὲγαι
455 2711 486 2774 τῇ
503 2705 644 2774 βασιλίσσῃ
674 2701 775 2774 (εἰρήνη
798 2703 831 2769 Ε)
852 2703 907 2771 ΟΕ,
932 2705 1079 2773 σημείωσαι
1102 2705 1141 2758 δτι
1163 2703 1288 2773 εὐνοῦχος
1310 2703 1378 2774 ήνδ

312 2971 326 3024 1
346 2970 448 3040 ἁπάσης
467 2971 494 3026 D
570 2970 596 3026 Ι3
614 2974 714 3041 εἴρηται
734 2973 758 3028 Ο
842 2971 859 3028 5
876 2981 1038 3043 προςφυγεῖν
1056 2972 1130 3043 pr
1219 2973 1255 3032 είς
1274 2971 1375 3042 DEwp

313 3043 346 3096 10
364 3052 401 3110 τῷ
420 3049 473 3097 τῶν
491 3043 649 3113 σθλσβικῶν
667 3044 755 3098 ἐθνῶν
774 3045 881 3114 ἄρχοντι
901 3044 925 3099 Ο
1006 3045 1037 3099 ll
1056 3043 1129 3099 αὐτῶ
1148 3043 1171 3096 Β
1242 3044 1377 3112 ἐξαγαγεῖν

312 3131 369 3168 om.
388 3114 421 3182 B,
441 3115 510 3168 add.
529 3115 616 3183 Bw(?)
679 3116 712 3170 12
730 3117 835 3184 ἀγαγεῖν
854 3116 926 3184 Ewp
987 3116 1020 3170 13
1037 3117 1175 3186 βασιλίσσῃ
1196 3115 1223 3169 D
1280 3115 1321 3169 13.
1343 3115 1376 3168 14

310 3185 433 3240 ἁπάντων
446 3185 477 3240 τὰ
489 3188 593 3255 ὄμματα
605 3188 787 3256 ἕπηρώθησαν
800 3187 859 3256 CD,
878 3185 909 3242 τὰ
921 3189 1025 3254 ὄμματα
1037 3188 1143 3240 πάντων
1155 3187 1335 3256 ε’πηρώθησαν
1351 3186 1375 3238 Β

313 3257 346 3311 15
365 3264 436 3311 ante
454 3258 586 3326 κάρουλος
604 3257 674 3312 add.
693 3261 709 3312 δ
727 3257 780 3311 ΒΙ)
884 3257 925 3312 15.
947 3259 980 3312 16
997 3257 1119 3326 βασιλεὺς
1138 3258 1176 3318 ῶς
1194 3260 1293 3326 εἴρηται
1311 3258 1375 3312 ἀνα-

311 3328 447 3396 γορευθεὶς
469 3328 600 3398 ῥωμαίων
620 3329 692 3398 παρὰ
714 3337 761 3384 τοῦ
781 3330 854 3384 πάπα
872 3330 975 3390 λέοντος
994 3329 1025 3397 C,
1049 3329 1172 3400 βασιλεὺς
1190 3330 1320 3399 ῥωμαίαιν
1338 3329 1375 3390 ῶς

310 3402 411 3469 εἴρηται
427 3399 501 3469 παρὰ
518 3409 564 3456 τοῦ
581 3401 654 3456 πάπα
671 3401 772 3462 λέοντος
791 3401 977 3471 ἀναγορευθείς
995 3400 1023 3455 D

217 3611 249 3664 18
348 3612 437 3669 Irene
456 3615 622 3684 imperium,
650 3620 684 3669 ut
703 3614 817 3669 dictum
837 3621 891 3681 εει,
919 3615 1039 3685 adepta,
1066 3617 1174 3670 fratres
1193 3616 1259 3670 sius
1279 3616 1377 3670 mariti

258 3699 382 3739 carcere
401 3685 495 3755 elapsi
513 3687 545 3740 in
561 3701 704 3756 magnam
723 3687 881 3741 ecclesiam
896 3703 929 3740 ss
943 3686 1145 3752 cont-ulerunt,
1164 3701 1182 3740 a
1197 3687 1377 3756 quibusdam

214 3753 407 3811 19n0varum
427 3773 528 3811 rernm
550 3757 693 3812 studiosis
715 3759 841 3812 incitati.
878 3756 985 3813 Antius
1009 3759 1103 3828 igitur
1126 3758 1293 3824 eunuchus,
1326 3759 1377 3828 qui

257 3828 384 3881 multum
404 3844 423 3881 ο
445 3827 487 3881 ud
504 3829 643 3898 reginam
662 3829 793 3895 valebat,
813 3829 872 3884 fids
891 3830 1078 3898 impunitatis
1098 3829 1171 3884 dats
1185 3845 1237 3884 eos
1250 3828 1379 3884 ecelesia

213 3896 385 3953 20sductos
443 3899 550 3953 thenas
577 3899 736 3968 relegavit.
774 3900 819 3954 Ibi
849 3916 917 3954 eum
946 3907 1084 3970 agerent,
1115 3899 1225 3956 Graeci
1255 3901 1377 3970 quidam

258 3968 463 4024 Sslsviearnm
483 3971 618 4038 gentium
639 3972 804 4040 principem
830 3973 971 4042 precibus
994 3971 1144 4040 adierunt,
1172 3976 1207 4027 ut
1230 3986 1282 4026 sos
1307 3972 1379 4026 inde

258 4041 403 4095 educeret
422 4049 452 4095 ει
473 4056 568 4095 unum
593 4057 631 4095 ex
655 4043 691 4095 iis
714 4058 819 4112 regem
848 4043 1040 4112 designatum
1068 4044 1098 4096 in
1126 4042 1233 4097 urbem
1262 4045 1379 4112 regiam

213 4110 246 4164 21
258 4110 426 4166 reduceret.
463 4111 530 4176 Qus
544 4128 577 4166 re
594 4112 634 4166 ad
654 4115 792 4183 reginam
811 4114 920 4182 delata,
940 4114 1078 4169 omnibus
1098 4114 1176 4168 illius
1195 4115 1279 4168 iussu
1299 4115 1379 4169 oculi

259 4188 330 4237 sunt
349 4185 436 4237 eruti.
1006 4215 1008 4220 ·

213 4252 248 4306 22
347 4253 387 4308 At
399 4253 533 4322 Carolus,
553 4255 739 4310 Francorum
757 4255 830 4324 dux,
851 4272 905 4311 τετε
920 4255 1123 4311 Romanorum
1137 4271 1156 4310 s
1171 4271 1252 4326 papa
1265 4255 1378 4324 Leone,

258 4333 293 4380 ut
311 4326 425 4381 dictum
443 4333 497 4394 est,
524 4328 695 4398 appellatus
718 4329 815 4382 missis
839 4329 878 4382 ad
896 4328 1005 4382 Irsnsn
1031 4328 1139 4398 legatis
1158 4329 1281 4398 nuptias
1300 4328 1379 4382 illius

213 4397 249 4454 23
259 4399 371 4453 ambiit.
410 4398 495 4465 Quas
518 4415 587 4456 cum
612 4400 652 4455 ab
676 4399 726 4456 illo
750 4401 894 4472 coniugis
917 4415 980 4455 non
1008 4399 1193 4469 abhorreret,
1221 4415 1272 4457 rsa
1287 4403 1379 4457 *assat
