3050 4775
345 400 564 470 mannaan
584 396 730 467 oarrva
768 400 891 468 oanni
910 401 1094 467 neutuna,
1247 402 1283 466 45

159 580 296 678 ἀδελφῷ
323 595 445 679 πληγὰς
472 594 590 665 πολλάς
619 594 670 658 διὰ
699 595 811 677 ξίφους
839 586 1016 676 ἐπήνεγκεν,
1051 594 1090 657 οὐ
1111 594 1217 675 μέντοι
1239 611 1316 669 nec

158 698 268 761 αὐτῶν
291 698 469 780 θανάσιμος
492 698 537 781 ἦν.
583 699 754 761 καὶταῦτα
782 697 906 777 πράξας
933 695 986 760 καί
1015 694 1127 758 ἑαυτὸν
1156 696 1309 778 creticae,

157 802 211 863 ἵνα
234 800 279 883 μή
302 801 478 883 παραδοθῇ
500 801 581 883 πρὸς
604 807 667 864 τάνυ
695 800 792 864 αὐτὸν
820 799 1048 882 φυλασσόντων
1069 800 1282 881 Κωνστανιίῳ

157 910 208 984 τῷ
231 904 440 983 αὐτοκράτορι
467 904 520 967 καὶ
548 905 758 986 χρονιώτερον
787 902 941 985 κολασθῇ.
986 901 1041 964 καὶ
1063 901 1224 971 Δεκέντιος
1248 900 1309 974 defi

128 1005 182 1069 56
205 1003 344 1086 ἀδελφὸς
366 1005 475 1087 αὐτοῦ,
504 1007 542 1069 δν
563 1006 798 1088 προεχειρίσατο
820 1005 978 1086 Καίσαρα,
1011 1003 1046 1066 ἓν
1067 1002 1213 1073 Ιαλλίαις
1234 1005 1282 1067 ὢν

160 1106 218 1170 καὶ
240 1106 321 1189 πρὸς
343 1106 397 1170 τδν
420 1107 558 1191 ἀδελφὸν
580 1108 823 1190 δτοιμαζόμενος
846 1106 1013 1190 ἀφίξεσθαι
1034 1106 1212 1189 σύμμαχος,
1235 1105 1282 1176 ὡς

158 1208 216 1272 τὸν
240 1210 359 1272 ἐκείνου
383 1209 519 1274 ἐπείθετο
541 1210 687 1292 ὄλεθρον,
722 1208 880 1292 ἀπογνοὺς
907 1207 1026 1291 ἀγχόνῃ
1054 1209 1216 1290 ἐχρήσατο.
1262 1209 1308 1283 δή

161 1310 307 1393 δὲπαρά
331 1317 385 1375 τοῦ
409 1311 605 1394 Μαγνειπίου
634 1311 755 1395 πληγάς
785 1312 955 1394 δεξάμενος
983 1311 1103 1374 ἐκείνου
1132 1311 1281 1393 ὁμαίμων

160 1414 180 1478 ὁ
204 1414 386 1497 Δισιδέριος,
409 1414 463 1478 τὸν
485 1415 625 1479 θάνατον
648 1414 799 1497 ἐκφυγὼν
821 1414 876 1477 καὶ
898 1412 1118 1496 ἀναρρωσθεὶς
1137 1412 1202 1476 άπὸ
1216 1418 1281 1476 τῶν

111 1517 303 1599 ιοπληγῶν,
335 1524 381 1599 τῷ
405 1516 615 1599 Κωνσταντίῳ
637 1516 818 1600 προσῆλθεν
841 1517 1014 1599 ἐθελοντής.
1061 1516 1146 1578 οὕτω
1170 1514 1205 1578 δὲ
1226 1520 1308 1597 τῆς3

160 1625 219 1682 τοῦ
243 1618 438 1701 Μαγνενιίου
462 1620 644 1700 τυραννίδος
672 1619 879 1702 διαλυθείσης,
914 1619 973 1682 ὅσα
1002 1619 1120 1687 ἐκεῖνος
1148 1623 1318 1701 κατάχει)

159 1721 217 1784 καί
243 1727 338 1785 ταῦτα
367 1721 430 1785 ono
459 1720 513 1785 τὸν
534 1720 753 1785 Κωνστάντιον
780 1723 897 1804 γέγονε,
932 1720 986 1784 καί
1017 1719 1194 1803 ὁλοκλήρου
1226 1726 1281 1803 τῆς

159 1830 315 1905 πατρικῆς
337 1824 438 1907 ἀρχῆς
459 1824 558 1906 μόνος
581 1825 706 1907 γέγονεν
729 1824 890 1907 ἐγκρατής.

257 1926 304 1989 Τὰ
331 1926 390 2009 μὲν
418 1924 475 1990 οὗν
503 1927 629 2010 ἑσπέρια
659 1928 784 2010 εἰρήνην
810 1926 889 2010 ήγον
916 1928 1073 1992 ἐντεῦθεν·
1108 1924 1145 1989 τὰ
1169 1924 1204 1989 δὲ
1225 1930 1307 2007 τῆς9

113 2044 150 2098 15
161 2028 247 2111 ἑῴας
269 2029 447 2109 ἐταράττετο
469 2029 591 2112 μοίρας.
637 2031 656 2093 δ
679 2028 800 2100 Γάλλος
823 2029 883 2112 γὰρ
905 2038 952 2113 τῴ
975 2032 1162 2114 εδιυχήματι
1182 2030 1279 2110 ἒπαρ-
1291 2037 1326 2091 10

159 2132 240 2211 θείς,
273 2131 338 2194 ἐπεὶ
360 2132 394 2195 ἒν
411 2132 579 2214 Ἂνιιοχείφ
602 2132 731 2214 ἐγένετο,
759 2132 861 2215 βαρὺς
884 2139 947 2203 τοῖς
968 2133 1022 2196 ὑπ’
1047 2130 1142 2195 αθτδν
1164 2154 1279 2213 προσε-

159 2235 285 2317 φέρετο,
320 2236 530 2317 κακουμένοις
551 2233 727 2305 πολυειδῶς
749 2234 831 2317 πρὸς
854 2236 961 2309 αὐτοῦ,
995 2237 1121 2318 ἔχοντες
1144 2234 1197 2296 καὶ
1223 2232 1281 2315 τήν

4 2348 83 2405 Dlll
93 2350 146 2406 901
159 2337 305 2421 ὁμόζυγα
328 2336 409 2422 πρὸς
430 2343 522 2402 τοῦτο
551 2336 646 2401 αὐτὸν
675 2338 888 2422 δρεθίζαυσαν.
934 2337 1039 2409 δείσας
1061 2334 1119 2401 οὖν
1141 2336 1160 2400 δ
1184 2334 1323 2401 Κων-11

159 2550 194 2605 15
214 2551 287 2610 ὅπως
305 2551 321 2605 δ
337 2551 438 2612 Γάλλος
460 2551 658 2622 ὑπερεφρόνησε
680 2552 725 2605 καί
748 2550 809 2612 τοὺς
832 2549 1025 2622 συγκλητικοὺς
1048 2550 1150 2606 ἀνεῖλεν
1171 2549 1279 2619 ἄνδρας,

157 2622 206 2676 καί
224 2622 302 2682 αὐτὸς
320 2630 365 2693 τῆς
383 2631 429 2678 τοῦ
439 2623 573 2692 Καίσαρος
591 2623 664 2686 ἀξίας
681 2623 787 2686 ἐξέπεσε
804 2623 850 2678 καί
868 2631 914 2693 τῆς
932 2626 1004 2694 ζωῆς
1022 2623 1154 2692 ἐστερήθη
1174 2622 1278 2691 ἀναιρε-

156 2695 217 2754 θείς
237 2693 260 2749 C
331 2695 460 2764 ἀναίρεσις
478 2695 580 2749 Γάλλου
601 2695 624 2748 Ε

216 2908 347 2970 Ῑπολλάς
365 2909 465 2979 πληγὰς
484 2908 586 2982 DEwp
672 2911 706 2965 12
724 2911 769 2966 τδν
788 2909 848 2981 Βῆ,
867 2917 921 2966 τῶν
940 2909 967 2965 D
1055 2911 1088 2965 16
1108 2916 1178 2966 anie
1196 2908 1280 2982 βαρὺς

214 2981 283 3034 add.
303 2981 389 3036 καίΒ
476 2982 508 3035 l'l
528 2984 598 3051 ἔχων
616 2981 643 3035 D
732 2986 765 3037 18
784 2986 914 3054 δμάζυγον
933 2983 1034 3053 DEwp

159 3201 224 3246 tunr
249 3193 338 3246 etiarn
357 3193 516 3250 Desiderio
539 3195 626 3251 fratri
652 3198 781 3252 vulnera
804 3197 897 3251 multa
921 3195 1024 3266 gladio
1050 3195 1168 3261 inflixit,
1195 3193 1280 3251 nullo

158 3273 264 3318 tamen
283 3265 320 3319 de
339 3266 375 3318 iis
393 3268 559 3321 mortifero.
597 3268 713 3332 Quibus
732 3270 824 3324 rebus
843 3269 931 3322 factis
951 3271 981 3322 et
998 3269 1064 3337 ipae
1082 3271 1208 3320 mortem
1222 3265 1307 3321 sibib

158 3335 317 3401 conscivit,
336 3352 374 3391 ne
394 3337 565 3392 traderetur
584 3340 623 3393 ab
642 3341 679 3394 iis
698 3342 750 3409 qui
770 3356 802 3395 se
815 3339 1002 3394 custodirent
1019 3339 1194 3408 imperatori
1205 3337 1279 3392 Con-

158 3408 272 3461 stantia
296 3423 332 3461 ac
357 3410 495 3479 longiore
520 3425 620 3479 poena
645 3412 823 3466 alliceretur.
861 3410 1026 3465 Decentius
1054 3415 1155 3463 autern
1184 3408 1306 3464 fraterb

158 3481 235 3544 eiua,
265 3493 353 3547 quern
374 3481 607 3549 praedicaverat
626 3483 794 3549 Caesarem,
824 3497 892 3536 cunr
911 3483 943 3534 in
962 3481 1067 3536 Galliis
1088 3481 1127 3534 ad
1153 3483 1279 3534 fratrem

158 3558 285 3621 pararet
304 3553 452 3619 proticisci
472 3553 581 3620 socius,
601 3555 679 3608 illius
699 3556 822 3623 cognito
839 3555 962 3607 interitu
976 3553 1156 3620 desperatus
1168 3552 1278 3620 laqueo

157 3623 255 3676 vitain
275 3622 380 3676 linivit.
418 3622 595 3678 Desiderius
614 3630 723 3692 autern,
752 3625 831 3679 illius
851 3626 954 3686 frater,
983 3622 1196 3693 allagnentio
1216 3623 1306 3677 vul-l

158 3694 286 3747 neribus
305 3695 437 3764 acceptis
456 3709 524 3748 cum
543 3703 668 3751 mortem
693 3697 849 3766 effugisset
872 3701 903 3749 et
926 3695 1130 3749 convaluisset
1154 3694 1192 3748 de
1216 3695 1279 3747 vul-

158 3765 293 3832 neribus,
326 3765 364 3818 ad
394 3765 602 3821 Constantium
634 3769 752 3821 transiit
783 3783 839 3821 ena
869 3772 986 3836 sponte.
1036 3764 1085 3820 Sic
1113 3764 1307 3835 Magnentiib

159 3837 324 3905 tyrannide
352 3837 451 3891 deleta
480 3853 683 3907 quaecunque
711 3839 758 3893 ille
787 3842 1000 3907 occupaverat,
1032 3851 1070 3890 ea
1098 3852 1220 3906 quoque
1248 3839 1279 3890 in

159 3907 329 3963 Constantii
350 3912 527 3978 potestatem
547 3915 706 3978 venerunt,
734 3911 777 3964 ita
799 3919 834 3964 ut
856 3913 976 3978 integro
1001 3912 1128 3978 paterno
1152 3908 1280 3977 irnperio

157 3981 243 4033 aolus
262 3981 417 4049 potiretur.

250 4050 325 4105 lude
344 4055 471 4120 pacatus
490 4059 557 4106 erat
573 4053 725 4121 occidente
746 4053 799 4107 sed
814 4056 916 4123 partes
929 4052 1053 4105 orientis
1067 4050 1306 4104 turbabantur.9

157 4121 266 4177 Gallus
295 4124 374 4175 eninr
402 4123 494 4177 rebna
525 4124 666 4178 secundis
694 4125 791 4178 elatus
820 4140 888 4178 cunr
917 4122 1107 4176 Antiochiam
1137 4123 1278 4187 venisset,
1289 4121 1324 4173 10

157 4209 268 4264 aspere
288 4209 360 4248 suos
379 4195 530 4248 tractabat
544 4196 644 4249 multis
657 4196 753 4249 modia
767 4202 904 4262 vexatos,
925 4196 997 4263 quia
1011 4195 1100 4247 etianr
1115 4209 1133 4245 a
1146 4194 1278 4259 coniuge

157 4267 199 4320 ad
218 4267 298 4319 hanc
317 4279 380 4320 renr
399 4266 592 4320 incitabatur.
630 4267 749 4322 Veritus
768 4269 863 4337 igitur
883 4266 1085 4331 Constantius,
1114 4278 1153 4316 ne
1173 4263 1321 4317 sollici-11

158 4341 299 4392 tarentur
317 4336 357 4390 ad
377 4337 578 4393 delectionem
599 4339 733 4394 lronrines
752 4340 792 4393 ab
811 4340 861 4393 illo
876 4337 979 4392 vexati
992 4342 1085 4406 atque
1103 4335 1278 4388 intestinum

157 4409 271 4464 bellurn
300 4409 357 4463 sibi
385 4414 465 4464 esset
494 4410 681 4482 gerendum„
700 4411 916 4478 Domitianum,
948 4411 1046 4462 virum
1074 4407 1219 4462 illustrem
1249 4414 1278 4462 et
