3050 4775
250 442 306 508 518
523 444 660 507 zerra.
680 444 780 507 EPI'I'.
799 444 883 507 XVII
902 447 926 520 i,
945 444 1042 520 39-8,
1063 446 1104 507 10.

251 632 426 717 Δαμασκοῦ
448 632 503 697 κα1
524 632 579 697 τὸν
600 639 655 717 τῆς
672 629 777 716 Τύρου
793 632 847 697 καὶ
862 632 1019 717 Βηρυτοῦ,
1043 632 1123 697 κατὰ
1147 633 1311 717 συνύήκας
1333 638 1371 718 τῇ

249 736 331 818 πρὸς
345 743 383 821 τῇ
399 736 511 821 Δάφνη
525 736 692 820 Ἀντιοχείᾳ
716 736 858 808 ἐπιόντας
880 736 933 800 καλ
949 743 1126 807 κακοῦντας
1140 737 1177 799 τὰ
1194 733 1247 799 ὑπ’
1264 738 1370 819 αι’ντήν,

250 840 401 903 ἀνέστειλε
422 839 476 903 καὶ
499 840 655 905 δούλωσιν
673 839 841 922 Ῥωμαίοις
863 844 965 922 τηρεῖν
989 840 1129 905 ἀνέπεισε
1151 839 1205 903 καὶ
1228 840 1372 923 ὁμήρους

249 942 314 1005 κάκ
336 942 457 1006 τούτων
478 941 589 1025 λαβὼν
610 942 820 1017 ἔπανέζευξεν.
866 942 943 1005 ἀλλὰ
965 947 1060 1005 ταῦτα
1084 941 1142 1024 μὲν
1161 940 1244 1025 εἶχον
1260 942 1370 1013 οὕτως.

219 1046 240 1111 8
341 1044 405 1108 Τοῦ
434 1044 469 1109 δὲ
496 1044 691 1129 πατριάρχου
713 1044 879 1109 Νικολάου
905 1051 961 1109 τοῦ
985 1044 1197 1129 Χρυσοβέρχη
1221 1041 1269 1109 ἐπ’
1294 1046 1397 1110 &corb

252 1146 442 1211 δυοκαίδεκα
469 1148 524 1211 καὶ
551 1147 646 1231 μησὶν
674 1147 759 1211 ὀκτὼ
786 1154 824 1231 τῇ
851 1148 1069 1231 ἀρχιερωσύνη
1094 1148 1406 1229 δνδιαπρόμαντος,1)
1422 1157 1463 1213 lv
1480 1160 1525 1211 11.

250 1247 313 1313 εἶτα
335 1248 390 1313 τὸν
411 1250 482 1332 βίον
504 1249 725 1322 ἐκλελοιπότος,
749 1248 768 1312 δ
790 1248 960 1332 μάγιστρος
977 1248 1139 1323 Σισίννιος,
1163 1248 1244 1332 ἀνὴρ
1266 1249 1370 1331 λόγοις

178 1362 206 1417 D
224 1352 513 1435 ἳέντεδραμμένος,
543 1352 768 1434 προχειρίζετοι
795 1352 996 1435 πατριάρχης.
1041 1351 1096 1415 καὶ
1123 1352 1235 1415 τούτου
1263 1350 1298 1415 δὲ
1320 1350 1370 1415 ἐπὶ

250 1460 330 1535 τρεῖς
352 1453 511 1525 ἐνιαυτοὺς
532 1454 589 1537 τὴν
611 1452 779 1537 ἐκκλησίαν
801 1454 967 1524 ἰύύναντος
981 1453 1036 1517 καὶ
1051 1453 1214 1529 θανόντος,
1237 1453 1370 1537 Σέργιος

250 1555 484 1639 κεχειροτόνητο
505 1554 708 1638 πατριάρχης,
731 1558 769 1626 ὃς
790 1556 960 1638 anonymo
982 1554 1041 1639 μὲν
1062 1562 1117 1639 τῆς
1139 1562 1195 1621 τοῦ
1212 1556 1370 1639 Μανσυὴλ
1381 1564 1415 1618 10

249 1665 360 1743 μονῆς,
382 1665 430 1740 τῷ
443 1659 620 1742 πατριάρχη
637 1659 672 1723 δδ
688 1658 805 1742 Φωτίῳ
819 1658 899 1723 κατὰ
916 1660 1005 1741 γένος
1019 1662 1195 1743 προσήκων
1212 1660 1369 1743 ἐτύγχανε.

224 1776 241 1828 8
342 1760 404 1824 Τοῦ
427 1760 584 1845 Σαμουὴλ
607 1760 642 1825 δὲ
663 1766 719 1825 τοῦ
741 1766 806 1825 τῶν
829 1760 1028 1843 Βουλχάρων
1050 1762 1237 1845 ἐξάρχοντος
1264 1762 1303 1826 ού
1331 1762 1368 1825 τὰ

255 1861 396 1946 Θρακῶν
418 1863 494 1927 οὐδὲ
515 1862 553 1927 τὰ
576 1864 655 1927 κατὰ
672 1863 877 1927 Μακεδονίαν
897 1863 981 1946 μόνα
1005 1864 1199 1947 ληιζομένου,
1223 1864 1300 1928 ἀλλὰ
1314 1864 1369 1928 καὶ

249 1965 306 2048 τήν
319 1964 453 2029 Ἑλλάδα
475 1966 530 2029 καὶ
552 1966 649 2049 αὐτὴν
672 1967 708 2029 δέ
723 1989 758 2048 γε
775 1964 831 2048 τὴν
846 1964 1100 2049 Πελοπόννησον,
1123 1967 1178 2031 τὸν
1198 1967 1369 2049 μάγιστρον

249 2065 440 2151 Νικηφόρον
459 2066 514 2131 τὸν
529 2066 677 2149 Οὐρανὸν
698 2069 850 2151 ἐκπέμπει
872 2068 891 2131 ό
913 2069 1066 2152 βασιλεύς,
1089 2076 1143 2153 τῆς
1166 2070 1289 2140 δύσεως
1310 2071 1367 2153 άρ-
1382 2080 1414 2134 15

249 2193 354 2253 χοντα,
377 2171 414 2240 ὃς
430 2168 517 2252 παρὰ
532 2176 579 2253 τῷ
593 2169 761 2253 Σπερχειῷ
774 2178 911 2253 ποταμῷ
925 2177 981 2235 τοῦ
995 2170 1152 2255 Σαμουὴλ
1167 2194 1367 2254 κατεσκηνω-

250 2376 267 2432 5
284 2376 344 2446 περὶ
361 2384 532 2447 πατριαρχῶν
551 2375 599 2434 ΟΕ
671 2376 707 2432 12
722 2377 782 2447 περὶ
801 2384 847 2434 τού
865 2376 994 2470 Σαμουήλ
1007 2378 1053 2433 κατ’
1065 2384 1119 2434 τῶν
1132 2378 1305 2449 Βσυλχάρων,
1323 2378 1369 2434 καὶ

250 2451 298 2503 ὅσα
315 2448 374 2503 κατ’
393 2449 481 2504 αύτῶτ
498 2451 514 2504 δ
530 2448 654 2520 βασιλεύς
671 2450 796 2520 ἐστήσατο
813 2453 932 2520 τρόπαια,
951 2471 982 2506 τα
999 2450 1048 2519 μὲν
1066 2451 1101 2506 δι’
1115 2451 1215 2520 ἑαυτοῦ,
1234 2451 1266 2505 τὰ
1283 2452 1313 2505 δὲ
1324 2451 1368 2506 διὰ

249 2527 472 2661 amq?
490 2523 547 2587 (uei
565 2523 820 2591 ὅσα-στρατηγῶν
839 2536 894 2577 0111.
915 2523 959 2592 Ε),
987 2522 1033 2576 καὶ
1054 2523 1116 2583 ὅσας
1138 2523 1225 2582 πόλεις
1247 2523 1300 2576 εἷλε
1322 2523 1368 2576 κατ’

305 2771 319 2824 1
338 2768 406 2825 κατὰ
424 2770 535 2840 Apr,
554 2768 620 2839 μετὰ
638 2769 714 2830 DCw
803 2771 821 2827 2
839 2779 871 2842 τῇ
891 2788 947 2827 0111.
969 2771 991 2828 C
1085 2772 1103 2826 3
1121 2772 1239 2827 ἀνέπεισε
1259 2770 1367 2842 ΑΕνιρ,

302 2843 485 2910 κατηνάγκασε
505 2842 586 2898 0Wo
606 2844 656 2897 lai.
757 2843 777 2897 4
795 2845 894 2898 τούτων
913 2841 1039 2914 prDi,
1058 2845 1151 2897 τούτου
1170 2843 1197 2898 Α
1297 2845 1366 2897 οὕτω

304 2913 413 2982 w*pDi
431 2915 534 2968 invitis
552 2913 614 2983 AR,
633 2931 661 2968 v.
682 2915 721 2968 ad
740 2913 813 2968 XIII
832 2915 857 2983 e,
879 2917 911 2970 16
1019 2917 1036 2969 δ
1053 2916 1235 2986 χρυσοβὲρχοο
1255 2913 1302 2969 ΒΟ

304 2987 321 3038 6
339 2985 515 3054 ἀρχιιροσύνῃ
536 2983 600 3055 11*ρ
620 2987 723 3040 invitis
736 2985 790 3039 AR
862 2987 877 3041 7
897 2988 1003 3046 σισίνιος
1015 2986 1068 3040 BD
1082 2985 1169 3041 Cedr.
1182 2985 1324 3056 (Scyllia.)
1339 2984 1367 3039 ΙΙ

304 3073 332 3126 p.
350 3057 412 3121 448,
431 3057 466 3110 23
538 3057 591 3110 8.9
610 3057 652 3109 ε’πὶ
672 3058 755 3126 τρισὶν
773 3057 899 3118 ἐνιαυτοῖς
919 3057 946 3112 D
1021 3059 1054 3112 10
1072 3060 1279 3128 κεχειροτόνηται
1295 3058 1366 3126 Ewp

306 3129 346 3182 12.
359 3128 392 3182 16
410 3127 539 3197 σαμουήλ]
557 3128 677 3198 μανουὴλ
692 3129 717 3181 D
791 3131 825 3183 13
844 3129 911 3184 κατὰ
922 3129 1066 3198 μακεῖδόνα
1077 3131 1146 3198 μόνα
1156 3131 1191 3194 Α,
1209 3130 1367 3196 μακεδόνων

303 3201 372 3268 μόνα
388 3202 489 3268 (μόνων
503 3199 536 3266 C)
550 3199 632 3269 pr‚
653 3198 784 3254 (1011.Πὶ
854 3202 1017 3269 ληιζομένων
1035 3200 1063 3253 D
1138 3203 1168 3254 14
1188 3201 1367 3269 πελοπόνησαν

303 3271 393 3338 ARW,
410 3272 605 3340 πελαπόννησον
624 3270 751 3341 Bschi
868 3280 939 3326 anie
957 3272 1001 3326 τόν
1018 3293 1080 3341 puy.
1100 3273 1168 3327 add.
1188 3273 1233 3326 καὶ
1252 3272 1287 3337 A,
1310 3287 1365 3326 om.

303 3341 422 3412 prDi
495 3343 528 3398 15
550 3341 679 3411 Οὐρανὸν]
693 3343 772 3397 αὐτὸν
785 3342 820 3411 1),
838 3344 1016 3416 compendio
1030 3345 1109 3398 συνὸν
1122 3343 1200 3398 mule
1214 3343 1366 3398 intellecto

340 3415 432 3474 δύσιος
451 3415 487 3484 p*

251 3592 377 3663 Tyrium
400 3598 431 3650 et
449 3593 613 3663 Berytium,
641 3594 693 3662 qui
718 3595 941 3664 conspiratione
965 3595 1039 3649 inita
1058 3593 1246 3665 Daphnaeas
1265 3591 1367 3646 Antio·

250 3665 337 3719 chiae
356 3679 465 3733 agrum
484 3666 709 3720 incursionibus
732 3667 896 3734 vexabant,
924 3668 1058 3721 coercuit
1081 3673 1111 3720 et
1135 3667 1304 3731 commovit,
1332 3671 1367 3718 ut

250 3735 394 3860 Rrguanis
412 3738 569 3804 servirent,
589 3739 783 3807 acceptisque
803 3738 842 3791 ab
862 3738 907 3791 his
927 3753 1049 3808 quoque
1069 3737 1225 3792 obsidibus
1244 3737 1365 3791 domurn

250 3823 283 3862 τε
307 3810 347 3861 iit.

339 3881 364 3932 8.
402 3879 523 3933 Interea
545 3877 669 3933 Nicolao
693 3878 915 3950 chrysoberge,
944 3895 1011 3934 curn
1038 3881 1245 3950 pontificatum
1270 3893 1367 3933 annos

250 3949 307 4004 Xll
327 3959 357 4004 ct
370 3966 488 4006 menses
502 3949 570 4004 VIII
585 3957 730 4017 ornasset,
750 3951 903 4018 defuncto,
923 3955 1068 4021 magister
1085 3951 1241 4018 sisinnius,
1261 3953 1308 4005 vir
1327 3951 1366 4004 ab

224 4023 375 4081 2ineunte
394 4027 494 4077 aetate
513 4024 544 4075 in
563 4021 669 4076 litteris
687 4030 835 4089 versatus,
855 4025 1028 4093 patriarcha
1048 4023 1239 4092 designatum
1259 4037 1319 4091 quo
1337 4028 1367 4076 et

251 4095 326 4164 Ipso,
346 4110 414 4148 cum
433 4095 595 4148 triennium
614 4095 773 4148 ecclesiam
792 4095 928 4162 rexisset,
948 4101 1075 4162 mortuo,
1100 4094 1225 4164 Sergius
1245 4095 1367 4164 eligitur

251 4167 432 4236 patriarcha,
452 4166 504 4234 qui
524 4164 671 4220 Manuelis
689 4168 873 4221 monasterio
887 4172 1035 4237 praeerat,
1055 4167 1246 4236 patriarchae
1259 4165 1366 4219 Photio

251 4252 365 4306 genere
384 4239 571 4292 coniunctus.

224 4315 242 4368 3
339 4309 415 4364 Cum
438 4314 540 4363 autem
563 4308 693 4376 Samuel,
719 4309 921 4378 Bulgarorum
946 4311 1095 4378 princeps,
1124 4323 1187 4362 non
1206 4307 1366 4362 Thraciam

251 4386 369 4436 tantum
392 4387 423 4437 et
440 4381 657 4450 Macedoniam,
689 4380 743 4435 sed
767 4381 925 4436 Graeciam
948 4383 956 4434 i
980 4395 1106 4450 eamque
1124 4379 1366 4450 Peloponnesum

251 4453 458 4528 popularetur,
471 4467 526 4508 rex
539 4455 716 4526 magistrum
728 4453 931 4527 Nicephorum
971 4467 1088 4519 ranum,
1101 4459 1271 4526 praetorem
1285 4450 1368 4509 Occi·
