3050 4775
258 414 410 473 ROMANI
429 414 646 472 INTERITVS.
683 403 859 472 MICIIAEL
878 414 927 471 lv.
946 413 1181 471 IMPERATOR.
1227 410 1280 473 585

1 614 83 669 er
100 600 250 683 136αάτῴ
271 598 328 683 τὴν
349 600 492 683 κεφαλήν
514 622 610 682 φασιν
632 599 682 663 ἐπὶ
703 599 739 664 τὸ
761 600 854 683 ὕδωρ
878 596 927 683 ἐφ’
952 599 1071 683 ἱκανόν,
1101 600 1155 663 καὶ
1178 600 1281 670 οὕτως

163 704 284 767 ἐκεῖθεν
313 704 434 766 ἄπνουν
463 703 654 787 ἀνιμηθῆναι
681 702 795 787 σχεδὸν
817 703 871 767 καὶ
894 703 1099 787 ἀνακλιθῆναι
1121 701 1203 785 πρὸς
1225 700 1281 783 τὴν

163 807 341 889 στρωμνήν.
386 806 472 887 θροῦ
496 802 524 869 δ’
544 807 594 870 ἐπὶ
609 805 711 888 τούτῳ
734 807 913 890 συμβάντος
934 807 1080 890 παρῆλθε
1101 805 1155 869 καί
1177 806 1197 887 ὴ
1221 805 1279 887 βα-
1290 808 1325 865 27
1344 807 1367 864 C

163 908 246 980 σιλίς,
275 908 323 978 ὡς
346 908 385 991 δή
408 929 435 971 τι
456 915 503 991 τῷ
524 909 621 972 πόθει
644 910 893 984 ἐπιστενόζουσα,
922 910 975 973 καὶ
997 907 1279 992 πληροφορηθεῖσα

135 1016 218 1075 ὃτοῦ
245 1010 400 1093 βασιλέως
430 1010 486 1092 τὴν
514 1011 656 1094 τελευτὴν
687 1013 830 1096 ἀπῆλθεν
862 1013 968 1084 εὐθύς.
1014 1012 1033 1075 ό
1061 1011 1095 1075 δὲ
1121 1010 1226 1094 βραχύ
1254 1032 1280 1071 τι
1290 1012 1325 1068 28

163 1112 301 1196 ἐπιβιοὺς
329 1115 478 1197 ἄναυδος,
511 1114 573 1177 εἶτα
600 1116 654 1179 καί
679 1116 868 1198 μελάντερόν
894 1141 921 1180 τι
948 1114 1118 1198 ἀναγαγὼν
1146 1112 1196 1176 διὰ
1225 1117 1280 1175 τοῦ

164 1216 318 1300 στόματος
349 1216 455 1300 ἀφῆκε
485 1217 520 1281 τὸ
552 1224 687 1301 πνεῦμα,
719 1220 771 1302 ἔτη
798 1218 984 1302 βασιλεύσας
1011 1219 1100 1281 πέντε
1126 1214 1208 1299 πρδς
1235 1220 1325 1299 retae

164 1319 276 1401 ὴμίσει,
299 1319 403 1401 λόγοις
424 1320 483 1402 μὲν
506 1322 668 1403 ἐντραφεὶς
690 1322 851 1404 ἑλληνικῆς
872 1346 904 1385 τε
924 1322 1065 1392 παιδείας
1079 1318 1282 1403 μετεσχηκὼς

163 1422 217 1484 καὶ
238 1426 304 1485 τῶν
325 1429 380 1505 τῆς
402 1422 555 1493 πολιτείας
577 1424 688 1497 νόμων
711 1426 771 1488 οὐκ
795 1424 905 1507 ἀδαὴς,
929 1423 1025 1487 πλείω
1050 1418 1078 1486 δ’
1103 1422 1215 1487 εἰδέναι
1233 1418 1281 1485 ὥν

122 1524 232 1607 Ιθῇδει
254 1524 301 1595 ὡς
324 1525 454 1608 ἀληθῶς
477 1526 622 1608 οἰόμενός
643 1550 675 1589 τε
697 1526 751 1589 καὶ
775 1526 1012 1609 σεμνυνόμενος.

255 1626 372 1690 Τοῦτον
393 1627 453 1709 μὲν
476 1626 533 1691 οὖν
554 1635 695 1692 τοιοῦτον
718 1629 895 1712 κατειλήφει
917 1628 952 1693 τὸ
975 1628 1073 1711 τέρμα
1095 1632 1151 1709 τῆς
1165 1628 1279 1710 βιοτῆς.
1293 1625 1334 1688 14

163 1730 183 1811 ἡ
208 1728 243 1792 δὲ
265 1728 384 1811 βασιλὶς
406 1729 463 1812 ὅλη
486 1737 542 1794 τοῦ
564 1730 619 1793 τὸν
634 1730 764 1814 Μιχαὴλ
781 1731 1006 1813 ἐγκαθιδρῦσαι
1023 1738 1069 1813 τῷ
1091 1729 1204 1812 θρόνῳ
1226 1734 1308 1812 τῆςῖ

163 1832 318 1914 βασιλείας
346 1832 475 1915 ἐγένετο,
507 1831 561 1896 καί
587 1838 651 1896 τῶν
677 1834 748 1916 περὶ
771 1834 868 1917 αὐτὴν
890 1838 955 1897 τῶν
976 1831 1136 1917 πατρῴων
1160 1830 1319 1914 δηλαδὴῦ

164 1934 372 2015 θεραπόντων
395 1936 491 2017 αὐτῆς
514 1936 654 2019 ἀναβολῇ
678 1934 712 1999 τὸ
735 1942 865 2019 πρᾶγμα
883 1938 992 2000 δοῦναι
1007 1936 1060 1999 καί
1075 1935 1186 2017 σκέψει
1200 1957 1281 2015 συμ-

122 2037 393 2119 Ιόβουλευόντων·
417 2039 437 2120 ὴ
462 2038 495 2101 δὲ
519 2038 579 2101 οὐκ
602 2039 748 2121 ἠνείχετο,
772 2040 1013 2121 κατεπειγομὲνη
1034 2036 1116 2120 πρὸς
1130 2036 1186 2120 τὴν
1200 2036 1308 2100 τελε-3

165 2140 324 2222 σιουργίαν
355 2140 410 2203 καί
435 2138 523 2222 παρὰ
550 2146 606 2203 τοῦ
629 2141 776 2223 ἐκτομίου
795 2140 946 2204 Ἰωάννου
968 2146 1023 2203 τοῦ
1047 2140 1202 2223 συγγόνου
1225 2144 1281 2202 τοῦ

163 2240 305 2325 Μιχαὴλ,
328 2241 434 2325 λάθρᾳ
456 2241 538 2324 πρὸς
561 2241 658 2325 αι’πὴν
680 2242 970 2326 ὑποψιθυρίσαντος
989 2243 1035 2313 ὡς
1049 2242 1281 2324 “ἀπολούμεθα

165 2344 286 2427 αὐτίκα,
319 2346 348 2408 εί
372 2346 487 2429 βραχεῖ
509 2369 564 2409 τινι
590 2352 695 2430 καιρῷ
720 2344 756 2410 τδ
782 2345 975 2429 ἀποτέλεσμα
998 2345 1181 2428 βραδυνεῖ.”
1225 2344 1308 2408 λα-4

167 2553 196 2605 ll
217 2553 335 2623 βασιλεία
353 2553 463 2624 Μιχαὴλ
482 2562 528 2608 τοῦ
546 2555 723 2625 Παφλαγόνος
742 2554 803 2624 AR,
822 2553 933 2624 Μιχαὴλ
953 2554 969 2607 ό
985 2553 1141 2624 Παφλαγών
1160 2551 1184 2606 Β

218 2745 235 2800 5
253 2753 299 2800 τοῦ
317 2747 448 2815 βασιλέως
467 2753 535 2816 post
552 2746 598 2816 τὴν
617 2746 640 2800 Β
724 2747 742 2802 6
759 2746 885 2818 ἀπσβιοάς
904 2747 928 2801 Ε
1015 2747 1040 2801 6.
1059 2746 1076 2799 7
1095 2743 1138 2799 διὰ
1156 2745 1282 2812 στόματος

218 2817 356 2886 ἀναγαγών
375 2839 398 2870 τι
416 2818 575 2886 μελάντερον
593 2818 642 2874 BC
772 2820 788 2873 6
807 2827 853 2874 τοῦ
873 2835 929 2874 om.
949 2818 976 2872 D
1108 2817 1125 2871 8
1143 2816 1235 2885 λόγους
1254 2816 1281 2869 Ι)

221 2889 254 2942 10
271 2891 330 2957 ᾔδει
349 2887 489 2958 RrwpDi‚
509 2891 561 2958 ἤδη
581 2891 608 2942 A
728 2891 759 2944 ll
780 2891 880 2959 τοῦτον]
900 2891 943 2944 τὸν
962 2889 1010 2945 BC
1130 2887 1158 2941 τδ
1178 2903 1234 2941 om.
1254 2887 1281 2940 D

255 2961 283 3013 τὸ
301 2968 346 3029 τῆς
364 2963 436 3030 ζωῆς
455 2960 482 3012 Ι)
579 2961 612 3015 12
631 2961 821 3030 ἐγκαθιδρῦσαι
841 2960 965 3032 Ewth',
985 2960 1174 3030 ἕγκαθιδρύσαι
1193 2957 1245 3048 ΑΙΟ

220 3085 254 3139 13
272 3084 373 3154 aaa
393 3094 461 3155 post
481 3085 563 3155 aaa
583 3085 605 3141 e
703 3086 736 3140 14
753 3087 853 3156 σκήψει
876 3086 906 3154 e,
926 3102 1002 3140 corr.
1022 3085 1068 3144 ew
1160 3085 1193 3139 τε
1211 3051 1231 3139 λ
1250 3084 1281 3152 e,

217 3155 290 3223 παρὰ
308 3155 355 3214 Car
437 3158 469 3211 17
487 3157 566 3211 αὐτόν
584 3158 611 3211 Ι)
697 3159 738 3213 17.
761 3159 794 3212 18
813 3159 851 3218 ὡς
869 3158 1041 3226 ἀπολούμεθα
1059 3156 1153 3211 αὐτίκα
1173 3173 1230 3211 om.
1250 3155 1280 3222 O,

219 3228 288 3282 add.
308 3227 353 3287 Cw
376 3230 520 3282 asteriaco
545 3235 646 3284 tamen
671 3230 750 3283 inter
769 3229 869 3299 μιχαὴλ
894 3234 924 3284 et
946 3229 1034 3298 λάθρᾳ
1058 3230 1164 3298 posito,
1193 3230 1281 3298 quasi

219 3301 329 3354 omissa
348 3300 444 3354 verba
463 3301 523 3354 sint
541 3300 569 3354 h.
587 3301 605 3354 l.
625 3301 789 3356 inserenda

164 3492 222 3545 ianr
244 3492 308 3547 fere
326 3493 496 3546 exanimem
515 3493 586 3547 inde
604 3499 773 3548 extractum
793 3495 872 3548 etin
892 3495 968 3549 leeto
991 3493 1177 3548 reclinatum.
1215 3489 1326 3557 Quali

165 3564 203 3618 de
222 3579 255 3618 re
278 3579 400 3618 rumore
424 3570 499 3629 orto,
528 3566 617 3618 etiam
641 3567 758 3635 regina,
792 3567 830 3620 ob
855 3581 956 3621 casum
977 3565 1059 3620 illum
1083 3580 1208 3634 gemens
1228 3567 1281 3619 sei-

164 3635 240 3702 licet,
271 3636 397 3690 accessit
425 3650 461 3688 ae
488 3637 547 3689 iarn
578 3643 660 3690 certa
689 3638 727 3693 de
754 3637 833 3690 illine
860 3654 936 3692 nece
959 3637 1058 3692 statim
1084 3638 1214 3690 recessit.
1252 3635 1280 3690 is
1291 3633 1326 3686 28

165 3722 325 3761 varocum
346 3707 510 3777 paullisper
531 3707 631 3761 adhue
654 3710 720 3762 aine
746 3724 822 3764 τοτε
846 3711 996 3776 iacuisset,
1030 3709 1142 3762 reieeta
1167 3723 1221 3776 per
1248 3723 1280 3761 os

164 3779 254 3847 nigra
273 3777 405 3847 quadam
423 3781 552 3834 materia
568 3781 706 3849 spiritum
720 3782 825 3835 emisit.
863 3781 1014 3852 Regnavit
1034 3795 1130 3833 annos
1146 3779 1280 3848 quinque
1291 3774 1325 3829 29

165 3856 195 3903 et
213 3865 267 3903 sex
285 3865 413 3916 menaea,
442 3851 481 3903 ab
500 3851 626 3904 ineunte
649 3856 749 3906 aetate
773 3853 804 3904 in
830 3851 935 3906 litteris
959 3851 1095 3906 eruditus
1119 3855 1149 3904 et
1167 3864 1281 3919 graeca

165 3921 302 3975 doctrina
320 3922 474 3975 institutus
487 3922 652 3992 legumque
666 3922 799 3977 civilium
818 3923 900 3976 haud
913 3925 1053 3992 ignarum
1073 3922 1160 3990 plura
1179 3927 1280 3974 tamen

167 3993 287 4046 omnino
307 4007 340 4047 ee
358 3994 436 4046 seire
455 4009 544 4062 quam
565 3995 681 4049 sciebat
700 4001 730 4049 et
748 3995 878 4064 putabat
897 4000 925 4047 et
945 3993 1143 4064 gloriabatur.

253 4063 294 4117 14.
332 4063 398 4128 Quo
418 4065 499 4117 hune
517 4067 600 4119 vitae
620 4068 735 4119 exitum
754 4067 867 4131 sortite,
888 4066 995 4134 regina
1014 4079 1076 4118 uno
1096 4063 1195 4118 studio
1216 4062 1308 4117 erat2

135 4179 140 4189 .
165 4135 297 4201 incitata,
322 4140 356 4188 ut
375 4135 568 4189 Micnaannn
587 4137 617 4188 in
637 4138 723 4206 regio
743 4136 817 4190 eolio
842 4136 1011 4202 collocaret,
1040 4135 1179 4204 quamvis
1198 4135 1282 4188 fami-

164 4205 254 4259 liarea
272 4207 346 4272 eius,
375 4208 492 4275 paterni
512 4207 655 4262 videlieet
672 4209 808 4276 ministri,
835 4207 1006 4274 suaderent,
1035 4211 1069 4260 ut
1087 4221 1173 4260 mora
1192 4207 1281 4260 inter·

165 4277 263 4346 posita
282 4276 472 4332 deliberaret.
509 4278 596 4342 Quod
616 4285 780 4349 aspernata
800 4280 956 4334 eonsilium
976 4293 1039 4332 rem
1060 4278 1098 4331 ad
1113 4277 1201 4332 linem
1215 4276 1307 4346 per-3

165 4348 277 4401 ducere
300 4349 473 4414 festinabat,
501 4350 647 4404 incitante
671 4352 848 4420 praesertim
873 4350 1009 4420 spadone
1033 4348 1157 4412 Ioanne,
1187 4349 1280 4401 fratre

164 4418 325 4488 Michaelia
350 4420 401 4490 qui
421 4421 450 4475 ei
469 4421 545 4475 clam
564 4422 772 4476 insusurraret
791 4437 858 4477 sese
877 4437 980 4477 omnes
1000 4421 1100 4476 statim
1122 4419 1281 4490 perituros,
