3050 4775
240 386 293 441 914
528 384 664 442 ZONAR.
684 386 782 440 EPIT.
802 385 871 440 XIV
891 386 932 453 17,
952 384 1065 439 19-25.

197 575 230 627 12
328 569 570 653 Ὑποστρέφοντι
594 569 628 631 δὲ
650 576 697 650 τῷ
719 569 841 651 βασιλεῖ
859 569 961 650 τούτῳ
984 570 1020 631 ἐκ
1042 574 1097 651 τής
1112 566 1270 651 Περσίδος
1285 590 1357 647 τρο-

239 672 411 754 παιοφόρῳ
430 672 570 754 πρόσεισι
585 672 740 753 Μωάμεύ
763 671 781 734 ὁ
803 676 868 733 τῶν
883 670 1086 752 Σαρακηνῶν
1100 670 1274 752 φύλαρχος,
1298 670 1358 732 οὐκ

207 776 276 837 Βὲκ
301 776 410 855 γένους
431 774 466 837 τὸ
490 775 661 857 φυλαρχεῖν
681 775 928 857 κληρωσάμενος
953 774 1029 855 (τῶν
1044 772 1105 855 γὰρ
1120 773 1256 855 ἀσήμων
1270 771 1357 850 ἐτύγ-

198 881 334 961 13χανεν
357 876 428 959 ὥν),
462 877 538 941 ἀλλὰ
561 878 697 959 πονηρίᾳ
723 884 815 940 τοῦτο
843 877 1046 958 κτησάμενος.
1090 878 1187 959 πένης
1219 873 1279 957 γὰρ
1311 876 1359 937 ὢν

240 980 327 1063 παρά
350 1004 405 1044 τινι
428 981 548 1061 γυναικί
570 980 703 1061 πλουσίᾳ
726 981 810 1062 χήρᾳ
834 980 990 1061 ἒύήτευεν,
1014 982 1053 1061 ἣν
1076 981 1181 1061 ἔγημε,
1209 979 1385 1061 γοητείαιςό

200 1087 232 1140 14
242 1082 415 1164 ὑπαγαγὼν
442 1085 484 1153 εἰς
513 1085 615 1165 ἔρωτα
643 1084 764 1145 ἑαυτοῦ,
812 1083 977 1164 ἐπιληψίας
1000 1083 1035 1145 de
1057 1083 1208 1163 νοσήματι
1230 1080 1359 1163 συνεχό-

241 1209 336 1269 μενος
359 1185 412 1249 καί
435 1184 514 1249 κατὰ
538 1184 668 1267 καιρούς
697 1186 786 1267 αὐτῷ
808 1191 863 1249 τοῦ
886 1186 1014 1255 πάύους
1035 1184 1288 1267 προσβάλλοντος
1309 1184 1359 1246 τιί-

242 1311 330 1351 mma
352 1288 492 1351 καὶτῶν
515 1293 642 1371 φρενῶν
665 1288 870 1370 ἐξιστάμενος,
903 1288 1043 1368 ἀθυμίας
1069 1288 1164 1356 αἴτιος
1186 1294 1224 1369 τῇ
1247 1288 1359 1350 ἑαυτοῦ

199 1395 233 1447 15
243 1391 337 1473 κυρίᾳ
359 1390 413 1454 καί
436 1398 553 1473 γαμετῇ
577 1390 630 1453 καί
646 1391 795 1472 αἰσχύνης
810 1390 934 1471 ἐγίνετο.
981 1390 999 1453 ὁ
1016 1390 1050 1453 δὲ
1066 1390 1160 1460 αὐτός
1174 1414 1207 1451 τε
1220 1387 1361 1471 πονηρὸς

243 1495 291 1557 ὢν
314 1495 369 1556 καί
392 1517 447 1556 τινι
476 1492 510 1556 δὲ
536 1500 671 1575 μοναχῴ
697 1494 903 1576 τιονηροτὲρῳ
930 1494 1043 1556 ἑαυτοῦ
1071 1492 1282 1575 ἐντετυχηκὼς
1310 1490 1360 1554 διὰ
1373 1494 1407 1547 10

243 1596 446 1659 κακοπιστίαν
468 1594 697 1677 φυγαδευθέντι
718 1602 774 1677 τῆς
795 1594 988 1668 Βυζαντίὸος
1015 1595 1068 1657 κα1
1094 1590 1170 1676 παρ’
1194 1596 1291 1658 αὐτοῦ
1315 1594 1361 1657 dc·

202 1698 383 1781 16ὅαχύείς,
417 1699 500 1780 ἔλεγε
528 1705 565 1782 τῇ
589 1698 709 1779 γυναικί
731 1698 786 1761 τὸν
807 1697 831 1759 Ι
834 1697 950 1781 ἀβριήλ
971 1698 1025 1761 τὸν
1048 1698 1241 1780 ἀρχάγγελον
1263 1698 1361 1778 ούρα-

244 1801 340 1864 νόύεν
362 1802 450 1882 αύτῷ
472 1806 629 1883 φοιτῶντα
652 1801 816 1883 ἀπόρρητά
838 1824 903 1864 τινα
925 1807 1024 1883 μυεῖν,
1051 1801 1097 1883 μὴ
1121 1802 1227 1883 φέρειν
1250 1799 1362 1882 δὲτὴν

214 1904 356 1967 Οτούτου
385 1904 465 1967 ύέαν
493 1904 547 1966 καὶ
570 1904 619 1965 διὰ
643 1908 734 1967 τοῦτο
757 1903 883 1984 ἰλιγγιᾶν
906 1903 960 1965 καί
982 1904 1079 1985 φόβῳ
1101 1904 1287 1985 συνέχεσθαι
1309 1903 1399 1965 nali>
1416 1906 1522 1960 III-‘il

204 2010 235 2064 17
245 2005 327 2088 πρὸς
343 2013 401 2089 γῆν
415 2006 664 2069 κατακλίνεσθαι.
710 2012 805 2069 ταῦτα
822 2002 851 2069 δ’
868 2005 948 2089 εἶχεν
968 2008 1056 2088 αὐτῷ
1078 2011 1362 2087 συμμαρτυροῦντο
1374 2013 1408 2067 15

246 2108 300 2171 καὶ
314 2107 368 2171 τὸν
382 2108 525 2190 μοναχὸν
546 2109 664 2171 ἐκεῖνον
685 2107 740 2171 τὸν
763 2108 868 2171 δόλιον
890 2109 944 2171 καὶ
965 2114 1003 2191 τῇ
1026 2108 1147 2191 γυναικί
1169 2108 1296 2189 λέγοντα
1318 2108 1363 2172 ὅτι

247 2210 294 2281 ὡς
316 2210 448 2294 ἀληθῶς
469 2216 544 2274 πᾶσι
566 2216 630 2281 τοῖς
651 2212 829 2293 προφήταις
851 2208 944 2281 οὗτος
963 2210 1139 2293 ὅΓαβριὴλ
1154 2211 1363 2293 ἔταιτέμιτεται.

249 2386 263 2440 l
287 2386 347 2456 περί
370 2395 415 2441 τοῦ
439 2389 507 2450 (om.
528 2385 560 2452 C)
584 2387 749 2456 Μουχούμετ
773 2386 818 2442 καί
840 2389 913 2447 ὅπως
936 2389 983 2442 καί
1004 2391 1066 2441 πότε
1089 2387 1126 2448 εἷς
1147 2386 1193 2448 τὰς
1211 2386 1364 2457 Ῥωμαίκὰς

247 2458 338 2528 χώρας
356 2459 542 2528 ίγκστῳκίσβη
564 2458 620 2526 ΟΕ,
638 2459 698 2527 περί
716 2461 886 2528 Σαροκηνῶν
905 2459 929 2512 Β

302 2637 316 2689 1
337 2635 518 2706 ύποζτρὲφοντι
539 2636 561 2692 C
642 2645 687 2706 τῆς
707 2653 764 2691 om.
784 2637 856 2707 Ewp
938 2639 964 2692 3.
982 2637 1001 2691 4
1018 2645 1072 2692 τῶν
1089 2637 1138 2707 γὰρ
1158 2667 1188 2676 -
1210 2645 1285 2692 τοῦτο
1304 2659 1364 2707 κτη-

302 2709 414 2776 σάμενος
434 2708 525 2763 01110
590 2707 606 2763 5
626 2709 737 2777 πλουσίᾳ
750 2709 819 2777 χήρᾳ
834 2709 893 2776 ΑΕ,
912 2710 1042 2777 ὁμοφύλῳ
1054 2710 1166 2777 πλουσίᾳ
1178 2710 1249 2778 χήρᾳ
1260 2709 1334 2773 (le
1357 2751 1365 2774 ‚

301 2781 372 2848 χήρᾳ
390 2781 520 2849 ύμοφύλω
539 2780 649 2834 πλουσία
663 2780 690 2832 D
781 2781 805 2833 6.
827 2783 860 2833 10
877 2781 958 2834 critob
971 2781 998 2832 D
1088 2781 1315 2850 Ἰπροςβάλοντσς
1330 2727 1364 2847 K,

301 2852 507 2921 πρσςβάλλοντσς
517 2851 600 2921 pr,
618 2853 809 2920 πρσςβαλόντσς
820 2850 862 2905 Di
915 2855 1018 2905 πτίττων
1029 2851 1129 2921 AErvp
1140 2851 1175 2906 G.
1186 2851 1221 2907 M.
1234 2869 1261 2922 p.
1269 2853 1329 2918 592,
1340 2853 1364 2919 7,

302 2923 529 2992 καταβαλλόμενος
549 2922 573 2977 Ο
647 2924 681 2976 10
699 2923 728 2976 δὲ
748 2939 804 2977 oni.
825 2924 848 2977 Ο
922 2925 954 2976 11
975 2933 1020 2991 τῆς
1039 2923 1209 2992 Βυζαντίδος]
1229 2922 1297 2978 Noli
1316 2925 1365 2977 ad·

304 2995 376 3049 dere
394 2995 434 3062 ἕκ,
455 3011 482 3047 v.
502 2993 574 3047 XIII
595 2995 636 3062 15,
655 2995 680 3048 4.
701 2995 743 3060 20,
762 2995 805 3048 23.
825 2995 894 3048 XIV
912 2996 954 3059 95,
974 2995 1009 3048 28
1102 2996 1133 3048 12
1151 3004 1183 3063 τῇ
1200 2995 1305 3062 γυναικί
1322 2995 1366 3048 τὸν

304 3083 360 3120 om.
380 3067 404 3120 Ε
487 3067 520 3120 13
539 3067 675 3134 ἀπόρρητα
694 3065 753 3132 Ali,
773 3068 834 3120 θεῖα
853 3063 970 3136 (prDt'
1052 3072 1119 3135 post
1136 3075 1213 3133 μυεῖν
1232 3067 1301 3120 add.
1321 3067 1366 3120 καί

302 3138 439 3206 ἀπόρρητα
460 3135 576 3206 prDt'
650 3137 683 3190 15
702 3139 933 3205 συμμαρσῦντσΕ
1015 3138 1050 3191 16
1068 3138 1114 3191 καί
1132 3137 1175 3191 τὸν
1194 3138 1283 3191 δόλιον
1301 3139 1365 3191 ἐκεῖ·

302 3231 348 3263 νον
366 3210 409 3264 τὸν
426 3208 543 3277 μοναχὸν
562 3209 585 3262 Β
660 3209 693 3262 I'I
711 3209 787 3269 οὗτος
801 3209 903 3279 Apr
923 3207 958 3263 G.
971 3207 1008 3263 M.
1029 3226 1056 3278 p.
1067 3208 1128 3276 592,
1139 3209 1181 3277 13,
1200 3210 1286 3269 οὕτως
1304 3225 1366 3262 mu·

304 3287 399 3335 tatum
419 3297 457 3334 ex
477 3281 552 3340 οὗτος
572 3279 604 3347 Β,
624 3282 708 3340 οὕτως
727 3280 749 3336 C

208 3455 240 3508 12
341 3459 376 3512 In
395 3459 501 3514 eodem
522 3461 604 3528 regis
623 3459 795 3528 triumphali
816 3473 854 3512 cx
864 3459 969 3514 Persia
987 3459 1088 3513 reditu
1101 3474 1205 3528 regem
1223 3461 1366 3514 convenit

250 3530 426 3596 bicametus,
452 3529 672 3585 Saracenorum
693 3531 841 3599 princeps,
868 3532 918 3584 eui
937 3536 1003 3585 orto
1032 3545 1070 3584 ex
1099 3531 1213 3584 familia
1240 3531 1367 3599 ignobili

251 3603 438 3672 principatus
457 3617 519 3656 non
540 3617 578 3655 ex
589 3603 745 3656 nobilitate
759 3603 889 3669 genepe,
908 3603 961 3656 sod
981 3618 1019 3655 ex
1039 3603 1175 3671 nequitia
1185 3603 1368 3671 conligerem

208 3671 240 3725 13
251 3689 320 3726 nam
341 3689 408 3726 curu
428 3689 546 3742 pauper
566 3680 652 3740 esset,
673 3673 815 3742 locupleti
835 3675 955 3726 cuidam
974 3673 1087 3727 viduae
1106 3673 1246 3727 mercede
1258 3674 1369 3727 servie-

252 3746 311 3812 bat,
332 3760 422 3814 quam
435 3746 605 3814 praestigiis
626 3745 807 3812 qrribusdam
826 3746 858 3798 in
869 3760 1002 3798 amorem
1016 3747 1063 3798 sui
1072 3745 1230 3813 pellectam
1241 3759 1368 3798 uxorem

209 3814 346 3870 liduxit.
384 3815 444 3871 Sed
464 3819 536 3885 quia
555 3817 697 3870 comitiali
716 3817 823 3870 morbo
843 3816 1001 3870 laborabat
1021 3822 1051 3870 et
1074 3832 1113 3869 ex
1132 3816 1299 3870 intervallis
1318 3817 1369 3869 im·

251 3893 324 3956 potu
335 3887 414 3941 illius
427 3887 497 3941 mali
509 3894 676 3957 prostratus
695 3893 796 3942 mente
806 3887 1004 3954 alienabatur,
1025 3888 1165 3941 dominae
1185 3902 1259 3940 suae
1269 3888 1370 3941 uxori-

208 3958 310 4028 lbque
330 3965 359 4013 et
377 3961 507 4014 maerori
527 3967 557 4014 et
576 3959 684 4029 pudori
705 3965 778 4013 crat.
816 3957 956 4013 Ceterum
985 3959 1073 4012 homo
1093 3960 1249 4027 improbus
1268 3974 1369 4012 mona·

251 4032 338 4085 chum
371 4047 404 4085 se
422 4033 599 4100 nequiorem
628 4035 736 4084 nactus
764 4031 804 4083 ob
823 4045 996 4099 perversam
1025 4030 1202 4099 reIIgionenr
1220 4029 1368 4098 Byzantio

207 4102 241 4155 16
251 4109 401 4170 exactum,
421 4104 499 4156 illius
512 4105 656 4156 instinctu
667 4103 756 4156 uxori
770 4103 813 4155 alt
821 4101 1039 4170 archangelum
1050 4100 1221 4156 Gabrielem
1235 4101 1273 4155 de
1284 4101 1368 4155 caelo

251 4174 290 4228 ad
310 4190 342 4228 so
362 4174 595 4228 descendentem
624 4188 738 4227 arcana
758 4172 909 4240 quaedam
938 4173 995 4227 sibi
1014 4174 1165 4242 rerelarc3
1194 4173 1280 4226 culus
1300 4188 1369 4226 eon·

250 4250 386 4315 spectum
407 4245 488 4314 quod
502 4246 582 4298 serre
595 4260 657 4298 non
671 4245 773 4312 possit,
794 4259 826 4298 se
845 4245 954 4298 oborta
973 4261 1010 4298 ex
1030 4251 1114 4299 metu
1124 4245 1276 4313 vertigine
1286 4244 1369 4297 humi

208 4317 459 4385 lerocumberc.
496 4316 540 4369 Ea
560 4316 655 4370 verba
678 4316 848 4369 testimonIo
868 4315 963 4370 dolosi
989 4316 1069 4370 illius
1087 4315 1226 4369 monaehi
1246 4331 1369 4384 quoquo

251 4389 518 4454 confirmabantur,
538 4389 590 4458 qui
610 4387 727 4441 mulieri
747 4387 868 4441 dicebat
896 4389 1017 4441 omnino
1037 4387 1118 4441 hunc
1137 4385 1309 4442 GabrIc-Iem
1329 4387 1370 4440 ad
