3050 4775
256 422 309 487 ars
513 424 649 490 tonna.
670 424 768 488 serr.
788 429 857 487 xiv
878 426 918 501 rs,
937 428 1051 502 ευ-ιι,
1072 429 1114 487 n.

254 614 308 679 τὸν
330 616 525 699 πατριάρχην
548 616 652 697 adrev,
680 623 725 697 τῷ
749 615 880 697 έβδόμῳ
904 615 1080 697 ἐπανῆλθεν
1102 616 1145 684 είς
1166 614 1203 677 τὰ
1226 613 1373 698 βασίλεια,

253 713 319 801 μετ’
344 720 502 801 εὐφημίας
524 718 577 781 καί
599 718 726 799 κρότων
754 718 789 780 δε
834 717 877 786 είς
905 717 959 779 καί
985 717 1203 799 λαμπρότητος
1227 718 1315 799 παρά
1341 740 1374 779 τε

254 828 309 904 τῆς
333 822 495 903 γερουσίας
518 820 648 884 καὶτοῦ
671 820 817 903 πλήθους
838 827 893 903 τής
914 820 1048 889 πόλεως.

206 925 243 989 li
344 923 514 1005 Γενομένῳ
538 923 572 986 δὲ
594 931 640 1004 τῴ
662 922 785 1005 βασιλεῖ
798 920 975 1004 Ἡρακλείῳ
997 921 1077 985 κατὰ
1100 922 1156 1004 τήν
1170 921 1374 1005 Ἰερουσαλήμ

256 1027 274 1091 ό
297 1032 362 1090 τῶν
379 1026 572 1109 Ἰακωβιτῶν
594 1023 768 1095 καθολικδς
789 1025 1033 1107 προσελήλυθεν,
1066 1026 1104 1087 δν
1132 1026 1243 1088 έκεῖνσι
1264 1034 1401 1107 πατρι-ἵ)

230 1130 358 1212 2άρχην
386 1130 563 1211 ὠνόμαζον.
608 1128 710 1209 τούτῳ
736 1129 840 1190 τοίνυν
861 1127 880 1189 ὁ
902 1127 1046 1209 βασιλεὺς
1067 1128 1166 1190 αἰτίαν
1187 1135 1374 1210 προσῆπτεν,

224 1232 302 1295 Οότι
324 1231 379 1314 τήν
402 1231 435 1294 έν
450 1230 633 1315 Χαλκηδόνι
651 1230 696 1312 μή
722 1230 843 1311 δέχοιτο
866 1230 1001 1292 σύνοδον
1022 1230 1105 1312 μηδὲ
1129 1230 1188 1293 δύο
1211 1231 1319 1312 φύσεις
1342 1230 1375 1292 έν

256 1333 386 1415 Χριστῷ
409 1334 576 1415 ἡνωμένος
600 1332 755 1416 ὁμολογεῖ,
789 1332 890 1413 λέγων
914 1332 960 1401 ὡς
983 1334 1015 1395 εί
1031 1356 1066 1414 γε
1087 1333 1143 1415 τήν
1165 1332 1301 1396 σύνοδον
1324 1331 1374 1394 δέ-

109 1446 143 1501 W
162 1439 340 1510 111ῖοξοιτο
362 1436 416 1500 καί
439 1436 498 1499 δύο
521 1436 630 1518 φύσεις
653 1435 848 1517 ἀσυγχύτους
871 1434 920 1496 ἐπὶ
942 1440 997 1497 τοῦ
1019 1442 1163 1517 σωτῆρος
1178 1435 1374 1517 ὁμολογήσει,

257 1538 417 1621 ὁμόδοξον
440 1538 535 1601 αῦτδν
557 1538 703 1620 ἡγήσοιτο
726 1537 780 1599 καί
802 1543 856 1619 τῆς
874 1537 1058 1619 Ἀντιοχέων
1081 1537 1245 1620 ἐκκλησίας
1266 1561 1375 1621 πατρι·
1387 1550 1422 1603 10

230 1643 359 1724 3όρχην
382 1642 582 1724 προβόλοιτο.
628 1640 647 1703 ὁ
671 1639 705 1703 δὲ
729 1638 829 1709 δεινός
852 1641 900 1703 ὢν
922 1640 975 1702 καὶ
996 1640 1150 1722 πονηρίας
1171 1640 1293 1723 μεστός,
1325 1642 1375 1704 ἵνα

255 1745 301 1827 μὴ
326 1744 496 1826 ἀτευκτήσῃ
520 1749 575 1826 τῆς
596 1742 757 1825 βασιλικῆς
780 1743 989 1824 ὑποσχέσεως,
1012 1743 1068 1823 τήν
1089 1766 1122 1805 τε
1143 1742 1279 1807 σύνοδον
1296 1744 1374 1807 ῦπο-

257 1847 452 1928 κεκριμένως
479 1844 606 1918 ἐδέξατο
633 1844 686 1907 καὶ
714 1844 773 1907 δύο
800 1845 910 1927 φύσεις
937 1845 987 1907 ἐστὶ
1008 1842 1148 1926 Χριστοῦ
1171 1846 1268 1927 λέγειν
1290 1848 1375 1929 ήνω-

230 1960 249 2012 4
256 1951 354 2032 μένας
369 1948 528 2011 κατέθετο.
574 1946 645 2029 περί
662 1947 697 2010 δέ
712 1970 745 2028 γε
760 1952 825 2010 τῶν
840 1947 1030 2030 θελημάτων
1051 1948 1104 2011 καλ
1126 1952 1191 2011 τῶν
1213 1949 1376 2031 ἐνεργειῶν

258 2051 459 2131 ἐπυνθάνετο,
484 2051 512 2113 εί
533 2049 614 2113 διττὰ
638 2055 733 2112 ταῦτα
756 2050 854 2131 λέγειν
875 2050 980 2132 χρεὼν
1002 2052 1022 2133 ή
1046 2051 1143 2114 ἕνιαῖά
1161 2074 1193 2113 τε
1208 2051 1262 2114 καί
1275 2076 1374 2133 μονα·
1387 2060 1421 2114 15

184 2153 340 2219 Dodoni.
373 2154 392 2217 ό
416 2152 450 2216 δὲ
473 2152 680 2234 αὐτοκράτωρ
703 2152 816 2233 γράφει
838 2153 909 2234 περὶ
930 2154 1043 2216 τούτου
1066 2152 1105 2235 δή
1129 2158 1185 2216 τοῦ
1201 2155 1376 2237 ζητήματος

230 2256 337 2339 ύπρδς
368 2254 422 2319 τὸν
453 2253 816 2324 Κωνσταιτινουπόλεως
847 2254 992 2337 Σέργιον.
1036 2255 1182 2327 κάκεῖνος
1211 2256 1307 2319 πάλαι
1337 2256 1376 2319 τὰ

259 2469 292 2523 li
311 2471 383 2528 ὅπως
402 2469 418 2522 ό
436 2467 504 2536 (om.
524 2468 559 2532 Ε)
575 2466 733 2536 Ἡράκλειος
751 2467 789 2527 εἷς
807 2467 854 2537 τήν
873 2474 927 2522 τῶν
945 2469 1148 2536 Μονοθελητῶν
1166 2471 1266 2537 αἵρεσιν
1283 2469 1376 2533 έξεκυ·

257 2541 338 2608 λίοθη
357 2539 511 2609 (ἐξελήλυθε
530 2539 565 2606 Ε)
585 2537 661 2593 ACE

312 2736 328 2791 ’ί
347 2736 500 2804 Χαλκηδόνι
515 2734 551 2806 ρ*
565 2736 668 2790 invitis
681 2734 762 2790 Allw
825 2736 842 2790 9
860 2737 1022 2806 ἀσυγχύτους
1041 2737 1207 2806 (ἀσυγχύτως
1217 2737 1252 2802 Ε)
1270 2737 1312 2792 ἐπί
1330 2746 1375 2793 τοῦ

312 2815 431 2875 σωτῆρος
444 2807 504 2875 ΑΕ,
523 2807 565 2860 ε’πὶ
584 2815 630 2860 τοῦ
648 2811 704 2870 (του
715 2808 753 2876 D)
774 2816 893 2878 σωτῆρος
905 2816 1013 2878 χριστοῦ
1026 2809 1161 2877 ήυωμένας
1173 2810 1328 2878 ἀσυγχῦτως
1342 2811 1376 2877 R,

312 2879 450 2948 ήνωμένας
468 2879 621 2947 ἀσυγχύτιυς
640 2879 681 2931 ε’πί
700 2887 747 2932 τοῦ
765 2888 884 2948 σωτῆρος
899 2888 1008 2948 χριστοῦ
1027 2895 1083 2949 wp,
1102 2880 1264 2949 ἀσυγχύτους
1276 2882 1319 2934 ε’ττλ
1331 2889 1376 2935 τοῦ

312 2958 432 3018 σωτῆρος
451 2951 570 3018 Χριστοῦ
590 2948 631 3004 Di
703 2952 733 3002 11
754 2951 1034 3020 προβάλοιτοΑΒνιχι,
1051 2951 1295 3021 προβάλλωτοΒΙ),
1313 2973 1377 3021 προ·

312 3023 418 3091 βαλοῒτο
437 3019 479 3074 Di
564 3020 598 3074 12
617 3023 862 3090 ῦπακεκρυμμένως
881 3022 931 3075 ΒΕ
1013 3023 1047 3076 13
1064 3024 1106 3076 ἐπὶ
1125 3031 1171 3078 τοῦ
1189 3023 1217 3076 D
1301 3026 1333 3078 16
1351 3023 1376 3078 δ’

314 3091 432 3163 prDi'
523 3093 590 3147 178.
610 3092 640 3146 τὰ
659 3093 713 3162 τῆς]
732 3093 852 3163 τὴντῶν
871 3093 898 3146 D

260 3291 411 3361 rosolyma
431 3291 585 3358 restitutis,
604 3289 763 3345 Heraclius
782 3306 863 3344 anno
882 3291 1010 3360 septimo
1030 3291 1060 3344 in
1079 3291 1196 3361 regiam
1219 3307 1377 3362 regressus

260 3379 278 3416 a
306 3369 414 3416 senatu
443 3363 618 3432 populoque
646 3361 815 3431 Byzantino
844 3363 931 3416 laetis
950 3362 1220 3418 acclamationibus
1251 3371 1281 3418 et
1309 3379 1377 3418 eum

260 3435 368 3504 plausu
389 3433 629 3503 splendidissime
647 3434 807 3506 excipitur.

350 3505 390 3559 17.
411 3504 550 3558 Ceterum
569 3519 623 3558 rex
635 3505 794 3559 Heraclius
812 3507 843 3558 in
862 3504 962 3558 reditu
972 3503 1175 3562 Iacobitarum
1190 3506 1377 3574 catholicum,

232 3578 348 3645 2quem
363 3576 403 3630 illi
412 3576 612 3644 patriarcham
623 3578 787 3642 nominant,
801 3576 1017 3645 Hierosolymis
1027 3578 1188 3643 incusavit,
1202 3577 1283 3646 quod
1294 3577 1377 3633 Chal·

260 3648 431 3702 cedouense
451 3647 610 3701 concilium
629 3648 815 3716 improbaret
842 3663 943 3716 neque
961 3647 1037 3701 dues
1056 3653 1181 3702 naturas
1209 3650 1241 3701 in
1260 3647 1376 3703 Christo

261 3721 336 3773 citra
352 3719 559 3772 confusionom
573 3721 675 3772 unitas
688 3719 891 3785 confiteretur,
911 3723 941 3772 et
952 3718 1068 3772 eddidit
1086 3734 1127 3786 se,
1146 3720 1170 3773 si
1189 3720 1271 3772 illam
1289 3735 1378 3788 syno-

260 3790 331 3844 dum
351 3791 509 3859 probasset
537 3788 674 3859 duasque
693 3796 819 3844 naturas
848 3792 877 3844 in
897 3790 1049 3844 salvatore
1077 3805 1143 3844 esse
1171 3792 1376 3860 concessisset,

260 3866 434 3931 putaturum
456 3876 524 3914 oum
544 3875 609 3915 csse
629 3861 786 3916 doctrinae
805 3861 939 3915 eiusdem
959 3862 1135 3931 participem
1155 3866 1185 3915 et
1202 3861 1375 3931 designatu-

233 3935 325 3989 3rum
344 3932 552 3987 Antiochense
577 3933 723 3987 ecclesiae
748 3933 959 4002 patriarcham.
995 3932 1036 3986 At
1063 3933 1112 3986 ille
1131 3933 1220 3987 bomo
1249 3934 1375 3988 callidus

260 4012 290 4059 et
309 4003 385 4058 dolis
404 4004 519 4072 plenus,
539 4020 578 4058 ne
603 4006 685 4074 regis
704 4005 884 4074 promissum
904 4004 943 4058 ed
962 4005 1078 4058 irritum
1099 4003 1229 4072 caderet,
1258 4012 1289 4059 et
1307 4021 1376 4059 con·

261 4077 360 4130 cilium
380 4089 412 4129 se
432 4076 604 4145 approbare
632 4075 752 4130 simulat
772 4083 803 4129 et
830 4076 907 4128 duos
925 4081 1052 4129 naturas
1079 4076 1110 4128 in
1130 4075 1247 4131 Christo
1274 4078 1377 4132 unitas

232 4150 292 4204 ise
312 4147 446 4218 profiteri
466 4149 515 4200 eit.
553 4145 613 4202 Sed
641 4147 679 4200 de
698 4147 907 4201 voluntatibus
935 4157 965 4201 et
984 4147 1154 4201 actionibus
1173 4153 1377 4217 percontatur,

233 4223 361 4276 bairum
381 4233 433 4272 eas
453 4218 587 4287 duplices
607 4234 646 4272 an
665 4234 743 4272 urias
762 4225 792 4272 et
811 4218 947 4287 singulas
968 4218 1025 4272 dici
1045 4219 1092 4272 les
1111 4219 1156 4272 sit.
1193 4218 1267 4272 Eam
1287 4234 1378 4288 quao-

260 4293 386 4346 stioncrn
407 4291 571 4360 imperator
599 4290 637 4344 ad
657 4289 796 4359 Sergium
826 4291 1027 4359 patriarcham
1048 4289 1237 4359 Cpolitanum
1265 4290 1378 4345 scribit.

233 4361 316 4426 6Qui
337 4376 405 4414 cum
416 4360 531 4431 pridem
543 4361 805 4416 Monotbelitsrum
817 4362 964 4415 baeresim
975 4361 1126 4432 probaret,
1145 4376 1237 4416 uuam
1256 4366 1378 4416 natura·

261 4433 317 4488 icrn
347 4433 532 4487 rolrrntatem
562 4440 591 4488 et
614 4449 706 4487 uuam
725 4435 875 4487 actionem
905 4434 935 4487 iu
955 4431 1071 4488 Cinisto
1091 4432 1282 4488 statuendam
1311 4449 1378 4490 esse
