<?xml version="1.0" encoding="UTF-8"?>
<!DOCTYPE html PUBLIC "-//W3C//DTD XHTML 1.0 Transitional//EN"
    "http://www.w3.org/TR/xhtml1/DTD/xhtml1-transitional.dtd">
<html xmlns="http://www.w3.org/1999/xhtml" xml:lang="en" lang="en">
 <head>
  <title>
</title>
<meta http-equiv="Content-Type" content="text/html;charset=utf-8" />
  <meta name='ocr-system' content='tesseract 3.04.00' />
  <meta name='ocr-capabilities' content='ocr_page ocr_carea ocr_par ocr_line ocrx_word'/>
</head>
<body>
  <div class='ocr_page' id='page_1' title='image "./corpusscriptoru01theogoog/corpusscriptoru01theogoog_0398.png"; bbox 0 0 3050 4775; ppageno 0'>
   <div class='ocr_carea' id='block_1_1' title="bbox 228 373 1050 445">
    <p class='ocr_par' dir='ltr' id='par_1_1' title="bbox 228 373 1050 445">
     <span class='ocr_line' id='line_1_1' title="bbox 228 373 1050 445; baseline -0.004 -11"><span class='ocrx_word' id='word_1_1' title='bbox 228 373 282 436; x_wconf 82' lang='grc'><strong><em>360</em></strong></span> <span class='ocrx_word' id='word_1_2' title='bbox 525 373 662 436; x_wconf 81' lang='lat' dir='ltr'>ZONAR.</span> <span class='ocrx_word' id='word_1_3' title='bbox 684 373 781 434; x_wconf 85' lang='lat' dir='ltr'>EPIT.</span> <span class='ocrx_word' id='word_1_4' title='bbox 801 373 855 434; x_wconf 86' lang='lat' dir='ltr'><strong><em>XV</em></strong></span> <span class='ocrx_word' id='word_1_5' title='bbox 874 373 917 445; x_wconf 73' lang='grc'><strong><em>00,</em></strong></span> <span class='ocrx_word' id='word_1_6' title='bbox 937 373 1050 434; x_wconf 77' lang='lat'>10-20.</span> 
     </span>
    </p>
   </div>
   <div class='ocr_carea' id='block_1_2' title="bbox 80 556 1525 2289">
    <p class='ocr_par' dir='ltr' id='par_1_2' title="bbox 186 556 1378 1057">
     <span class='ocr_line' id='line_1_2' title="bbox 229 556 1350 646; baseline -0.003 -20"><span class='ocrx_word' id='word_1_7' title='bbox 229 567 286 626; x_wconf 81' lang='grc' dir='ltr'><strong><em>νοῦ</em></strong></span> <span class='ocrx_word' id='word_1_8' title='bbox 308 561 432 646; x_wconf 83' lang='grc' dir='ltr'><strong><em>πάσχον</em></strong></span> <span class='ocrx_word' id='word_1_9' title='bbox 454 559 508 624; x_wconf 79' lang='grc' dir='ltr'><strong><em>καὶ</em></strong></span> <span class='ocrx_word' id='word_1_10' title='bbox 531 567 585 645; x_wconf 86' lang='grc' dir='ltr'><strong><em>τῆς</em></strong></span> <span class='ocrx_word' id='word_1_11' title='bbox 608 560 752 644; x_wconf 80' lang='grc' dir='ltr'><em>γλώσσης</em></span> <span class='ocrx_word' id='word_1_12' title='bbox 775 561 976 644; x_wconf 84' lang='grc' dir='ltr'><strong><em>παρακοπήν,</em></strong></span> <span class='ocrx_word' id='word_1_13' title='bbox 999 559 1053 624; x_wconf 76' lang='grc' dir='ltr'><strong><em>καὶ</em></strong></span> <span class='ocrx_word' id='word_1_14' title='bbox 1075 557 1115 643; x_wconf 79' lang='grc' dir='ltr'><strong><em>ἦν</em></strong></span> <span class='ocrx_word' id='word_1_15' title='bbox 1136 557 1203 625; x_wconf 79' lang='grc' dir='ltr'><strong><em>οἷον</em></strong></span> <span class='ocrx_word' id='word_1_16' title='bbox 1217 556 1350 643; x_wconf 86' lang='grc' dir='ltr'><strong><em>άθυρμά</em></strong></span> 
     </span>
     <span class='ocr_line' id='line_1_3' title="bbox 228 662 1352 748; baseline -0.001 -20"><span class='ocrx_word' id='word_1_17' title='bbox 228 690 254 730; x_wconf 90' lang='grc' dir='ltr'><strong><em>τι</em></strong></span> <span class='ocrx_word' id='word_1_18' title='bbox 277 673 324 748; x_wconf 75' lang='grc' dir='ltr'><strong><em>τῷ</em></strong></span> <span class='ocrx_word' id='word_1_19' title='bbox 346 665 475 747; x_wconf 80' lang='grc' dir='ltr'><strong><em>βασιλεῖ·</em></strong></span> <span class='ocrx_word' id='word_1_20' title='bbox 508 671 554 747; x_wconf 79' lang='grc' dir='ltr'><strong><em>τῷ</em></strong></span> <span class='ocrx_word' id='word_1_21' title='bbox 584 663 618 728; x_wconf 79' lang='grc' dir='ltr'><strong><em>δὲ</em></strong></span> <span class='ocrx_word' id='word_1_22' title='bbox 646 663 779 746; x_wconf 81' lang='grc' dir='ltr'><em>τοιούτῳ</em></span> <span class='ocrx_word' id='word_1_23' title='bbox 806 663 986 746; x_wconf 72' lang='grc' dir='ltr'><strong><em>τυγχάνοντι</em></strong></span> <span class='ocrx_word' id='word_1_24' title='bbox 1012 662 1127 746; x_wconf 79' lang='grc' dir='ltr'><strong><em>ἦνκαὶ</em></strong></span> <span class='ocrx_word' id='word_1_25' title='bbox 1151 664 1168 746; x_wconf 74' lang='grc' dir='ltr'><em>ἡ</em></span> <span class='ocrx_word' id='word_1_26' title='bbox 1194 683 1352 746; x_wconf 56' lang='grc' dir='ltr'><strong><em>χυναικωέ</em></strong></span> 
     </span>
     <span class='ocr_line' id='line_1_4' title="bbox 186 765 1349 852; baseline 0.002 -26"><span class='ocrx_word' id='word_1_27' title='bbox 186 769 411 852; x_wconf 81' lang='grc' dir='ltr'><strong><em>11νῖτιςβατή.</em></strong></span> <span class='ocrx_word' id='word_1_28' title='bbox 457 767 513 830; x_wconf 89' lang='grc' dir='ltr'><strong><em>καί</em></strong></span> <span class='ocrx_word' id='word_1_29' title='bbox 533 791 608 832; x_wconf 91' lang='grc' dir='ltr'><strong><em>ποτε</em></strong></span> <span class='ocrx_word' id='word_1_30' title='bbox 634 765 688 830; x_wconf 85' lang='grc' dir='ltr'><strong><em>τὸν</em></strong></span> <span class='ocrx_word' id='word_1_31' title='bbox 714 773 770 849; x_wconf 84' lang='grc' dir='ltr'><strong><em>τῆς</em></strong></span> <span class='ocrx_word' id='word_1_32' title='bbox 794 767 978 850; x_wconf 81' lang='grc' dir='ltr'><strong><em>Αόγοόστης</em></strong></span> <span class='ocrx_word' id='word_1_33' title='bbox 1005 769 1106 831; x_wconf 84' lang='grc' dir='ltr'><strong><em>εἴσεισι</em></strong></span> <span class='ocrx_word' id='word_1_34' title='bbox 1135 767 1295 848; x_wconf 85' lang='grc' dir='ltr'><strong><em>θάλαμον·</em></strong></span> <span class='ocrx_word' id='word_1_35' title='bbox 1329 767 1349 848; x_wconf 78' lang='grc' dir='ltr'><em>ἡ</em></span> 
     </span>
     <span class='ocr_line' id='line_1_5' title="bbox 231 867 1350 954; baseline -0.002 -20"><span class='ocrx_word' id='word_1_36' title='bbox 231 868 259 934; x_wconf 81' lang='grc' dir='ltr'><strong><em>δ’</em></strong></span> <span class='ocrx_word' id='word_1_37' title='bbox 277 873 364 954; x_wconf 80' lang='grc' dir='ltr'><strong><em>ἔτυχε</em></strong></span> <span class='ocrx_word' id='word_1_38' title='bbox 380 871 447 935; x_wconf 86' lang='grc' dir='ltr'><strong><em>τότε</em></strong></span> <span class='ocrx_word' id='word_1_39' title='bbox 463 870 552 951; x_wconf 83' lang='grc' dir='ltr'><em>ἁγίας</em></span> <span class='ocrx_word' id='word_1_40' title='bbox 568 869 691 940; x_wconf 83' lang='grc' dir='ltr'><strong><em>εἰκόνας</em></strong></span> <span class='ocrx_word' id='word_1_41' title='bbox 707 869 912 953; x_wconf 82' lang='grc' dir='ltr'><strong><em>ἀσπαζομένη</em></strong></span> <span class='ocrx_word' id='word_1_42' title='bbox 928 869 982 933; x_wconf 72' lang='grc' dir='ltr'><strong><em>καὶ</em></strong></span> <span class='ocrx_word' id='word_1_43' title='bbox 1000 875 1225 951; x_wconf 82' lang='grc' dir='ltr'><strong><em>προσκυνοῦσα</em></strong></span> <span class='ocrx_word' id='word_1_44' title='bbox 1250 867 1350 951; x_wconf 77' lang='grc' dir='ltr'><strong><em>(ἐτίμα</em></strong></span> 
     </span>
     <span class='ocr_line' id='line_1_6' title="bbox 231 967 1378 1057; baseline -0.003 -19"><span class='ocrx_word' id='word_1_45' title='bbox 231 973 290 1057; x_wconf 81' lang='grc' dir='ltr'><strong><em>γάρ</em></strong></span> <span class='ocrx_word' id='word_1_46' title='bbox 319 973 533 1056; x_wconf 77' lang='grc' dir='ltr'><strong><em>διαφερόντως</em></strong></span> <span class='ocrx_word' id='word_1_47' title='bbox 556 973 666 1054; x_wconf 86' lang='grc' dir='ltr'><strong><em>ἀγνοίᾳ</em></strong></span> <span class='ocrx_word' id='word_1_48' title='bbox 689 977 745 1036; x_wconf 85' lang='grc' dir='ltr'><strong><em>τοῦ</em></strong></span> <span class='ocrx_word' id='word_1_49' title='bbox 769 970 978 1054; x_wconf 85' lang='grc' dir='ltr'><strong><em>ξυνευνέτου),</em></strong></span> <span class='ocrx_word' id='word_1_50' title='bbox 1009 971 1045 1035; x_wconf 88' lang='grc' dir='ltr'><strong><em>τὸ</em></strong></span> <span class='ocrx_word' id='word_1_51' title='bbox 1069 967 1097 1036; x_wconf 87' lang='grc' dir='ltr'><strong><em>δ’</em></strong></span> <span class='ocrx_word' id='word_1_52' title='bbox 1122 971 1378 1054; x_wconf 79' lang='grc' dir='ltr'><strong><em>άνθρωπάριονδ</em></strong></span> 
     </span>
    </p>

    <p class='ocr_par' dir='ltr' id='par_1_3' title="bbox 152 1074 1352 1467">
     <span class='ocr_line' id='line_1_7' title="bbox 231 1074 1352 1158; baseline -0.002 -18"><span class='ocrx_word' id='word_1_53' title='bbox 231 1077 331 1141; x_wconf 79' lang='grc' dir='ltr'><strong><em>ἐκεῖνο</em></strong></span> <span class='ocrx_word' id='word_1_54' title='bbox 354 1075 390 1140; x_wconf 86' lang='grc' dir='ltr'><strong><em>τό</em></strong></span> <span class='ocrx_word' id='word_1_55' title='bbox 415 1077 485 1140; x_wconf 84' lang='grc' dir='ltr'><strong><em>θεῖα</em></strong></span> <span class='ocrx_word' id='word_1_56' title='bbox 501 1076 701 1158; x_wconf 82' lang='grc' dir='ltr'><strong><em>θεασόμενον</em></strong></span> <span class='ocrx_word' id='word_1_57' title='bbox 717 1075 939 1158; x_wconf 83' lang='grc' dir='ltr'><strong><em>έκτυπώματα,</em></strong></span> <span class='ocrx_word' id='word_1_58' title='bbox 962 1075 1014 1138; x_wconf 89' lang='grc' dir='ltr'><strong><em>“τί</em></strong></span> <span class='ocrx_word' id='word_1_59' title='bbox 1025 1075 1166 1152; x_wconf 83' lang='grc' dir='ltr'><strong><em>ταῦτα;”</em></strong></span> <span class='ocrx_word' id='word_1_60' title='bbox 1188 1077 1282 1158; x_wconf 77' lang='grc' dir='ltr'><strong><em>ἤρετο</em></strong></span> <span class='ocrx_word' id='word_1_61' title='bbox 1296 1074 1352 1158; x_wconf 80' lang='grc' dir='ltr'><strong><em>τὴν</em></strong></span> 
     </span>
     <span class='ocr_line' id='line_1_8' title="bbox 152 1175 1351 1262; baseline 0.002 -24"><span class='ocrx_word' id='word_1_62' title='bbox 152 1179 418 1262; x_wconf 79' lang='grc' dir='ltr'><strong><em>012βασίλιοσαν.</em></strong></span> <span class='ocrx_word' id='word_1_63' title='bbox 465 1179 484 1260; x_wconf 86' lang='grc' dir='ltr'><strong><em>ἡ</em></strong></span> <span class='ocrx_word' id='word_1_64' title='bbox 509 1176 543 1242; x_wconf 84' lang='grc' dir='ltr'><strong><em>δέ</em></strong></span> <span class='ocrx_word' id='word_1_65' title='bbox 566 1177 694 1260; x_wconf 77' lang='grc' dir='ltr'><strong><em>ἀφελῶς</em></strong></span> <span class='ocrx_word' id='word_1_66' title='bbox 716 1201 788 1248; x_wconf 90' lang='grc' dir='ltr'><strong><em>πως</em></strong></span> <span class='ocrx_word' id='word_1_67' title='bbox 810 1176 892 1259; x_wconf 85' lang='grc' dir='ltr'><strong><em>πρὸς</em></strong></span> <span class='ocrx_word' id='word_1_68' title='bbox 914 1179 1015 1241; x_wconf 79' lang='grc' dir='ltr'><strong><em>έκεῖνο</em></strong></span> <span class='ocrx_word' id='word_1_69' title='bbox 1036 1177 1182 1242; x_wconf 83' lang='grc' dir='ltr'><strong><em>“ταῦτα”</em></strong></span> <span class='ocrx_word' id='word_1_70' title='bbox 1205 1176 1270 1241; x_wconf 76' lang='grc' dir='ltr'><strong><em>εἶπε</em></strong></span> <span class='ocrx_word' id='word_1_71' title='bbox 1291 1175 1351 1240; x_wconf 82' lang='grc' dir='ltr'><strong><em>“τὰ</em></strong></span> 
     </span>
     <span class='ocr_line' id='line_1_9' title="bbox 230 1279 1351 1364; baseline 0 -20"><span class='ocrx_word' id='word_1_72' title='bbox 230 1281 312 1345; x_wconf 86' lang='grc' dir='ltr'><strong><em>καλά</em></strong></span> <span class='ocrx_word' id='word_1_73' title='bbox 339 1305 403 1364; x_wconf 90' lang='grc' dir='ltr'><strong><em>μου</em></strong></span> <span class='ocrx_word' id='word_1_74' title='bbox 432 1280 541 1344; x_wconf 86' lang='grc' dir='ltr'><strong><em>νινία.”</em></strong></span> <span class='ocrx_word' id='word_1_75' title='bbox 587 1281 708 1344; x_wconf 79' lang='grc' dir='ltr'><strong><em>ἐκεῖθεν</em></strong></span> <span class='ocrx_word' id='word_1_76' title='bbox 737 1279 795 1344; x_wconf 79' lang='grc' dir='ltr'><strong><em>οὖν</em></strong></span> <span class='ocrx_word' id='word_1_77' title='bbox 823 1280 952 1354; x_wconf 76' lang='grc' dir='ltr'><strong><em>ἐξελθὸν</em></strong></span> <span class='ocrx_word' id='word_1_78' title='bbox 978 1280 1013 1345; x_wconf 88' lang='grc' dir='ltr'><strong><em>τὸ</em></strong></span> <span class='ocrx_word' id='word_1_79' title='bbox 1036 1282 1229 1364; x_wconf 75' lang='grc' dir='ltr'><strong><em>παράφορον</em></strong></span> <span class='ocrx_word' id='word_1_80' title='bbox 1251 1281 1351 1344; x_wconf 80' lang='grc' dir='ltr'><strong><em>ἐκεῖνο</em></strong></span> 
     </span>
     <span class='ocr_line' id='line_1_10' title="bbox 232 1381 1351 1467; baseline 0.001 -21"><span class='ocrx_word' id='word_1_81' title='bbox 232 1384 402 1466; x_wconf 87' lang='grc' dir='ltr'><strong><em>ἀνδράριον</em></strong></span> <span class='ocrx_word' id='word_1_82' title='bbox 427 1382 499 1464; x_wconf 82' lang='grc' dir='ltr'><strong><em>εὗρε</em></strong></span> <span class='ocrx_word' id='word_1_83' title='bbox 521 1382 575 1446; x_wconf 89' lang='grc' dir='ltr'><strong><em>τὸν</em></strong></span> <span class='ocrx_word' id='word_1_84' title='bbox 602 1381 757 1465; x_wconf 79' lang='grc' dir='ltr'><strong><em>Θεόφιλον</em></strong></span> <span class='ocrx_word' id='word_1_85' title='bbox 781 1384 979 1466; x_wconf 81' lang='grc' dir='ltr'><strong><em>ἑοτιώμενον.</em></strong></span> <span class='ocrx_word' id='word_1_86' title='bbox 1025 1386 1118 1467; x_wconf 80' lang='grc' dir='ltr'><strong><em>ἤρετο</em></strong></span> <span class='ocrx_word' id='word_1_87' title='bbox 1141 1381 1199 1447; x_wconf 77' lang='grc' dir='ltr'><strong><em>οὖν</em></strong></span> <span class='ocrx_word' id='word_1_88' title='bbox 1222 1383 1241 1446; x_wconf 95' lang='lat'><em>6</em></span> <span class='ocrx_word' id='word_1_89' title='bbox 1263 1385 1351 1466; x_wconf 84' lang='grc' dir='ltr'><strong><em>βασι-</em></strong></span> 
     </span>
    </p>

    <p class='ocr_par' dir='ltr' id='par_1_4' title="bbox 80 1485 1403 1982">
     <span class='ocr_line' id='line_1_11' title="bbox 189 1485 1403 1570; baseline 0.004 -25"><span class='ocrx_word' id='word_1_90' title='bbox 189 1491 222 1546; x_wconf 90' lang='grc'><strong><em>13</em></strong></span> <span class='ocrx_word' id='word_1_91' title='bbox 232 1485 302 1558; x_wconf 68' lang='lat' dir='ltr'><strong><em>lehc</em></strong></span> <span class='ocrx_word' id='word_1_92' title='bbox 325 1487 420 1551; x_wconf 75' lang='grc' dir='ltr'><strong><em>αἰτόν</em></strong></span> <span class='ocrx_word' id='word_1_93' title='bbox 443 1487 520 1550; x_wconf 85' lang='grc' dir='ltr'><strong><em>ὅθεν</em></strong></span> <span class='ocrx_word' id='word_1_94' title='bbox 543 1487 619 1569; x_wconf 84' lang='grc' dir='ltr'><strong><em>ἥκει.</em></strong></span> <span class='ocrx_word' id='word_1_95' title='bbox 668 1486 686 1549; x_wconf 99' lang='lat'><em>6</em></span> <span class='ocrx_word' id='word_1_96' title='bbox 711 1487 745 1550; x_wconf 86' lang='grc' dir='ltr'><strong><em>δὲ</em></strong></span> <span class='ocrx_word' id='word_1_97' title='bbox 767 1485 855 1567; x_wconf 86' lang='grc' dir='ltr'><strong><em>παρὰ</em></strong></span> <span class='ocrx_word' id='word_1_98' title='bbox 877 1493 915 1569; x_wconf 77' lang='grc' dir='ltr'><strong><em>τῇ</em></strong></span> <span class='ocrx_word' id='word_1_99' title='bbox 933 1487 1039 1570; x_wconf 79' lang='grc' dir='ltr'><strong><em>μόννᾳ</em></strong></span> <span class='ocrx_word' id='word_1_100' title='bbox 1053 1487 1250 1569; x_wconf 84' lang='grc' dir='ltr'><strong><em>πορευθῆναι</em></strong></span> <span class='ocrx_word' id='word_1_101' title='bbox 1266 1486 1352 1550; x_wconf 84' lang='grc' dir='ltr'><strong><em>ἀντί-</em></strong></span> <span class='ocrx_word' id='word_1_102' title='bbox 1366 1496 1403 1550; x_wconf 90' lang='grc'><strong><em>10</em></strong></span> 
     </span>
     <span class='ocr_line' id='line_1_12' title="bbox 232 1588 1354 1673; baseline 0 -19"><span class='ocrx_word' id='word_1_103' title='bbox 232 1613 332 1672; x_wconf 75' lang='grc' dir='ltr'><strong><em>φησεν</em></strong></span> <span class='ocrx_word' id='word_1_104' title='bbox 358 1589 455 1672; x_wconf 86' lang='grc' dir='ltr'><strong><em>(οὕτω</em></strong></span> <span class='ocrx_word' id='word_1_105' title='bbox 481 1589 541 1672; x_wconf 85' lang='grc' dir='ltr'><strong><em>γὰρ</em></strong></span> <span class='ocrx_word' id='word_1_106' title='bbox 565 1589 666 1653; x_wconf 77' lang='grc' dir='ltr'><strong><em>ἐκάλει</em></strong></span> <span class='ocrx_word' id='word_1_107' title='bbox 689 1588 744 1671; x_wconf 77' lang='grc' dir='ltr'><strong><em>τὴν</em></strong></span> <span class='ocrx_word' id='word_1_108' title='bbox 769 1589 947 1667; x_wconf 79' lang='grc' dir='ltr'><strong><em>δέσποιναν)</em></strong></span> <span class='ocrx_word' id='word_1_109' title='bbox 972 1589 1026 1653; x_wconf 78' lang='grc' dir='ltr'><strong><em>καλ</em></strong></span> <span class='ocrx_word' id='word_1_110' title='bbox 1048 1591 1129 1673; x_wconf 80' lang='grc' dir='ltr'><strong><em>ἔχειν</em></strong></span> <span class='ocrx_word' id='word_1_111' title='bbox 1151 1589 1249 1672; x_wconf 82' lang='grc' dir='ltr'><strong><em>αὐτὴν</em></strong></span> <span class='ocrx_word' id='word_1_112' title='bbox 1270 1589 1354 1670; x_wconf 85' lang='grc' dir='ltr'><strong><em>ἔλεγε</em></strong></span> 
     </span>
     <span class='ocr_line' id='line_1_13' title="bbox 190 1690 1354 1775; baseline 0.002 -23"><span class='ocrx_word' id='word_1_113' title='bbox 190 1695 224 1752; x_wconf 83' lang='grc'><strong><em>14</em></strong></span> <span class='ocrx_word' id='word_1_114' title='bbox 233 1693 310 1756; x_wconf 91' lang='grc' dir='ltr'><strong><em>νινία</em></strong></span> <span class='ocrx_word' id='word_1_115' title='bbox 334 1693 424 1756; x_wconf 89' lang='grc' dir='ltr'><strong><em>καλά.</em></strong></span> <span class='ocrx_word' id='word_1_116' title='bbox 471 1693 594 1763; x_wconf 80' lang='grc' dir='ltr'><strong><em>εἰκόνας</em></strong></span> <span class='ocrx_word' id='word_1_117' title='bbox 618 1691 675 1756; x_wconf 79' lang='grc' dir='ltr'><strong><em>οὖν</em></strong></span> <span class='ocrx_word' id='word_1_118' title='bbox 698 1691 834 1756; x_wconf 78' lang='grc' dir='ltr'><strong><em>εἶναιτὰ</em></strong></span> <span class='ocrx_word' id='word_1_119' title='bbox 857 1694 935 1756; x_wconf 90' lang='grc' dir='ltr'><strong><em>νινία</em></strong></span> <span class='ocrx_word' id='word_1_120' title='bbox 957 1694 1160 1775; x_wconf 77' lang='grc' dir='ltr'><strong><em>ὑποτοπήσας</em></strong></span> <span class='ocrx_word' id='word_1_121' title='bbox 1176 1691 1195 1755; x_wconf 95' lang='grc' dir='ltr'><strong><em>δ</em></strong></span> <span class='ocrx_word' id='word_1_122' title='bbox 1210 1690 1354 1774; x_wconf 81' lang='grc' dir='ltr'><strong><em>βασιλεὺς</em></strong></span> 
     </span>
     <span class='ocr_line' id='line_1_14' title="bbox 234 1793 1355 1878; baseline -0.003 -18"><span class='ocrx_word' id='word_1_123' title='bbox 234 1796 402 1878; x_wconf 79' lang='grc' dir='ltr'><strong><em>ἕξώργιστο</em></strong></span> <span class='ocrx_word' id='word_1_124' title='bbox 435 1795 488 1859; x_wconf 86' lang='grc' dir='ltr'><strong><em>καὶ</em></strong></span> <span class='ocrx_word' id='word_1_125' title='bbox 520 1795 600 1878; x_wconf 88' lang='grc' dir='ltr'><strong><em>πρὸς</em></strong></span> <span class='ocrx_word' id='word_1_126' title='bbox 631 1795 687 1878; x_wconf 84' lang='grc' dir='ltr'><strong><em>τὴν</em></strong></span> <span class='ocrx_word' id='word_1_127' title='bbox 718 1795 861 1877; x_wconf 74' lang='grc' dir='ltr'><strong><em>βασιλίδα</em></strong></span> <span class='ocrx_word' id='word_1_128' title='bbox 893 1797 1000 1858; x_wconf 86' lang='grc' dir='ltr'><strong><em>πνέων</em></strong></span> <span class='ocrx_word' id='word_1_129' title='bbox 1028 1795 1137 1877; x_wconf 85' lang='grc' dir='ltr'><strong><em>θυμοῦ</em></strong></span> <span class='ocrx_word' id='word_1_130' title='bbox 1166 1793 1221 1858; x_wconf 79' lang='grc' dir='ltr'><strong><em>καὶ</em></strong></span> <span class='ocrx_word' id='word_1_131' title='bbox 1248 1795 1355 1878; x_wconf 81' lang='grc' dir='ltr'><strong><em>ὕβρεις</em></strong></span> 
     </span>
     <span class='ocr_line' id='line_1_15' title="bbox 80 1895 1353 1982; baseline 0.002 -26"><span class='ocrx_word' id='word_1_132' title='bbox 80 1898 353 1982; x_wconf 70' lang='grc' dir='ltr'><strong>11111117έκείνης</strong></span> <span class='ocrx_word' id='word_1_133' title='bbox 375 1899 501 1982; x_wconf 82' lang='grc' dir='ltr'><strong><em>κατέχεε</em></strong></span> <span class='ocrx_word' id='word_1_134' title='bbox 524 1899 577 1962; x_wconf 82' lang='grc' dir='ltr'><strong><em>καὶ</em></strong></span> <span class='ocrx_word' id='word_1_135' title='bbox 600 1897 819 1978; x_wconf 85' lang='grc' dir='ltr'><strong><em>εῖδωλολάτριν</em></strong></span> <span class='ocrx_word' id='word_1_136' title='bbox 844 1897 1002 1979; x_wconf 84' lang='grc' dir='ltr'><strong><em>ὠνόμαζε,</em></strong></span> <span class='ocrx_word' id='word_1_137' title='bbox 1034 1896 1071 1960; x_wconf 90' lang='grc' dir='ltr'><strong><em>τὰ</em></strong></span> <span class='ocrx_word' id='word_1_138' title='bbox 1095 1899 1243 1980; x_wconf 74' lang='grc' dir='ltr'><strong><em>εἰρημένα</em></strong></span> <span class='ocrx_word' id='word_1_139' title='bbox 1265 1895 1353 1978; x_wconf 86' lang='grc' dir='ltr'><strong><em>παρὰ</em></strong></span> 
     </span>
    </p>

    <p class='ocr_par' dir='ltr' id='par_1_5' title="bbox 190 1999 1402 2186">
     <span class='ocr_line' id='line_1_16' title="bbox 233 1999 1402 2084; baseline 0 -20"><span class='ocrx_word' id='word_1_140' title='bbox 233 2006 288 2064; x_wconf 88' lang='grc' dir='ltr'><strong><em>τοῦ</em></strong></span> <span class='ocrx_word' id='word_1_141' title='bbox 305 2001 433 2082; x_wconf 84' lang='grc' dir='ltr'><strong><em>Δένδερι</em></strong></span> <span class='ocrx_word' id='word_1_142' title='bbox 450 2001 668 2084; x_wconf 74' lang='grc' dir='ltr'><strong><em>διηγούμενος·</em></strong></span> <span class='ocrx_word' id='word_1_143' title='bbox 693 2001 777 2064; x_wconf 78' lang='grc' dir='ltr'><strong><em>σι”τω</em></strong></span> <span class='ocrx_word' id='word_1_144' title='bbox 801 1999 862 2082; x_wconf 84' lang='grc' dir='ltr'><strong><em>γὰρ</em></strong></span> <span class='ocrx_word' id='word_1_145' title='bbox 884 1999 919 2062; x_wconf 90' lang='grc' dir='ltr'><strong><em>τὸ</em></strong></span> <span class='ocrx_word' id='word_1_146' title='bbox 942 2002 1230 2083; x_wconf 88' lang='grc' dir='ltr'><strong><em>πορακεκομμένον</em></strong></span> <span class='ocrx_word' id='word_1_147' title='bbox 1253 1999 1353 2064; x_wconf 78' lang='grc' dir='ltr'><strong><em>ἐκεῖνο</em></strong></span> <span class='ocrx_word' id='word_1_148' title='bbox 1365 2009 1402 2064; x_wconf 77' lang='lat'><strong><em>15</em></strong></span> 
     </span>
     <span class='ocr_line' id='line_1_17' title="bbox 190 2101 1351 2186; baseline 0.003 -25"><span class='ocrx_word' id='word_1_149' title='bbox 190 2103 372 2167; x_wconf 81' lang='grc' dir='ltr'><strong><em>15ἕκαλεῖτσ</em></strong></span> <span class='ocrx_word' id='word_1_150' title='bbox 403 2103 596 2185; x_wconf 86' lang='grc' dir='ltr'><strong><em>ἀνθρώπιον.</em></strong></span> <span class='ocrx_word' id='word_1_151' title='bbox 642 2105 662 2185; x_wconf 84' lang='grc' dir='ltr'>ἡ</span> <span class='ocrx_word' id='word_1_152' title='bbox 692 2103 725 2166; x_wconf 78' lang='grc' dir='ltr'><strong><em>δὲ</em></strong></span> <span class='ocrx_word' id='word_1_153' title='bbox 753 2108 865 2184; x_wconf 77' lang='grc' dir='ltr'><strong><em>σοφῶς</em></strong></span> <span class='ocrx_word' id='word_1_154' title='bbox 890 2101 945 2166; x_wconf 84' lang='grc' dir='ltr'><strong><em>τὸν</em></strong></span> <span class='ocrx_word' id='word_1_155' title='bbox 976 2103 1077 2184; x_wconf 85' lang='grc' dir='ltr'><strong><em>ἄνδρα</em></strong></span> <span class='ocrx_word' id='word_1_156' title='bbox 1109 2105 1351 2186; x_wconf 79' lang='grc' dir='ltr'><strong><em>κατεσοφίσατο·</em></strong></span> 
     </span>
    </p>

    <p class='ocr_par' dir='ltr' id='par_1_6' title="bbox 197 2203 1525 2289">
     <span class='ocr_line' id='line_1_18' title="bbox 197 2203 1525 2289; baseline 0.005 -23"><span class='ocrx_word' id='word_1_157' title='bbox 197 2206 295 2270; x_wconf 81' lang='grc' dir='ltr'><strong>1)“οὖ</strong></span> <span class='ocrx_word' id='word_1_158' title='bbox 320 2204 379 2289; x_wconf 81' lang='grc' dir='ltr'><strong><em>γάρ</em></strong></span> <span class='ocrx_word' id='word_1_159' title='bbox 403 2205 526 2276; x_wconf 86' lang='grc' dir='ltr'><strong><em>εἰκόνας</em></strong></span> <span class='ocrx_word' id='word_1_160' title='bbox 550 2205 629 2268; x_wconf 86' lang='grc' dir='ltr'><strong><em>εἶδεν</em></strong></span> <span class='ocrx_word' id='word_1_161' title='bbox 644 2206 662 2268; x_wconf 95' lang='lat'><em>6</em></span> <span class='ocrx_word' id='word_1_162' title='bbox 679 2205 850 2286; x_wconf 83' lang='grc' dir='ltr'><strong><em>Δένδερις”</em></strong></span> <span class='ocrx_word' id='word_1_163' title='bbox 873 2205 984 2287; x_wconf 83' lang='grc' dir='ltr'><strong><em>ἔλεγεν,</em></strong></span> <span class='ocrx_word' id='word_1_164' title='bbox 1008 2203 1108 2268; x_wconf 85' lang='grc' dir='ltr'><strong><em>“ἀλλό</em></strong></span> <span class='ocrx_word' id='word_1_165' title='bbox 1123 2213 1170 2287; x_wconf 76' lang='grc' dir='ltr'><strong><em>τῷ</em></strong></span> <span class='ocrx_word' id='word_1_166' title='bbox 1185 2205 1353 2286; x_wconf 83' lang='grc' dir='ltr'><strong><em>κατόπτρῳ</em></strong></span> <span class='ocrx_word' id='word_1_167' title='bbox 1365 2215 1394 2270; x_wconf 89' lang='grc' dir='ltr'><strong><em>Ι)</em></strong></span> <span class='ocrx_word' id='word_1_168' title='bbox 1411 2217 1465 2274; x_wconf 91' lang='lat'><strong><em>111</em></strong></span> <span class='ocrx_word' id='word_1_169' title='bbox 1480 2222 1500 2276; x_wconf 69' lang='lat' dir='ltr'><strong><em>«l</em></strong></span> <span class='ocrx_word' id='word_1_170' title='bbox 1522 2254 1525 2261; x_wconf 28' lang='grc' dir='ltr'><strong><em>Δ</em></strong></span> 
     </span>
    </p>
   </div>
   <div class='ocr_carea' id='block_1_3' title="bbox 235 2412 1358 3340">
    <p class='ocr_par' dir='ltr' id='par_1_7' title="bbox 235 2412 1358 3340">
     <span class='ocr_line' id='line_1_19' title="bbox 289 2412 1355 2483; baseline 0 -16"><span class='ocrx_word' id='word_1_171' title='bbox 289 2412 700 2483; x_wconf 63' lang='grc' dir='ltr'><strong>1χλώττηςο1),ν.τῑ(1ρ.911,6</strong></span> <span class='ocrx_word' id='word_1_172' title='bbox 754 2412 1355 2483; x_wconf 67' lang='grc' dir='ltr'><strong><em>ἓχιναιιιονίτιςΑ,χυναικωνίτιςΒνιρ,γυναι·</em></strong></span> 
     </span>
     <span class='ocr_line' id='line_1_20' title="bbox 289 2484 1356 2555; baseline -0.001 -16"><span class='ocrx_word' id='word_1_173' title='bbox 289 2486 403 2554; x_wconf 82' lang='grc' dir='ltr'><strong><em>κωνίτης</em></strong></span> <span class='ocrx_word' id='word_1_174' title='bbox 417 2484 452 2551; x_wconf 90' lang='lat' dir='ltr'><strong><em>D,</em></strong></span> <span class='ocrx_word' id='word_1_175' title='bbox 467 2502 543 2541; x_wconf 85' lang='lat' dir='ltr'>corr.</span> <span class='ocrx_word' id='word_1_176' title='bbox 557 2484 599 2539; x_wconf 85' lang='lat' dir='ltr'><strong><em>Di</em></strong></span> <span class='ocrx_word' id='word_1_177' title='bbox 653 2486 670 2539; x_wconf 84' lang='lat'><strong>3</strong></span> <span class='ocrx_word' id='word_1_178' title='bbox 684 2485 727 2539; x_wconf 84' lang='grc' dir='ltr'><strong><em>τὸν</em></strong></span> <span class='ocrx_word' id='word_1_179' title='bbox 741 2502 797 2539; x_wconf 89' lang='lat' dir='ltr'><strong><em>om.</em></strong></span> <span class='ocrx_word' id='word_1_180' title='bbox 813 2486 836 2539; x_wconf 86' lang='lat' dir='ltr'>E</span> <span class='ocrx_word' id='word_1_181' title='bbox 890 2485 908 2538; x_wconf 83' lang='lat'><strong>5</strong></span> <span class='ocrx_word' id='word_1_182' title='bbox 921 2494 987 2555; x_wconf 84' lang='lat' dir='ltr'>post</span> <span class='ocrx_word' id='word_1_183' title='bbox 1002 2487 1182 2555; x_wconf 76' lang='grc' dir='ltr'><strong><em>διαφερόντως</em></strong></span> <span class='ocrx_word' id='word_1_184' title='bbox 1195 2484 1264 2539; x_wconf 85' lang='lat' dir='ltr'><strong>add.</strong></span> <span class='ocrx_word' id='word_1_185' title='bbox 1277 2484 1356 2544; x_wconf 78' lang='grc' dir='ltr'><strong><em>αὐτὰς</em></strong></span> 
     </span>
     <span class='ocr_line' id='line_1_21' title="bbox 290 2556 1355 2626; baseline 0.002 -16"><span class='ocrx_word' id='word_1_186' title='bbox 290 2556 363 2626; x_wconf 84' lang='lat' dir='ltr'>pr</span> <span class='ocrx_word' id='word_1_187' title='bbox 435 2557 525 2625; x_wconf 85' lang='grc' dir='ltr'><strong><em>όγνσία</em></strong></span> <span class='ocrx_word' id='word_1_188' title='bbox 544 2566 589 2611; x_wconf 87' lang='grc' dir='ltr'><strong><em>τοῦ</em></strong></span> <span class='ocrx_word' id='word_1_189' title='bbox 608 2558 760 2620; x_wconf 86' lang='grc' dir='ltr'><strong><em>ξυνεννέτσυ</em></strong></span> <span class='ocrx_word' id='word_1_190' title='bbox 774 2556 906 2626; x_wconf 54' lang='grc' dir='ltr'><strong><em>Μάνην),</em></strong></span> <span class='ocrx_word' id='word_1_191' title='bbox 926 2558 969 2610; x_wconf 87' lang='grc' dir='ltr'><strong><em>τόν</em></strong></span> <span class='ocrx_word' id='word_1_192' title='bbox 986 2559 1138 2625; x_wconf 82' lang='grc' dir='ltr'><strong><em>ξυνευνέτην</em></strong></span> <span class='ocrx_word' id='word_1_193' title='bbox 1150 2557 1317 2611; x_wconf 73' lang='grc' dir='ltr'><strong><em>λανθάνουσα</em></strong></span> <span class='ocrx_word' id='word_1_194' title='bbox 1331 2557 1355 2613; x_wconf 90' lang='lat'>0</span> 
     </span>
     <span class='ocr_line' id='line_1_22' title="bbox 289 2627 1356 2697; baseline 0.001 -16"><span class='ocrx_word' id='word_1_195' title='bbox 289 2629 314 2682; x_wconf 82' lang='lat' dir='ltr'><strong><em>h.</em></strong></span> <span class='ocrx_word' id='word_1_196' title='bbox 334 2628 351 2681; x_wconf 88' lang='grc'>6</span> <span class='ocrx_word' id='word_1_197' title='bbox 371 2627 398 2681; x_wconf 88' lang='grc' dir='ltr'>τὸ</span> <span class='ocrx_word' id='word_1_198' title='bbox 417 2628 442 2681; x_wconf 78' lang='grc' dir='ltr'><strong><em>δ’</em></strong></span> <span class='ocrx_word' id='word_1_199' title='bbox 459 2629 649 2697; x_wconf 69' lang='grc' dir='ltr'><strong><em>ἀνθρωπάριον</em></strong></span> <span class='ocrx_word' id='word_1_200' title='bbox 667 2628 753 2682; x_wconf 80' lang='grc' dir='ltr'><strong><em>έκεῖνο</em></strong></span> <span class='ocrx_word' id='word_1_201' title='bbox 773 2627 834 2694; x_wconf 82' lang='grc' dir='ltr'><strong><em>ΑΕ,</em></strong></span> <span class='ocrx_word' id='word_1_202' title='bbox 858 2629 887 2682; x_wconf 85' lang='grc' dir='ltr'><strong><em>τό</em></strong></span> <span class='ocrx_word' id='word_1_203' title='bbox 905 2627 935 2682; x_wconf 79' lang='grc' dir='ltr'><strong><em>δὲ</em></strong></span> <span class='ocrx_word' id='word_1_204' title='bbox 951 2631 1191 2697; x_wconf 83' lang='grc' dir='ltr'><strong><em>παρακεκομμένον</em></strong></span> <span class='ocrx_word' id='word_1_205' title='bbox 1209 2628 1296 2683; x_wconf 82' lang='grc' dir='ltr'><strong><em>ίιιεΐνο</em></strong></span> <span class='ocrx_word' id='word_1_206' title='bbox 1314 2628 1356 2683; x_wconf 83' lang='grc' dir='ltr'><strong><em>άν-</em></strong></span> 
     </span>
     <span class='ocr_line' id='line_1_23' title="bbox 290 2698 1356 2770; baseline 0 -17"><span class='ocrx_word' id='word_1_207' title='bbox 290 2699 400 2767; x_wconf 88' lang='grc' dir='ltr'><strong><em>δράριον</em></strong></span> <span class='ocrx_word' id='word_1_208' title='bbox 420 2700 620 2767; x_wconf 80' lang='grc' dir='ltr'><strong><em>(ἀνθρωπάριον</em></strong></span> <span class='ocrx_word' id='word_1_209' title='bbox 639 2704 698 2770; x_wconf 84' lang='lat' dir='ltr'><strong><em>wp)</em></strong></span> <span class='ocrx_word' id='word_1_210' title='bbox 719 2698 793 2768; x_wconf 87' lang='lat' dir='ltr'>pr</span> <span class='ocrx_word' id='word_1_211' title='bbox 866 2700 882 2753; x_wconf 80' lang='grc'><strong><em>’1</em></strong></span> <span class='ocrx_word' id='word_1_212' title='bbox 901 2708 979 2754; x_wconf 84' lang='grc' dir='ltr'><strong><em>ταῦτα</em></strong></span> <span class='ocrx_word' id='word_1_213' title='bbox 991 2699 1047 2753; x_wconf 79' lang='grc' dir='ltr'><strong><em>εἶπε</em></strong></span> <span class='ocrx_word' id='word_1_214' title='bbox 1060 2700 1095 2766; x_wconf 87' lang='grc' dir='ltr'><strong><em>Α,</em></strong></span> <span class='ocrx_word' id='word_1_215' title='bbox 1113 2700 1170 2754; x_wconf 77' lang='grc' dir='ltr'><strong><em>εἷπε</em></strong></span> <span class='ocrx_word' id='word_1_216' title='bbox 1183 2708 1260 2755; x_wconf 81' lang='grc' dir='ltr'><strong><em>ταῦτα</em></strong></span> <span class='ocrx_word' id='word_1_217' title='bbox 1275 2701 1356 2770; x_wconf 83' lang='lat' dir='ltr'>Ewp,</span> 
     </span>
     <span class='ocr_line' id='line_1_24' title="bbox 288 2770 1357 2841; baseline 0.002 -17"><span class='ocrx_word' id='word_1_218' title='bbox 288 2772 373 2839; x_wconf 84' lang='grc' dir='ltr'><strong><em>ἔφησε</em></strong></span> <span class='ocrx_word' id='word_1_219' title='bbox 393 2771 454 2839; x_wconf 83' lang='grc' dir='ltr'><strong><em>(ἔφη</em></strong></span> <span class='ocrx_word' id='word_1_220' title='bbox 475 2770 513 2836; x_wconf 86' lang='grc'><strong>1))</strong></span> <span class='ocrx_word' id='word_1_221' title='bbox 533 2770 655 2825; x_wconf 81' lang='grc' dir='ltr'><strong><em>ταῦταΟ</em></strong></span> <span class='ocrx_word' id='word_1_222' title='bbox 740 2771 772 2825; x_wconf 84' lang='grc' dir='ltr'><strong><em>τά</em></strong></span> <span class='ocrx_word' id='word_1_223' title='bbox 792 2787 848 2825; x_wconf 89' lang='lat' dir='ltr'><strong><em>om.</em></strong></span> <span class='ocrx_word' id='word_1_224' title='bbox 869 2770 896 2823; x_wconf 91' lang='lat' dir='ltr'>D</span> <span class='ocrx_word' id='word_1_225' title='bbox 977 2772 1211 2840; x_wconf 89' lang='grc' dir='ltr'><strong><em>9άνθρώπιονο</em></strong></span> <span class='ocrx_word' id='word_1_226' title='bbox 1294 2780 1357 2841; x_wconf 82' lang='grc' dir='ltr'><strong><em>γοῦν</em></strong></span> 
     </span>
     <span class='ocr_line' id='line_1_25' title="bbox 289 2840 1358 2913; baseline 0.002 -18"><span class='ocrx_word' id='word_1_227' title='bbox 289 2842 361 2911; x_wconf 88' lang='lat' dir='ltr'><strong><em>Ewp</em></strong></span> <span class='ocrx_word' id='word_1_228' title='bbox 431 2843 466 2897; x_wconf 92' lang='grc'><strong><em>10</em></strong></span> <span class='ocrx_word' id='word_1_229' title='bbox 482 2843 569 2910; x_wconf 85' lang='grc' dir='ltr'><strong><em>μάννα</em></strong></span> <span class='ocrx_word' id='word_1_230' title='bbox 582 2841 691 2911; x_wconf 77' lang='lat' dir='ltr'><strong><em>Apr,</em></strong></span> <span class='ocrx_word' id='word_1_231' title='bbox 710 2842 781 2910; x_wconf 84' lang='grc' dir='ltr'><strong><em>μάνα</em></strong></span> <span class='ocrx_word' id='word_1_232' title='bbox 794 2840 851 2909; x_wconf 85' lang='lat' dir='ltr'><strong><em>BC,</em></strong></span> <span class='ocrx_word' id='word_1_233' title='bbox 871 2858 899 2895; x_wconf 84' lang='lat' dir='ltr'><strong><em>v.</em></strong></span> <span class='ocrx_word' id='word_1_234' title='bbox 913 2842 999 2897; x_wconf 86' lang='lat' dir='ltr'>Cedr.</span> <span class='ocrx_word' id='word_1_235' title='bbox 1013 2842 1155 2913; x_wconf 64' lang='lat' dir='ltr'>(Scylitz.)</span> <span class='ocrx_word' id='word_1_236' title='bbox 1170 2843 1198 2897; x_wconf 91' lang='lat'><strong><em>11</em></strong></span> <span class='ocrx_word' id='word_1_237' title='bbox 1211 2861 1239 2913; x_wconf 86' lang='lat' dir='ltr'><strong><em>p.</em></strong></span> <span class='ocrx_word' id='word_1_238' title='bbox 1251 2844 1311 2911; x_wconf 73' lang='lat'>105,</span> <span class='ocrx_word' id='word_1_239' title='bbox 1324 2843 1358 2897; x_wconf 87' lang='grc'><strong><em>10</em></strong></span> 
     </span>
     <span class='ocr_line' id='line_1_26' title="bbox 323 2913 1357 2984; baseline 0.003 -18"><span class='ocrx_word' id='word_1_240' title='bbox 323 2916 444 2983; x_wconf 71' lang='grc' dir='ltr'><strong><em>πορευθῇ</em></strong></span> <span class='ocrx_word' id='word_1_241' title='bbox 462 2914 508 2968; x_wconf 86' lang='grc' dir='ltr'><strong><em>καί</em></strong></span> <span class='ocrx_word' id='word_1_242' title='bbox 528 2914 563 2981; x_wconf 91' lang='grc' dir='ltr'><strong><em>Ι),</em></strong></span> <span class='ocrx_word' id='word_1_243' title='bbox 586 2916 750 2983; x_wconf 81' lang='grc' dir='ltr'><strong><em>πορευθῆναι</em></strong></span> <span class='ocrx_word' id='word_1_244' title='bbox 771 2930 848 2967; x_wconf 83' lang='lat' dir='ltr'>corr.</span> <span class='ocrx_word' id='word_1_245' title='bbox 868 2913 919 2972; x_wconf 76' lang='lat' dir='ltr'><strong><em>Dw</em></strong></span> <span class='ocrx_word' id='word_1_246' title='bbox 1003 2916 1034 2967; x_wconf 94' lang='grc'><strong><em>11</em></strong></span> <span class='ocrx_word' id='word_1_247' title='bbox 1054 2914 1113 2984; x_wconf 79' lang='grc' dir='ltr'><strong><em>γὰρ]</em></strong></span> <span class='ocrx_word' id='word_1_248' title='bbox 1133 2914 1239 2983; x_wconf 81' lang='grc' dir='ltr'><strong><em>χοῦνΕ</em></strong></span> <span class='ocrx_word' id='word_1_249' title='bbox 1310 2914 1357 2969; x_wconf 77' lang='grc' dir='ltr'><strong><em>καὶ</em></strong></span> 
     </span>
     <span class='ocr_line' id='line_1_27' title="bbox 291 2984 1356 3055; baseline 0 -16"><span class='ocrx_word' id='word_1_250' title='bbox 291 3000 346 3039; x_wconf 87' lang='grc'><strong>0111.</strong></span> <span class='ocrx_word' id='word_1_251' title='bbox 367 2985 403 3055; x_wconf 84' lang='lat' dir='ltr'><strong><em>p*</em></strong></span> <span class='ocrx_word' id='word_1_252' title='bbox 422 2986 525 3041; x_wconf 84' lang='lat' dir='ltr'>invitis</span> <span class='ocrx_word' id='word_1_253' title='bbox 545 2984 625 3039; x_wconf 64' lang='grc' dir='ltr'><strong><em>ΑΒΝ</em></strong></span> <span class='ocrx_word' id='word_1_254' title='bbox 698 2986 777 3053; x_wconf 76' lang='grc' dir='ltr'><strong><em>ἔλεγε]</em></strong></span> <span class='ocrx_word' id='word_1_255' title='bbox 797 2985 872 3053; x_wconf 79' lang='grc' dir='ltr'><strong><em>λόχον</em></strong></span> <span class='ocrx_word' id='word_1_256' title='bbox 892 2984 914 3041; x_wconf 82' lang='lat' dir='ltr'>C</span> <span class='ocrx_word' id='word_1_257' title='bbox 988 2987 1021 3039; x_wconf 89' lang='grc'><strong>13</strong></span> <span class='ocrx_word' id='word_1_258' title='bbox 1038 2988 1126 3039; x_wconf 87' lang='grc' dir='ltr'><strong><em>πνέων</em></strong></span> <span class='ocrx_word' id='word_1_259' title='bbox 1144 2989 1233 3053; x_wconf 86' lang='grc' dir='ltr'><strong><em>θυμοῦ</em></strong></span> <span class='ocrx_word' id='word_1_260' title='bbox 1253 2984 1287 3052; x_wconf 80' lang='grc' dir='ltr'><strong><em>Α,</em></strong></span> <span class='ocrx_word' id='word_1_261' title='bbox 1310 3006 1356 3039; x_wconf 84' lang='grc' dir='ltr'><strong><em>πο-</em></strong></span> 
     </span>
     <span class='ocr_line' id='line_1_28' title="bbox 235 3056 1357 3127; baseline 0.001 -18"><span class='ocrx_word' id='word_1_262' title='bbox 235 3056 239 3063; x_wconf 79' lang='grc'><strong>’</strong></span> <span class='ocrx_word' id='word_1_263' title='bbox 289 3056 391 3123; x_wconf 84' lang='grc' dir='ltr'><strong><em>ρεάεται</em></strong></span> <span class='ocrx_word' id='word_1_264' title='bbox 409 3058 497 3110; x_wconf 90' lang='grc' dir='ltr'><strong><em>πνέων</em></strong></span> <span class='ocrx_word' id='word_1_265' title='bbox 517 3058 607 3126; x_wconf 83' lang='grc' dir='ltr'><strong><em>θυμοῦ</em></strong></span> <span class='ocrx_word' id='word_1_266' title='bbox 623 3057 701 3127; x_wconf 79' lang='lat' dir='ltr'>Ewp,</span> <span class='ocrx_word' id='word_1_267' title='bbox 723 3059 811 3125; x_wconf 82' lang='grc' dir='ltr'><strong><em>θυμοῦ</em></strong></span> <span class='ocrx_word' id='word_1_268' title='bbox 824 3059 912 3111; x_wconf 89' lang='grc' dir='ltr'><strong><em>πνέων</em></strong></span> <span class='ocrx_word' id='word_1_269' title='bbox 924 3060 1069 3124; x_wconf 79' lang='grc' dir='ltr'><strong><em>πεπόρεντο</em></strong></span> <span class='ocrx_word' id='word_1_270' title='bbox 1084 3061 1107 3111; x_wconf 80' lang='lat'>0</span> <span class='ocrx_word' id='word_1_271' title='bbox 1181 3058 1215 3109; x_wconf 81' lang='lat'><strong><em>14</em></strong></span> <span class='ocrx_word' id='word_1_272' title='bbox 1232 3058 1357 3125; x_wconf 81' lang='grc' dir='ltr'><strong><em>κατέχεεν</em></strong></span> 
     </span>
     <span class='ocr_line' id='line_1_29' title="bbox 290 3127 1356 3198; baseline 0.002 -17"><span class='ocrx_word' id='word_1_273' title='bbox 290 3128 392 3196; x_wconf 75' lang='grc' dir='ltr'><strong><em>ἐκείνης</em></strong></span> <span class='ocrx_word' id='word_1_274' title='bbox 410 3127 483 3198; x_wconf 84' lang='lat' dir='ltr'><strong><em>Ewp</em></strong></span> <span class='ocrx_word' id='word_1_275' title='bbox 564 3129 734 3197; x_wconf 82' lang='grc' dir='ltr'><strong><em>εἰδωλατρίαν</em></strong></span> <span class='ocrx_word' id='word_1_276' title='bbox 753 3128 789 3195; x_wconf 86' lang='lat' dir='ltr'><strong><em>D,</em></strong></span> <span class='ocrx_word' id='word_1_277' title='bbox 810 3144 886 3183; x_wconf 84' lang='lat' dir='ltr'>corr.</span> <span class='ocrx_word' id='word_1_278' title='bbox 907 3129 958 3187; x_wconf 79' lang='lat' dir='ltr'><strong><em>Dw</em></strong></span> <span class='ocrx_word' id='word_1_279' title='bbox 1032 3129 1065 3183; x_wconf 80' lang='lat'><strong><em>15</em></strong></span> <span class='ocrx_word' id='word_1_280' title='bbox 1083 3129 1185 3196; x_wconf 82' lang='grc' dir='ltr'><strong><em>δίνδερι</em></strong></span> <span class='ocrx_word' id='word_1_281' title='bbox 1205 3127 1228 3181; x_wconf 84' lang='grc' dir='ltr'>Ε</span> <span class='ocrx_word' id='word_1_282' title='bbox 1248 3128 1281 3183; x_wconf 79' lang='grc'><strong><em>17</em></strong></span> <span class='ocrx_word' id='word_1_283' title='bbox 1300 3129 1356 3183; x_wconf 73' lang='grc' dir='ltr'><strong><em>δάν·</em></strong></span> 
     </span>
     <span class='ocr_line' id='line_1_30' title="bbox 289 3199 1355 3270; baseline 0.002 -17"><span class='ocrx_word' id='word_1_284' title='bbox 289 3200 360 3266; x_wconf 78' lang='grc' dir='ltr'><strong><em>δερις</em></strong></span> <span class='ocrx_word' id='word_1_285' title='bbox 381 3199 411 3266; x_wconf 82' lang='lat' dir='ltr'><strong><em>E,</em></strong></span> <span class='ocrx_word' id='word_1_286' title='bbox 440 3200 492 3253; x_wconf 87' lang='lat' dir='ltr'><strong><em>sod</em></strong></span> <span class='ocrx_word' id='word_1_287' title='bbox 512 3201 532 3270; x_wconf 76' lang='grc' dir='ltr'><em>β</em></span> <span class='ocrx_word' id='word_1_288' title='bbox 551 3216 644 3267; x_wconf 80' lang='lat' dir='ltr'>supro</span> <span class='ocrx_word' id='word_1_289' title='bbox 664 3202 748 3269; x_wconf 86' lang='lat' dir='ltr'>prius</span> <span class='ocrx_word' id='word_1_290' title='bbox 767 3202 783 3255; x_wconf 84' lang='grc' dir='ltr'><strong><em>δ</em></strong></span> <span class='ocrx_word' id='word_1_291' title='bbox 802 3200 921 3270; x_wconf 80' lang='lat' dir='ltr'><strong>scripsit</strong></span> <span class='ocrx_word' id='word_1_292' title='bbox 939 3201 989 3254; x_wconf 90' lang='lat' dir='ltr'><strong><em>Wo</em></strong></span> <span class='ocrx_word' id='word_1_293' title='bbox 1008 3206 1160 3270; x_wconf 88' lang='lat' dir='ltr'>sumptum</span> <span class='ocrx_word' id='word_1_294' title='bbox 1180 3215 1217 3254; x_wconf 88' lang='lat' dir='ltr'><strong><em>ex</em></strong></span> <span class='ocrx_word' id='word_1_295' title='bbox 1237 3214 1355 3269; x_wconf 84' lang='lat' dir='ltr'>argum.</span> 
     </span>
     <span class='ocr_line' id='line_1_31' title="bbox 290 3269 1311 3340; baseline 0.001 -17"><span class='ocrx_word' id='word_1_296' title='bbox 290 3269 329 3323; x_wconf 83' lang='lat' dir='ltr'><strong><em>ad</em></strong></span> <span class='ocrx_word' id='word_1_297' title='bbox 342 3269 396 3325; x_wconf 92' lang='lat' dir='ltr'><strong><em>XV</em></strong></span> <span class='ocrx_word' id='word_1_298' title='bbox 409 3269 452 3338; x_wconf 76' lang='grc'><strong><em>26,</em></strong></span> <span class='ocrx_word' id='word_1_299' title='bbox 467 3272 502 3326; x_wconf 94' lang='grc'><strong>10</strong></span> <span class='ocrx_word' id='word_1_300' title='bbox 575 3272 608 3324; x_wconf 77' lang='grc'><strong><em>15</em></strong></span> <span class='ocrx_word' id='word_1_301' title='bbox 625 3280 761 3339; x_wconf 87' lang='grc' dir='ltr'><strong><em>μωραῖνον</em></strong></span> <span class='ocrx_word' id='word_1_302' title='bbox 781 3269 837 3339; x_wconf 83' lang='lat' dir='ltr'><strong><em>BC,</em></strong></span> <span class='ocrx_word' id='word_1_303' title='bbox 855 3280 978 3340; x_wconf 88' lang='grc' dir='ltr'><strong><em>μωραῖον</em></strong></span> <span class='ocrx_word' id='word_1_304' title='bbox 998 3271 1025 3324; x_wconf 90' lang='lat' dir='ltr'>D</span> <span class='ocrx_word' id='word_1_305' title='bbox 1098 3272 1131 3325; x_wconf 79' lang='grc'><strong><em>17</em></strong></span> <span class='ocrx_word' id='word_1_306' title='bbox 1151 3271 1265 3339; x_wconf 80' lang='grc' dir='ltr'><strong><em>δενδέρις</em></strong></span> <span class='ocrx_word' id='word_1_307' title='bbox 1284 3270 1311 3324; x_wconf 93' lang='lat' dir='ltr'>D</span> 
     </span>
    </p>
   </div>
   <div class='ocr_carea' id='block_1_4' title="bbox 191 3458 1357 4462">
    <p class='ocr_par' dir='ltr' id='par_1_8' title="bbox 191 3458 1356 3746">
     <span class='ocr_line' id='line_1_32' title="bbox 191 3458 1356 3533; baseline 0.003 -20"><span class='ocrx_word' id='word_1_308' title='bbox 191 3458 223 3511; x_wconf 92' lang='grc'><strong><em>11</em></strong></span> <span class='ocrx_word' id='word_1_309' title='bbox 236 3462 288 3515; x_wconf 91' lang='lat' dir='ltr'><strong><em>bat</em></strong></span> <span class='ocrx_word' id='word_1_310' title='bbox 308 3463 417 3530; x_wconf 83' lang='lat' dir='ltr'>coique</span> <span class='ocrx_word' id='word_1_311' title='bbox 430 3463 519 3516; x_wconf 87' lang='lat' dir='ltr'>etiarn</span> <span class='ocrx_word' id='word_1_312' title='bbox 540 3464 570 3516; x_wconf 93' lang='lat' dir='ltr'><strong><em>in</em></strong></span> <span class='ocrx_word' id='word_1_313' title='bbox 590 3478 782 3532; x_wconf 78' lang='lat' dir='ltr'>gynaeceum</span> <span class='ocrx_word' id='word_1_314' title='bbox 796 3466 920 3533; x_wconf 88' lang='lat' dir='ltr'>patebat</span> <span class='ocrx_word' id='word_1_315' title='bbox 932 3463 1041 3518; x_wconf 88' lang='lat' dir='ltr'>aditus.</span> <span class='ocrx_word' id='word_1_316' title='bbox 1075 3462 1246 3533; x_wconf 80' lang='lat' dir='ltr'><strong>Aliquando</strong></span> <span class='ocrx_word' id='word_1_317' title='bbox 1262 3464 1356 3531; x_wconf 80' lang='lat' dir='ltr'>igitur</span> 
     </span>
     <span class='ocr_line' id='line_1_33' title="bbox 236 3533 1356 3604; baseline 0.001 -18"><span class='ocrx_word' id='word_1_318' title='bbox 236 3534 266 3586; x_wconf 91' lang='lat' dir='ltr'><strong><em>in</em></strong></span> <span class='ocrx_word' id='word_1_319' title='bbox 286 3534 412 3603; x_wconf 85' lang='lat' dir='ltr'>reginae</span> <span class='ocrx_word' id='word_1_320' title='bbox 431 3533 595 3587; x_wconf 82' lang='lat' dir='ltr'>thalamum</span> <span class='ocrx_word' id='word_1_321' title='bbox 614 3537 779 3603; x_wconf 81' lang='lat' dir='ltr'>ingressus,</span> <span class='ocrx_word' id='word_1_322' title='bbox 799 3551 867 3589; x_wconf 90' lang='lat' dir='ltr'><strong><em>cum</em></strong></span> <span class='ocrx_word' id='word_1_323' title='bbox 886 3537 936 3589; x_wconf 89' lang='lat' dir='ltr'>illa</span> <span class='ocrx_word' id='word_1_324' title='bbox 955 3550 1057 3588; x_wconf 88' lang='lat' dir='ltr'>sacras</span> <span class='ocrx_word' id='word_1_325' title='bbox 1076 3536 1224 3604; x_wconf 78' lang='lat' dir='ltr'><strong><em>imagines</em></strong></span> <span class='ocrx_word' id='word_1_326' title='bbox 1242 3535 1356 3588; x_wconf 82' lang='lat' dir='ltr'>oscula·</span> 
     </span>
     <span class='ocr_line' id='line_1_34' title="bbox 236 3605 1356 3675; baseline 0.001 -17"><span class='ocrx_word' id='word_1_327' title='bbox 236 3610 320 3659; x_wconf 88' lang='lat' dir='ltr'>retur</span> <span class='ocrx_word' id='word_1_328' title='bbox 342 3608 373 3658; x_wconf 87' lang='lat' dir='ltr'><strong><em>et</em></strong></span> <span class='ocrx_word' id='word_1_329' title='bbox 395 3605 539 3659; x_wconf 85' lang='lat' dir='ltr'>adoraret</span> <span class='ocrx_word' id='word_1_330' title='bbox 558 3606 622 3671; x_wconf 87' lang='lat' dir='ltr'>(eas</span> <span class='ocrx_word' id='word_1_331' title='bbox 642 3608 719 3659; x_wconf 84' lang='lat' dir='ltr'>onim</span> <span class='ocrx_word' id='word_1_332' title='bbox 744 3607 846 3659; x_wconf 84' lang='lat' dir='ltr'>nescio</span> <span class='ocrx_word' id='word_1_333' title='bbox 871 3609 977 3659; x_wconf 87' lang='lat' dir='ltr'>marito</span> <span class='ocrx_word' id='word_1_334' title='bbox 1000 3622 1094 3675; x_wconf 85' lang='lat' dir='ltr'>supra</span> <span class='ocrx_word' id='word_1_335' title='bbox 1116 3606 1238 3661; x_wconf 88' lang='lat' dir='ltr'>modum</span> <span class='ocrx_word' id='word_1_336' title='bbox 1263 3606 1356 3659; x_wconf 90' lang='lat' dir='ltr'>hono·</span> 
     </span>
     <span class='ocr_line' id='line_1_35' title="bbox 237 3676 1354 3746; baseline 0.002 -18"><span class='ocrx_word' id='word_1_337' title='bbox 237 3676 343 3743; x_wconf 84' lang='lat' dir='ltr'>rabat),</span> <span class='ocrx_word' id='word_1_338' title='bbox 365 3692 468 3730; x_wconf 84' lang='lat' dir='ltr'>sacras</span> <span class='ocrx_word' id='word_1_339' title='bbox 488 3678 605 3744; x_wconf 79' lang='lat' dir='ltr'>efligies</span> <span class='ocrx_word' id='word_1_340' title='bbox 626 3678 827 3746; x_wconf 82' lang='lat' dir='ltr'>conspicatus,</span> <span class='ocrx_word' id='word_1_341' title='bbox 850 3678 922 3745; x_wconf 82' lang='lat' dir='ltr'><strong><em>quid</em></strong></span> <span class='ocrx_word' id='word_1_342' title='bbox 942 3678 1016 3731; x_wconf 88' lang='lat' dir='ltr'>hacc</span> <span class='ocrx_word' id='word_1_343' title='bbox 1035 3679 1092 3731; x_wconf 90' lang='lat' dir='ltr'>sibi</span> <span class='ocrx_word' id='word_1_344' title='bbox 1112 3678 1233 3741; x_wconf 77' lang='lat' dir='ltr'>vellent,</span> <span class='ocrx_word' id='word_1_345' title='bbox 1252 3682 1354 3746; x_wconf 67' lang='lat' dir='ltr'>rogat:</span> 
     </span>
    </p>

    <p class='ocr_par' dir='ltr' id='par_1_9' title="bbox 193 3744 1357 3889">
     <span class='ocr_line' id='line_1_36' title="bbox 193 3744 1357 3817; baseline 0.005 -21"><span class='ocrx_word' id='word_1_346' title='bbox 193 3744 393 3816; x_wconf 64' lang='lat' dir='ltr'>lssrospondit</span> <span class='ocrx_word' id='word_1_347' title='bbox 412 3749 520 3816; x_wconf 85' lang='lat' dir='ltr'>regina</span> <span class='ocrx_word' id='word_1_348' title='bbox 539 3746 712 3817; x_wconf 84' lang='lat' dir='ltr'>simpliciter</span> <span class='ocrx_word' id='word_1_349' title='bbox 735 3748 876 3815; x_wconf 78' lang='lat' dir='ltr'>ptilchras</span> <span class='ocrx_word' id='word_1_350' title='bbox 895 3764 966 3801; x_wconf 87' lang='lat' dir='ltr'>suas</span> <span class='ocrx_word' id='word_1_351' title='bbox 986 3764 1083 3817; x_wconf 85' lang='lat' dir='ltr'>pupas</span> <span class='ocrx_word' id='word_1_352' title='bbox 1102 3765 1176 3802; x_wconf 88' lang='lat' dir='ltr'>esso.</span> <span class='ocrx_word' id='word_1_353' title='bbox 1209 3748 1357 3817; x_wconf 74' lang='lat' dir='ltr'><strong>Egressus</strong></span> 
     </span>
     <span class='ocr_line' id='line_1_37' title="bbox 238 3818 1356 3889; baseline 0.001 -17"><span class='ocrx_word' id='word_1_354' title='bbox 238 3834 345 3872; x_wconf 86' lang='lat' dir='ltr'>vecors</span> <span class='ocrx_word' id='word_1_355' title='bbox 364 3818 412 3872; x_wconf 93' lang='lat' dir='ltr'>ille</span> <span class='ocrx_word' id='word_1_356' title='bbox 432 3820 592 3872; x_wconf 84' lang='lat' dir='ltr'><strong><em>homuncio</em></strong></span> <span class='ocrx_word' id='word_1_357' title='bbox 608 3818 807 3887; x_wconf 75' lang='lat' dir='ltr'>Theophilum</span> <span class='ocrx_word' id='word_1_358' title='bbox 827 3821 856 3872; x_wconf 93' lang='lat' dir='ltr'><strong><em>in</em></strong></span> <span class='ocrx_word' id='word_1_359' title='bbox 877 3821 1018 3873; x_wconf 86' lang='lat' dir='ltr'>convivio</span> <span class='ocrx_word' id='word_1_360' title='bbox 1031 3823 1165 3889; x_wconf 83' lang='lat' dir='ltr'>repperit</span> <span class='ocrx_word' id='word_1_361' title='bbox 1183 3827 1214 3873; x_wconf 85' lang='lat' dir='ltr'><strong><em>ct</em></strong></span> <span class='ocrx_word' id='word_1_362' title='bbox 1233 3822 1356 3873; x_wconf 83' lang='lat' dir='ltr'>interro-</span> 
     </span>
    </p>

    <p class='ocr_par' dir='ltr' id='par_1_10' title="bbox 194 3886 1356 3961">
     <span class='ocr_line' id='line_1_38' title="bbox 194 3886 1356 3961; baseline 0.004 -22"><span class='ocrx_word' id='word_1_363' title='bbox 194 3886 227 3941; x_wconf 82' lang='lat'><strong><em>13</em></strong></span> <span class='ocrx_word' id='word_1_364' title='bbox 237 3894 336 3961; x_wconf 79' lang='lat' dir='ltr'>gatae,</span> <span class='ocrx_word' id='word_1_365' title='bbox 353 3890 435 3944; x_wconf 86' lang='lat' dir='ltr'><strong><em>unde</em></strong></span> <span class='ocrx_word' id='word_1_366' title='bbox 448 3892 566 3944; x_wconf 81' lang='lat' dir='ltr'>veniret</span> <span class='ocrx_word' id='word_1_367' title='bbox 579 3890 628 3943; x_wconf 80' lang='lat' dir='ltr'><strong><em>“A</em></strong></span> <span class='ocrx_word' id='word_1_368' title='bbox 641 3889 777 3942; x_wconf 88' lang='lat' dir='ltr'>manna&#39;&#39;</span> <span class='ocrx_word' id='word_1_369' title='bbox 791 3892 886 3959; x_wconf 84' lang='lat' dir='ltr'>lnquit</span> <span class='ocrx_word' id='word_1_370' title='bbox 901 3892 954 3951; x_wconf 80' lang='lat' dir='ltr'>(sie</span> <span class='ocrx_word' id='word_1_371' title='bbox 967 3893 1046 3943; x_wconf 83' lang='lat' dir='ltr'>enini</span> <span class='ocrx_word' id='word_1_372' title='bbox 1061 3892 1211 3944; x_wconf 92' lang='lat' dir='ltr'>dominam</span> <span class='ocrx_word' id='word_1_373' title='bbox 1226 3891 1356 3960; x_wconf 85' lang='lat' dir='ltr'>appella·</span> 
     </span>
    </p>

    <p class='ocr_par' dir='ltr' id='par_1_11' title="bbox 193 3960 1356 4243">
     <span class='ocr_line' id='line_1_39' title="bbox 193 3960 1356 4031; baseline 0.003 -20"><span class='ocrx_word' id='word_1_374' title='bbox 193 3960 227 4012; x_wconf 85' lang='lat'><strong><em>14</em></strong></span> <span class='ocrx_word' id='word_1_375' title='bbox 238 3963 313 4029; x_wconf 83' lang='lat' dir='ltr'>bat);</span> <span class='ocrx_word' id='word_1_376' title='bbox 333 3976 461 4030; x_wconf 86' lang='lat' dir='ltr'>eamque</span> <span class='ocrx_word' id='word_1_377' title='bbox 481 3961 623 4031; x_wconf 86' lang='lat' dir='ltr'>pulchras</span> <span class='ocrx_word' id='word_1_378' title='bbox 642 3962 756 4014; x_wconf 81' lang='lat' dir='ltr'>habere</span> <span class='ocrx_word' id='word_1_379' title='bbox 776 3976 873 4029; x_wconf 87' lang='lat' dir='ltr'>pupas</span> <span class='ocrx_word' id='word_1_380' title='bbox 892 3961 1017 4015; x_wconf 82' lang='lat' dir='ltr'><strong>addidit.</strong></span> <span class='ocrx_word' id='word_1_381' title='bbox 1052 3960 1116 4014; x_wconf 82' lang='lat' dir='ltr'><strong><em>Rex</em></strong></span> <span class='ocrx_word' id='word_1_382' title='bbox 1137 3967 1238 4015; x_wconf 81' lang='lat' dir='ltr'>autom</span> <span class='ocrx_word' id='word_1_383' title='bbox 1258 3977 1356 4030; x_wconf 83' lang='lat' dir='ltr'>pupas</span> 
     </span>
     <span class='ocr_line' id='line_1_40' title="bbox 237 4033 1356 4103; baseline 0 -16"><span class='ocrx_word' id='word_1_384' title='bbox 237 4034 408 4103; x_wconf 85' lang='lat' dir='ltr'>suspicatus</span> <span class='ocrx_word' id='word_1_385' title='bbox 432 4048 498 4087; x_wconf 88' lang='lat' dir='ltr'>csse</span> <span class='ocrx_word' id='word_1_386' title='bbox 522 4034 670 4099; x_wconf 77' lang='lat' dir='ltr'><strong><em>imagines</em></strong></span> <span class='ocrx_word' id='word_1_387' title='bbox 696 4040 863 4085; x_wconf 86' lang='lat' dir='ltr'>commotus</span> <span class='ocrx_word' id='word_1_388' title='bbox 886 4037 915 4085; x_wconf 86' lang='lat' dir='ltr'><strong><em>et</em></strong></span> <span class='ocrx_word' id='word_1_389' title='bbox 938 4033 984 4086; x_wconf 88' lang='lat' dir='ltr'><strong><em>ira</em></strong></span> <span class='ocrx_word' id='word_1_390' title='bbox 1006 4034 1036 4084; x_wconf 94' lang='lat' dir='ltr'><strong><em>in</em></strong></span> <span class='ocrx_word' id='word_1_391' title='bbox 1055 4034 1192 4101; x_wconf 74' lang='lat' dir='ltr'>reginam</span> <span class='ocrx_word' id='word_1_392' title='bbox 1212 4039 1356 4087; x_wconf 77' lang='lat' dir='ltr'>aestuans</span> 
     </span>
     <span class='ocr_line' id='line_1_41' title="bbox 237 4103 1354 4172; baseline -0.001 -15"><span class='ocrx_word' id='word_1_393' title='bbox 237 4120 304 4157; x_wconf 88' lang='lat' dir='ltr'><strong><em>eam</em></strong></span> <span class='ocrx_word' id='word_1_394' title='bbox 324 4110 354 4158; x_wconf 90' lang='lat' dir='ltr'><strong><em>et</em></strong></span> <span class='ocrx_word' id='word_1_395' title='bbox 373 4104 596 4159; x_wconf 81' lang='lat' dir='ltr'><strong><em>contumeliosis</em></strong></span> <span class='ocrx_word' id='word_1_396' title='bbox 616 4103 702 4157; x_wconf 90' lang='lat' dir='ltr'>dictis</span> <span class='ocrx_word' id='word_1_397' title='bbox 722 4105 887 4155; x_wconf 80' lang='lat' dir='ltr'>insectatur</span> <span class='ocrx_word' id='word_1_398' title='bbox 906 4110 935 4155; x_wconf 84' lang='lat' dir='ltr'><strong><em>ot</em></strong></span> <span class='ocrx_word' id='word_1_399' title='bbox 955 4104 1142 4157; x_wconf 81' lang='lat' dir='ltr'><strong><em>idololatram</em></strong></span> <span class='ocrx_word' id='word_1_400' title='bbox 1163 4104 1296 4172; x_wconf 80' lang='lat' dir='ltr'>appellat</span> <span class='ocrx_word' id='word_1_401' title='bbox 1311 4104 1354 4170; x_wconf 83' lang='lat' dir='ltr'>iis,</span> 
     </span>
     <span class='ocr_line' id='line_1_42' title="bbox 237 4173 1354 4243; baseline 0.004 -18"><span class='ocrx_word' id='word_1_402' title='bbox 237 4190 316 4243; x_wconf 82' lang='grc' dir='ltr'><strong><em>ηααο</em></strong></span> <span class='ocrx_word' id='word_1_403' title='bbox 336 4190 354 4228; x_wconf 91' lang='lat' dir='ltr'><strong>a</strong></span> <span class='ocrx_word' id='word_1_404' title='bbox 373 4174 515 4229; x_wconf 85' lang='lat' dir='ltr'>Dendere</span> <span class='ocrx_word' id='word_1_405' title='bbox 534 4174 574 4238; x_wconf 87' lang='lat' dir='ltr'><strong><em>(id</em></strong></span> <span class='ocrx_word' id='word_1_406' title='bbox 595 4177 673 4228; x_wconf 73' lang='lat' dir='ltr'>einim</span> <span class='ocrx_word' id='word_1_407' title='bbox 695 4176 780 4227; x_wconf 84' lang='lat' dir='ltr'>fatuo</span> <span class='ocrx_word' id='word_1_408' title='bbox 800 4173 838 4226; x_wconf 92' lang='lat' dir='ltr'>illi</span> <span class='ocrx_word' id='word_1_409' title='bbox 863 4174 1044 4229; x_wconf 87' lang='lat' dir='ltr'>homunculo</span> <span class='ocrx_word' id='word_1_410' title='bbox 1069 4185 1134 4229; x_wconf 89' lang='lat' dir='ltr'>erat</span> <span class='ocrx_word' id='word_1_411' title='bbox 1157 4178 1280 4235; x_wconf 77' lang='lat' dir='ltr'>nomen)</span> <span class='ocrx_word' id='word_1_412' title='bbox 1304 4190 1354 4229; x_wconf 89' lang='lat' dir='ltr'><strong><em>au·</em></strong></span> 
     </span>
    </p>

    <p class='ocr_par' dir='ltr' id='par_1_12' title="bbox 192 4244 1355 4462">
     <span class='ocr_line' id='line_1_43' title="bbox 192 4244 1355 4315; baseline 0.003 -19"><span class='ocrx_word' id='word_1_413' title='bbox 192 4244 364 4311; x_wconf 66' lang='lat' dir='ltr'>locaverat,</span> <span class='ocrx_word' id='word_1_414' title='bbox 393 4246 503 4299; x_wconf 84' lang='lat' dir='ltr'>relatis.</span> <span class='ocrx_word' id='word_1_415' title='bbox 548 4246 658 4300; x_wconf 86' lang='lat' dir='ltr'>Verum</span> <span class='ocrx_word' id='word_1_416' title='bbox 688 4246 738 4299; x_wconf 88' lang='lat' dir='ltr'>illa</span> <span class='ocrx_word' id='word_1_417' title='bbox 766 4246 874 4299; x_wconf 83' lang='lat' dir='ltr'>marito</span> <span class='ocrx_word' id='word_1_418' title='bbox 906 4245 1043 4300; x_wconf 79' lang='lat' dir='ltr'>sollerter</span> <span class='ocrx_word' id='word_1_419' title='bbox 1070 4247 1197 4315; x_wconf 81' lang='lat' dir='ltr'>decepto</span> <span class='ocrx_word' id='word_1_420' title='bbox 1226 4246 1355 4314; x_wconf 82' lang='lat' dir='ltr'>“Neque</span> 
     </span>
     <span class='ocr_line' id='line_1_44' title="bbox 236 4316 1353 4387; baseline -0.001 -17"><span class='ocrx_word' id='word_1_421' title='bbox 236 4318 315 4371; x_wconf 84' lang='lat' dir='ltr'>enirn</span> <span class='ocrx_word' id='word_1_422' title='bbox 323 4316 340 4335; x_wconf 83' lang='lat'><strong><em>’⁹</em></strong></span> <span class='ocrx_word' id='word_1_423' title='bbox 352 4318 450 4385; x_wconf 86' lang='lat' dir='ltr'>inquit</span> <span class='ocrx_word' id='word_1_424' title='bbox 461 4316 479 4337; x_wconf 85' lang='lat'><strong><em>“</em></strong></span> <span class='ocrx_word' id='word_1_425' title='bbox 485 4318 632 4385; x_wconf 77' lang='lat' dir='ltr'>imagines</span> <span class='ocrx_word' id='word_1_426' title='bbox 647 4317 723 4371; x_wconf 82' lang='lat' dir='ltr'>vidit</span> <span class='ocrx_word' id='word_1_427' title='bbox 733 4316 890 4381; x_wconf 76' lang='lat' dir='ltr'>Deridet-is,</span> <span class='ocrx_word' id='word_1_428' title='bbox 903 4318 956 4370; x_wconf 88' lang='lat' dir='ltr'><strong><em>sed</em></strong></span> <span class='ocrx_word' id='word_1_429' title='bbox 970 4333 1038 4372; x_wconf 87' lang='lat' dir='ltr'><strong><em>cum</em></strong></span> <span class='ocrx_word' id='word_1_430' title='bbox 1049 4318 1187 4385; x_wconf 84' lang='lat' dir='ltr'>equidem</span> <span class='ocrx_word' id='word_1_431' title='bbox 1198 4316 1353 4387; x_wconf 82' lang='lat' dir='ltr'>speculum</span> 
     </span>
     <span class='ocr_line' id='line_1_45' title="bbox 236 4388 1354 4462; baseline 0.001 -19"><span class='ocrx_word' id='word_1_432' title='bbox 236 4390 379 4457; x_wconf 84' lang='lat' dir='ltr'>intuerer,</span> <span class='ocrx_word' id='word_1_433' title='bbox 400 4389 512 4444; x_wconf 85' lang='lat' dir='ltr'>formas</span> <span class='ocrx_word' id='word_1_434' title='bbox 528 4388 584 4455; x_wconf 88' lang='lat' dir='ltr'>ille,</span> <span class='ocrx_word' id='word_1_435' title='bbox 605 4390 733 4460; x_wconf 85' lang='lat' dir='ltr'>quaein</span> <span class='ocrx_word' id='word_1_436' title='bbox 754 4404 790 4445; x_wconf 89' lang='lat' dir='ltr'><strong><em>eo</em></strong></span> <span class='ocrx_word' id='word_1_437' title='bbox 810 4390 1126 4460; x_wconf 81' lang='lat' dir='ltr'>repraesentabantur,</span> <span class='ocrx_word' id='word_1_438' title='bbox 1146 4388 1223 4446; x_wconf 87' lang='lat' dir='ltr'>vidit</span> <span class='ocrx_word' id='word_1_439' title='bbox 1241 4402 1354 4462; x_wconf 83' lang='lat' dir='ltr'>easque</span> 
     </span>
    </p>
   </div>
   <div class='ocr_carea' id='block_1_5' title="bbox 0 0 1532 4775">
    <p class='ocr_par' dir='ltr' id='par_1_13' title="bbox 0 0 1532 4775">
     <span class='ocr_line' id='line_1_46' title="bbox 0 0 1532 4775; baseline 0 0"><span class='ocrx_word' id='word_1_440' title='bbox 0 0 1532 4775; x_wconf 95' lang='lat' dir='ltr'><strong><em> </em></strong></span> 
     </span>
    </p>
   </div>
  </div>
 </body>
</html>
