3050 4775
364 348 589 410 IVS'l'lNIANO
609 347 800 411 SVCCEDIT
818 348 997 411 IVSTINVS
1015 351 1052 410 11.
1222 350 1273 411 173

151 534 205 597 καὶ
226 536 365 617 μέταξον
387 536 569 618 εἰργάσαντο
593 535 631 598 δι’
656 537 772 619 αὐτῶν,
802 537 974 600 κάντεῖθεν
996 543 1051 599 τοῦ
1074 537 1186 601 λοιποῦ
1208 544 1272 607 τοῖς

151 636 318 719 Ῥωμαίοις
340 638 487 720 ἐγνώσθη
512 638 602 707 ὅπως
624 639 785 719 ἐργάζοιτο
807 641 934 721 μίταξα.
1282 648 1309 700 D

243 738 428 822 Ἑπιβουλῆς
455 740 489 803 δὲ
510 740 598 821 παρὰ
621 740 748 803 πολλῶν
770 741 988 825 μελιτωμένης
1009 743 1204 826 μηνυθείσης
1226 750 1272 825 τῴ
1280 750 1314 805 21

153 841 280 922 βασιλεῖ,
304 841 358 904 καὶ
374 842 391 903 6
406 843 568 923 πατρίκιος
585 842 767 924 Βελισάριος
781 844 987 927 κατηγορήθη
1005 847 1143 928 μετέχειν
1166 848 1271 930 αὐτῆς,

125 943 207 1007 buci
230 943 371 1025 derelicto
393 944 452 1027 μὲν
468 946 486 1006 6
502 944 645 1025 βασιλεύς
660 944 732 1015 τοὺς
748 946 953 1028 δορυφόρους
969 950 1066 1011 αὐτοῦ
1082 949 1272 1030 ξύμπαντας,

154 1048 273 1109 ἐκεῖνον
297 1043 325 1109 δ’
350 1048 383 1109 ἐν
405 1055 451 1129 τῷ
474 1050 555 1129 οἴκῳ
574 1049 670 1111 αὐτοῦ
687 1049 792 1131 ἀφῆκε
806 1050 1014 1131 τηρούμενον·
1038 1050 1273 1133 τελευτήσαντος

155 1148 190 1211 δὲ
212 1150 232 1231 ἡ
255 1149 367 1211 τούτου
389 1151 551 1232 περιουσία
574 1156 638 1221 τοῖς
660 1150 831 1231 βασιλικοῖς
853 1152 1067 1235 ἀπονενέμητο
1088 1152 1271 1237 θησαυροῖς.

156 1251 367 1322 Ἰουστινιανὸς
396 1253 430 1316 δὲ
456 1253 527 1333 περὶ
553 1252 590 1315 τά
617 1252 772 1315 τελευταῖα
800 1255 914 1335 αἱρέσει
942 1254 1102 1337 ἁλώσιμος
1134 1257 1317 1339 γεγονὼςθῖ

153 1362 190 1439 τῇ
214 1360 279 1418 τῶν
304 1355 621 1438 Ἄφθαρτοδοκητιῑιν,
654 1358 688 1418 οἳ
716 1357 754 1419 ού
782 1356 931 1438 φθαρτὴν
957 1357 1013 1440 τὴν
1042 1358 1144 1441 σάρκα
1172 1384 1272 1443 προσ-

110 1456 260 1539 Ιθλαβεῖν
280 1458 334 1521 τὸν
349 1459 468 1541 κύριον,
491 1454 557 1521 ἀλλ’
574 1458 743 1540 ἄφθαρτον
758 1460 824 1541 ἅμα
840 1466 877 1543 τῇ
891 1461 1069 1543 προσλήψει
1084 1461 1160 1525 εἶναι
1176 1464 1273 1545 αὐτὴν

154 1562 403 1644 δογματίζουσιν,
436 1562 520 1624 οὕτω
549 1562 698 1624 πιστεύειν
725 1562 864 1631 ἅπαντας
887 1563 1045 1645 ἔσπευδεν,
1079 1565 1316 1646 άντιλίγοντα23

154 1658 183 1726 δ’
207 1664 295 1747 αύτῷ
318 1664 371 1727 καὶ
394 1664 674 1746 ἀντιδιατιθέμενον
696 1663 750 1726 τὸν
776 1664 971 1747 πατριάρχην
993 1664 1149 1748 Εύπύχιον
1176 1668 1271 1751 ὑπερ-

153 1766 242 1847 όριον
265 1767 356 1830 ἔθετο
375 1768 418 1837 εἰς
434 1766 606 1849 Ἂμάσειαν,
630 1766 683 1829 καὶ
705 1766 927 1850 προεχειρίσθη
950 1768 1144 1851 πατριάρχης
1167 1768 1185 1831 6
1208 1770 1427 1833 ἀπδΡΙΙἹΟΑ

154 1869 369 1951 σχολαστικῶν
392 1868 547 1953 Ἰωάννης,
581 1869 761 1951 Ἀντιοχείας
791 1871 838 1931 ὢν
866 1869 1110 1951 ἀποκριοιάριος.
1155 1872 1316 1934 ἐτελεύ-24

114 1980 226 2056 lorpes
250 1970 278 2036 δ’
303 1974 387 2037 οὕτω
409 1978 542 2055 φρονῶν
566 1972 787 2055 Ἰουστινιανός,
818 1972 1005 2054 βασιλεύσας
1027 1974 1079 2055 ἔτη
1107 1975 1271 2056 τριάκοντα

154 2075 207 2139 καί
231 2076 327 2157 ὀκτώ,
349 2082 453 2159 μῆνας
475 2076 560 2156 ἑπτά,
584 2076 705 2158 ἡμέρας
727 2076 935 2158 τρισκαίδεκα,
959 2083 1006 2157 τῴ
1028 2076 1152 2157 ἀνεψιῷ
1174 2078 1271 2141 αὐτοῦ

155 2177 311 2259 Ἰουστίνῳ
331 2178 387 2260 τὴν
409 2178 564 2259 βασιλείαν
587 2176 776 2249 καταλιπών,
800 2178 836 2247 ὃς
858 2177 1099 2261 κουροπαλάτης
1120 2179 1270 2263 τετίμητο.

11 2294 144 2354 0111285
237 2278 299 2343 Ἦν
323 2280 356 2344 δὲ
382 2278 474 2351 οὗτος
501 2279 536 2343 τὸ
564 2281 653 2362 γένος
676 2278 831 2363 Ἰλλυριός,
862 2279 919 2362 τὴν
950 2280 1044 2361 φύσιν
1076 2287 1119 2351 εἰς
1149 2282 1270 2346 ἅπαντα
1283 2284 1324 2348 10

152 2477 171 2531 3
188 2475 249 2544 περί
266 2475 408 2544 ἐπιβουλῆς
425 2475 471 2530 καί
489 2475 550 2542 περὶ
568 2481 614 2528 τοῦ
633 2474 791 2542 Βελισαρίου
811 2473 833 2529 C
906 2476 924 2528 8
941 2477 979 2528 ὅτι
998 2476 1094 2543 αίρίσει
1106 2475 1185 2536 ἁλοὺς
1198 2478 1215 2529 6
1224 2478 1271 2546 βα-

152 2547 240 2606 σιλεὺς
258 2547 334 2607 οθτος
352 2547 515 2616 ἐτελεύτησεν
534 2544 556 2601 C
664 2545 698 2600 18
715 2546 835 2614 βασιλεία
851 2546 992 2601 Ἰουστίνου
1011 2555 1056 2601 τοῦ
1076 2547 1199 2617 δευτέρου
1217 2548 1271 2602 AR

152 2620 210 2686 (τοῦ
228 2619 351 2687 δευτέρον
370 2633 427 2673 om.
447 2617 485 2684 D)

206 2798 224 2850 4
242 2797 406 2867 βελλισάριος
419 2797 478 2864 Ew,
496 2795 669 2866 βελλησάριος
688 2796 732 2866 p*‚
752 2812 781 2850 v.
801 2796 841 2850 ad
853 2794 922 2849 XIV
935 2797 960 2863 l,
970 2796 1003 2850 21
1078 2797 1095 2851 9
1113 2797 1160 2867 τὴν
1172 2813 1230 2851 om.
1243 2796 1270 2850 D

209 2870 244 2923 10
260 2869 341 2938 αὐτὴν
359 2867 425 2924 εἶναι
444 2867 471 2921 D
563 2869 595 2921 ll
615 2869 744 2922 πιστεύειν
762 2865 873 2936 AEwp,
892 2868 1011 2930 δοξάζειν
1031 2867 1055 2922 Ο
1143 2869 1177 2923 12
1195 2868 1225 2923 δὲ
1243 2868 1270 2920 Ι)

243 2941 315 3008 αὐτῷ
335 2937 462 3010 prDt',
479 2938 543 2993 αὐτὸ
561 2938 588 2992 Α
679 2939 720 2994 12.
742 2939 777 2993 13
794 2940 831 2998 εἰς
849 2939 976 3006 άμάσειαν
995 2941 1134 3007 ὑπερόριον
1152 2941 1228 2993 ἔθετο
1245 2939 1270 2993 Β

210 3013 250 3066 14.
271 3012 305 3066 15
323 3012 470 3080 ἐτελεύτησε
489 3011 514 3064 δΙ
533 3008 593 3078 ΑΕ,
615 3012 660 3064 καὶ
678 3011 844 3079 ἐτελεύτησεν
862 3009 936 3079 pr
1044 3012 1078 3063 16
1096 3011 1169 3079 αύτῷ
1189 3011 1217 3064 Ι)

208 3083 241 3137 17
260 3085 331 3142 δς-
342 3085 460 3152 τετίμητο
479 3097 535 3136 om.
556 3080 637 3152 pr,
660 3099 688 3136 V.
708 3097 751 3136 vs,
773 3083 807 3135 18
908 3081 941 3134 18
958 3080 992 3150 ἦν
1010 3083 1040 3135 δὲ
1058 3082 1133 3141 ούισς
1151 3081 1271 3151 τὸγένος

206 3153 332 3224 ἶλλυριδς·
351 3155 398 3224 τὴν
416 3153 497 3222 φύσιν
514 3153 575 3221 ΑΕ,
594 3154 719 3213 ίουστῒνος
737 3153 767 3207 δὲ
784 3152 813 3206 τά
831 3155 904 3221 γένος
917 3154 1055 3221 τυγχάνων
1067 3153 1188 3222 ίλλσριὸς,
1207 3174 1270 3208 κου-

205 3226 353 3294 ρσπσλάτης
370 3225 423 3294 πρὸ
441 3234 486 3294 τῆς
504 3225 636 3294 βασιλείας
654 3226 783 3293 τετίμητο.
802 3226 847 3278 καὶ
866 3225 899 3293 ἦν
917 3224 964 3293 τὴν
982 3225 1063 3292 φύσιν
1080 3224 1153 3295 pr
1223 3226 1270 3280 ’ll-

204 3297 303 3366 λυριός]
323 3313 351 3351 v.
371 3297 439 3352 Dae
459 3299 529 3351 t'am.
548 3295 620 3366 Byr.
640 3313 668 3366 p.
688 3297 723 3352 78

242 3493 318 3550 Cum
338 3497 439 3548 autem
457 3492 625 3547 Iustiniana
636 3493 798 3548 multorum
816 3493 945 3547 insidiae
956 3493 1178 3561 nuntiarentur,
1199 3495 1313 3562 qua-21

152 3582 219 3620 rum
239 3567 331 3620 ctiam
350 3564 512 3619 Belisarius
527 3565 671 3634 patricius
690 3571 770 3619 esset
784 3565 943 3634 particeps,
962 3565 1105 3618 satellites
1124 3567 1151 3618 ei
1167 3580 1271 3619 omnes

153 3638 266 3692 ademit
285 3638 444 3706 ipsumque
468 3635 548 3689 domi
569 3635 713 3689 custodiri
732 3637 834 3703 iussit3
863 3637 990 3704 eiusque
1008 3637 1118 3689 mortui
1139 3652 1212 3706 opes
1239 3637 1269 3690 in

153 3709 257 3764 liscum
279 3723 382 3762 omnes
401 3711 471 3760 sunt
489 3707 613 3761 relatae.
650 3705 713 3762 Sub
739 3713 906 3760 extremam
932 3713 1063 3761 aetatem
1083 3707 1316 3761 lastinianus22

152 3781 181 3833 in
201 3794 306 3835 eorum
323 3779 471 3833 haeresim
490 3777 602 3844 incidit,
622 3779 673 3846 qui
688 3780 853 3847 opinantur
867 3779 1022 3832 dominum
1038 3794 1099 3831 non
1114 3779 1269 3832 mortalem

152 3866 273 3905 carnem
293 3851 491 3918 assumpsisse
511 3848 563 3904 sed
583 3864 658 3916 earn,
678 3849 861 3918 simulatque
871 3854 1026 3918 assumpta
1045 3858 1133 3916 esset,
1154 3851 1270 3902 immor·

152 3923 241 3976 talem
261 3921 405 3976 extitisse.
442 3919 477 3974 ln
497 3935 588 3990 quam
607 3921 781 3990 opinionem
801 3935 869 3973 cum
890 3920 1152 3975 omnesadductos
1171 3920 1271 3985 vellet,

152 3993 334 4062 Eutychium
359 3992 561 4062 patriarcham
585 3991 792 4060 refragantem
819 3998 850 4045 et
877 3991 1090 4046 adversantem
1109 3991 1314 4045 Amasean123

151 4065 309 4134 relegavit,
338 4063 498 4132 designato
518 4063 675 4131 patriacha
693 4061 809 4117 Ioanne
829 4063 1056 4130 exscholastieo‚
1080 4063 1269 4117 Antiocheno

152 4136 359 4206 apocrisiario.
377 4133 413 4188 In
424 4148 522 4203 eaque
533 4134 675 4202 opinione
686 4133 816 4188 decessit
825 4134 1021 4201 lastinianus
1031 4149 1099 4188 cum
1110 4143 1270 4202 regnasset
1279 4135 1314 4186 24

152 4223 248 4261 annos
267 4203 431 4272 XXXVIII,
451 4219 570 4260 menses
590 4204 652 4272 VII,
681 4204 745 4260 dies
764 4204 846 4272 Xlll,
866 4206 991 4274 imperio
1012 4207 1193 4259 consobrino
1212 4220 1269 4259 suo

152 4279 280 4334 lrsrrrso
300 4277 412 4344 relicto,
432 4277 484 4344 qui
503 4276 699 4344 curopalates
719 4277 864 4330 honorem
884 4278 986 4344 gessit.

241 4352 283 4404 10.
322 4349 502 4415 lanatiore
531 4347 658 4416 Illyrius,
688 4354 754 4400 erat
783 4349 905 4416 ingenio
932 4348 1090 4401 adomnia
1115 4347 1207 4401 habili
1240 4353 1269 4402 cl
