3050 4775
262 437 316 502 372
560 433 695 502 ZONAR.
718 433 816 500 EPIT.
836 433 889 499 XV
907 442 950 513 28,
971 435 1084 499 16-30.

220 634 253 690 17
263 627 366 709 ψιλῶς
381 627 566 690 ἀπειίννυεν.
612 627 672 690 οὐκ
695 627 738 698 εἰς
759 626 890 710 μακρὰν
905 627 940 690 δὲ
959 627 992 690 αί
1013 631 1077 690 τῶν
1092 624 1265 708 βασκάνων
1281 621 1382 704 γλῶσ-

230 736 314 792 Βσαι
336 729 392 810 τὴν
416 730 547 812 γνώμην
568 735 624 792 τοῦ
648 729 803 811 βασιλέως
828 727 908 792 κατὰ
930 734 986 792 τοῦ
1006 726 1164 809 Μανουὴλ
1187 727 1231 796 είς
1252 727 1383 789 τούναν-

220 833 327 895 18τίον
350 833 529 912 ἐτρέψαντο.
575 830 719 914 διέβαλον
739 830 800 912 γάρ
816 831 912 895 αὐτὸν
927 832 974 902 ὡς
988 830 1146 912 τυραννίδι
1161 830 1382 911 ἐπιχειροῦντα,
1394 845 1424 899 D
1436 845 1491 900 111
1512 872 1525 896 ·,

263 933 317 996 καί
340 934 401 1016 ἤδη
425 940 490 1005 ταῖς
514 933 673 1016 διαβολαῖς
697 934 892 997 ἐπέπειστοό
912 932 1067 1016 Θεόφιλος
1089 932 1143 995 καί
1158 930 1212 994 τὸν
1227 929 1383 1012 Μονουὴλ

221 1045 254 1100 19
264 1035 461 1117 ἐκτυφλῶσαι
478 1036 666 1119 ὁιανενόητο.
706 1035 800 1118 γνοὺς
823 1032 851 1099 θ’
876 1037 994 1107 ἐκεῖνος
1016 1035 1051 1100 τὸ
1073 1035 1291 1117 μελετώμενον
1306 1033 1412 1096 (ἐπέ-5

264 1137 324 1220 θρα
357 1138 410 1201 καί
438 1139 539 1221 ἀγχοῦ
565 1163 628 1203 που
658 1139 825 1221 γενόμενος
854 1145 919 1209 τοῖς
937 1139 1122 1221 Ἀγαρηνοῖς
1144 1137 1238 1220 θηλοῖ
1255 1144 1303 1218 τῴ
1324 1136 1380 1199 αὐ-

263 1245 327 1302 τῶν
350 1241 482 1323 άρχηγῴ
505 1241 586 1312 ὅστις
609 1242 670 1304 ἐστὶ
693 1241 747 1304 καί
769 1241 825 1313 ὡς,
849 1241 878 1304 εί
896 1241 1028 1322 λήψεται
1050 1240 1163 1310 πίστεις
1184 1239 1231 1322 μὴ
1247 1237 1383 1322 βιασθῆ·

219 1353 255 1407 20
263 1365 313 1404 ναι
335 1341 391 1424 τὴν
414 1344 531 1406 οἰκείαν
553 1343 727 1426 θρησκείαν
742 1343 968 1426 ἐξομόσασθαι,
985 1343 1224 1425 προσελεύσεταί
1238 1343 1275 1404 οί.
1311 1340 1382 1404 όόέ

219 1446 374 1509 blattina
397 1446 509 1516 πίστεις
531 1469 563 1508 τε
586 1446 696 1509 bidem
718 1447 772 1508 καί
787 1451 968 1528 περιχαρῶς
986 1444 1083 1508 αὐτὸν
1100 1444 1290 1526 ὑποδέχεται.
1329 1443 1384 1506 καί

264 1546 282 1609 ὁ
306 1545 464 1629 λίανουὴλ
487 1548 586 1611 ἐκεῖσε
608 1547 776 1630 γενόμενος
798 1548 852 1610 καὶ
874 1548 1050 1630 στράτευμα
1072 1546 1247 1617 πιστευθείς
1264 1544 1383 1615 πολλάς
1393 1553 1432 1607 10

264 1649 416 1731 ἀριστείας
445 1649 524 1712 κατά
548 1649 686 1732 Περσῶν
709 1650 873 1732 εἰργάσατο
895 1651 950 1714 καὶ
971 1649 1092 1732 μεγάλα
1119 1649 1252 1731 τρόπαια
1276 1649 1383 1730 ἔστησε

220 1751 318 1818 Daui
340 1751 472 1833 ἐφιλεῖτο
494 1752 581 1834 παρὰ
604 1757 668 1816 τῶν
690 1759 745 1834 τῆς
761 1753 860 1834 Ἅγαρ
883 1753 936 1816 καὶ
958 1752 1167 1834 ἐθαυμάζετο.
1205 1751 1225 1814 ὁ
1248 1751 1283 1814 δὲ
1302 1749 1382 1814 Θεό-

232 1853 355 1936 Οφιλος
377 1853 430 1916 καί
454 1855 592 1918 ἐλυπεῖτο
616 1853 666 1917 διὰ
689 1854 743 1916 τὸν
759 1855 916 1937 Μονουὴλ
938 1854 992 1918 καί
1015 1854 1194 1936 ἐφρόντιζεν
1216 1853 1307 1923 ὅπως
1325 1853 1382 1916 αὐ-

220 1955 318 2022 23τὸν
341 1955 463 2019 ἐκεῖθεν
484 1937 730 2037 μέτακαλέσεται.
775 1957 888 2026 πίστεις
920 1953 978 2019 οὖν
1009 1957 1098 2037 αὐτῷ
1128 1954 1183 2018 καὶ
1212 1951 1250 2018 δι’
1282 1955 1383 2038 ὅρκου

265 2057 318 2121 καί
341 2054 381 2122 δι’
406 2059 568 2142 ἐγγράφου
597 2059 859 2142 χρυσοσημάντου
885 2059 964 2141 μετά
991 2081 1073 2128 τινος
1098 2062 1243 2140 μοναχοῦ
1265 2057 1383 2128 στείλας
1394 2067 1434 2124 15

267 2271 280 2322 1
300 2270 339 2323 ὅτι
358 2270 493 2340 διαβολαῖς
511 2269 578 2325 κατὰ
596 2277 643 2324 τοῦ
661 2269 792 2340 Μονουὴλ
809 2271 948 2330 πιστεύσας
966 2270 982 2322 ό
998 2269 1131 2339 βασιλεύς,
1148 2269 1285 2338 τυφλῶσαι
1303 2267 1384 2323 αὐτὸν

264 2341 383 2411 ἐμελέτα·
402 2343 418 2396 δ
435 2341 513 2412 γνοὺς
531 2343 632 2403 ἐκεῖνος
648 2343 833 2413 προσπίφιυγε
844 2351 898 2402 τοῖς
914 2343 1064 2413 Ἂγαρηναῖς
1083 2341 1106 2398 C
1179 2341 1214 2396 12
1230 2344 1269 2396 ὅτι
1287 2343 1384 2401 πίστεις

264 2413 354 2485 λαβὼν
373 2414 389 2467 ό
405 2413 536 2483 Μανουὴλ
554 2414 585 2467 ἐκ
605 2420 651 2469 τοῦ
670 2415 809 2485 βασιλέως,
833 2414 912 2475 αὖθις
929 2414 1060 2483 ἐπανῆλθε
1078 2413 1323 2483 κατασοφισάμενος
1339 2412 1384 2467 τόν

265 2493 319 2540 τῶν
334 2486 484 2556 Ἀγαρηνῶν
502 2486 619 2555 ἀρχηγόν
639 2485 662 2543 C

320 2690 334 2745 1
355 2689 384 2744 θλ
397 2689 582 2762 bilbabam,
602 2691 626 2745 θ’
641 2690 709 2746 RDi
780 2690 883 2746 tamt
895 2697 941 2745 τοῦ
960 2689 1069 2759 Aiiwp,
1089 2689 1181 2760 ἐπίτῷ
1201 2690 1225 2745 Ο
1297 2691 1315 2745 3
1332 2690 1383 2744 bai

319 2763 416 2833 βαλλον
435 2762 482 2818 BC
601 2764 619 2818 6
637 2764 720 2833 ἀγχοῦ
739 2761 879 2833 stpDi,
898 2763 981 2832 ἀγχοά
1000 2762 1026 2815 Δ
1146 2763 1163 2816 9
1181 2761 1260 2817 αὑτὸν
1279 2777 1336 2816 om.
1355 2761 1383 2815 D

319 2835 352 2887 11
371 2834 486 2903 ἅριστίας
504 2832 540 2903 D,
560 2850 635 2889 αοιϊ.
655 2834 707 2893 Dw
797 2835 953 2889 κατὰπεσῶν
970 2831 1006 2902 D,
1026 2847 1102 2888 corr.
1122 2831 1173 2892 Dw
1261 2834 1383 2903 μεγάλεις

320 2905 356 2974 D,
376 2922 452 2961 corr.
472 2905 523 2963 Da·
617 2906 753 2977 τράποιο-β
774 2905 810 2974 D,
829 2908 938 2975 τρόπαια
957 2920 1033 2959 corr.
1054 2904 1105 2963 Dw
1195 2905 1230 2959 12
1247 2906 1293 2960 καί
1311 2912 1384 2959 ante

319 2978 388 3048 ἕφιλ.
409 2993 466 3032 om.
486 2976 522 3043 D,
541 2992 598 3047 sup
621 2978 639 3031 Ι.
658 2978 709 3037 Dw
814 2978 853 3031 1‘2.
875 2978 908 3031 13
926 2977 1052 3045 θεόφιλος
1071 3016 1265 3032 ..........
1285 2976 1328 3030 τόν
1346 2977 1384 3042 D,

321 3050 460 3105 lacunam
480 3050 577 3120 suppl.
627 3077 648 3107 w
770 3048 804 3102 14
820 3050 1026 3118 μετακαλέσηται
1047 3050 1127 3119 Ewp,
1144 3068 1246 3116 μετακα
1257 3087 1335 3103 .....
1345 3055 1385 3102 τῶ

321 3120 356 3190 D,
375 3122 581 3190 μετακαλίσηται
601 3120 653 3178 Dw
723 3122 808 3180 πίστις
821 3119 857 3188 Ι),
877 3136 952 3174 corr.
968 3120 1019 3178 Da»
1092 3121 1126 3174 15
1144 3120 1190 3174 καί
1200 3122 1385 3189 ...ἔγγραφον

321 3192 356 3261 D,
376 3193 421 3247 καί
440 3192 475 3247 δι’
493 3192 628 3263 ἐγγράφου
647 3192 698 3251 Dw
745 3264 752 3281 o
798 3193 917 3261 ίγράφου
936 3194 1001 3259 (sic)
1020 3190 1046 3244 A
1144 3194 1332 3262 χρυσημάντου
1351 3190 1384 3257 Β,

320 3317 513 3388 χρυσομάνὶτου
532 3317 563 3385 C,
581 3284 746 3387 χρυσοσιμαλ
766 3317 802 3387 D,
822 3332 897 3371 corr.
917 3316 969 3376 Dw
1050 3316 1096 3371 καί
1114 3318 1204 3386 δόριος
1220 3316 1336 3387 μοναχός
1354 3317 1386 3370 όν

321 3390 358 3459 D,
375 3389 440 3459 μετά
459 3410 527 3450 τινος
546 3396 668 3459 μοναχοῦ
685 3390 786 3449 στείλας
805 3388 857 3449 Dw

225 3596 453 3653 liservatorem
479 3594 653 3665 appellabat
675 3600 705 3649 et
723 3596 865 3649 munifice
888 3596 1152 3650 remunerabatur.
1187 3592 1293 3665 Neque
1311 3610 1385 3651 varo

267 3668 361 3721 multo
381 3672 450 3737 post
469 3666 640 3721 invidorum
660 3667 814 3721 hominum
834 3668 957 3737 linguae
976 3668 1058 3736 regia
1077 3668 1211 3720 animum
1226 3668 1256 3720 in
1269 3674 1386 3721 aunua-

225 3741 345 3793 181·ium
365 3746 530 3806 verterunt,
560 3752 657 3807 eoque
678 3738 865 3807 redegerunt
883 3740 1016 3792 affectati
1042 3738 1130 3807 regni
1159 3738 1324 3804 calumniis,
1351 3743 1386 3793 ut

225 3810 452 3880 19Tire0phiius
479 3810 511 3863 in
541 3812 641 3863 animo
669 3809 794 3864 haberet
822 3810 990 3864 Manublern
1019 3824 1196 3864 excaecare.
1242 3809 1308 3873 Quo
1336 3810 1386 3864 iiie

269 3886 391 3953 cognito
410 3882 441 3935 in
461 3880 673 3951 Agerenorum
692 3882 834 3936 viciniam
854 3882 975 3951 aufugit
1000 3896 1167 3950 eorumque
1186 3881 1256 3935 duci
1275 3882 1387 3950 signifi·

269 3962 325 4021 cat,
345 3956 412 4024 quis
426 3956 477 4021 sit,
497 3953 604 4021 quodsi
625 3952 700 4007 fidas
719 3953 808 4007 detur
826 3969 859 4006 ae
877 3968 939 4007 non
957 3959 1095 4006 eoactum
1115 3954 1151 4006 iri
1169 3968 1255 4006 auam
1269 3954 1386 4022 reiigio-

224 4026 338 4082 20nem
366 4028 495 4091 eiurare,
524 4040 556 4079 se
584 4024 623 4077 ad
653 4026 751 4095 ipsum
781 4025 978 4078 defecturum.
1015 4023 1069 4077 ilie
1097 4025 1198 4077 statim
1227 4024 1298 4078 data
1325 4024 1386 4079 tide

223 4100 256 4155 21
269 4101 366 4153 laetae
386 4112 455 4151 eum
475 4098 608 4164 suscipit.
639 4096 760 4149 Manubi
780 4094 850 4149 dum
870 4096 911 4150 ibi
930 4101 1078 4162 versatur,
1099 4096 1289 4165 praepositus
1301 4110 1386 4150 exer·

269 4171 340 4224 citui
360 4183 452 4238 saepe
470 4183 534 4221 rem
553 4168 632 4222 bane
650 4169 745 4237 gessit
764 4171 870 4221 eontra
884 4166 991 4222 Persas
1010 4182 1200 4237 magnosque
1219 4168 1386 4237 triumphos

224 4242 397 4311 22adeptua
416 4239 568 4311 Agaranis
591 4246 621 4293 et
645 4254 733 4293 carus
758 4245 788 4293 et
810 4238 1001 4293 admirationi
1021 4245 1094 4294 erat.
1132 4237 1316 4308 Theophilus
1334 4253 1386 4293 au·

223 4315 328 4369 ‘23tem
342 4313 489 4367 Marrublis
502 4313 577 4380 iuga
591 4325 684 4379 aegra
696 4310 758 4364 lata
778 4311 816 4365 da
835 4326 872 4365 eo
892 4310 1065 4365 revocando
1086 4310 1249 4381 cogitabat.
1276 4308 1387 4365 Scribit

269 4386 362 4455 igitur
381 4384 420 4439 ad
440 4400 509 4439 eum
522 4384 644 4451 litterae,
664 4384 775 4453 quibus
788 4382 985 4437 iureiurando
998 4382 1088 4437 fldem
1108 4396 1193 4437 suam
1213 4382 1241 4436 ei
1260 4382 1386 4437 obstrin-

268 4457 371 4530 gebat,
389 4472 503 4527 eaeque
522 4468 616 4511 aureo
635 4455 734 4529 sigillo
754 4454 947 4511 confirmatae
965 4470 1020 4527 per
1039 4454 1219 4511 monachum
1232 4454 1386 4527 quendam
