3050 4775
359 451 536 521 usensis
555 464 694 523 vicrvs
713 464 810 523 asir
830 465 908 523 svn
928 454 1119 525 oculusne.
1245 468 1296 527 sar

180 651 272 710 τοῦτο
295 647 478 732 ἀβούλητον,
506 650 584 713 ὅθεν
607 645 676 714 οὐδ’
700 651 743 722 εἰς
766 651 859 734 ἔργον
882 651 1007 734 ἀγαγεῖν
1030 652 1240 737 συνεχωρήθη
1263 652 1298 718 τδ

180 750 337 833 βούλημα.
384 752 555 817 στέλλονται
577 754 679 818 τοίνυν
700 752 782 837 πρὸς
802 752 856 818 τὸν
875 752 1042 837 Κομνηνδν
1056 755 1325 840 πρεσβεύσοντεςῦ

181 852 294 936 ἀνδρες
320 859 385 919 τῶν
417 855 571 939 ἐκκρίτων
601 863 656 940 τῆς
687 857 862 940 συγκλήτου
894 858 1026 942 βουλῆς·
1059 858 1090 920 ot
1118 854 1146 921 δ’
1172 856 1253 941 ἦσαν
1279 859 1298 921 6

180 956 338 1038 πρόεδρος
349 956 585 1031 Κωνσταντῒνος
593 960 613 1022 6
622 959 809 1044 Λειχούδης,
821 960 841 1022 6
852 960 1010 1041 πρόεδρος
1019 960 1114 1025 Λέων
1125 961 1144 1024 6
1155 959 1332 1033 ἈλωπδςΒ

154 1056 235 1122 buci
250 1059 379 1144 Μιχαὴλ
395 1060 414 1123 6
430 1060 553 1135 Ψελλός,
576 1066 641 1126 τῶν
656 1062 843 1146 φιλοσόφων
859 1064 907 1127 ὢν
921 1064 1047 1135 ῦπατος.
1092 1061 1129 1126 τὰ
1154 1064 1188 1128 δὲ
1210 1064 1324 1148 παράῦ

179 1162 301 1225 τούτων
315 1164 584 1247 καταγγελλόμενα
600 1164 776 1250 υίοθέτησις
791 1164 830 1249 ἦν
845 1171 900 1229 τοῦ
916 1165 1099 1251 Κομνηνοῦ,
1115 1167 1297 1251 είσποιηθη-

180 1266 317 1347 σομένου
349 1273 396 1349 τῷ
426 1267 553 1351 βασιλεῖ,
586 1266 640 1331 καὶ
672 1268 823 1351 ἀναγωγὴ
850 1267 931 1351 πρὸς
959 1266 1015 1351 τήν
1041 1268 1132 1352 τιμήν
1158 1268 1215 1353 τὴν
1242 1276 1297 1335 τοῦ

180 1369 343 1451 Καίσαρος
374 1369 428 1433 καὶ
458 1376 522 1441 τοῖς
553 1368 608 1453 τήν
639 1372 806 1455 τυραννίδα
839 1372 1103 1454 συμμελετήσασιν
1129 1372 1239 1455 ἀφεσίς
1265 1397 1298 1437 τε

179 1470 233 1534 καὶ
256 1473 408 1557 ἀμνηστία
431 1478 486 1537 τοῦ
508 1473 785 1558 πλημμελήματος.
833 1476 863 1538 σί
884 1472 943 1557 μέν
965 1473 1023 1538 οὖν
1045 1479 1140 1538 ταῦτα
1162 1482 1210 1558 τῷ
1233 1474 1324 1539 Kal

136 1581 171 1635 10
179 1582 293 1659 μνηνῴ
316 1575 545 1658 ἀπηγγέλκαοιν
568 1578 602 1640 ἒν
624 1576 755 1660 ἐπηκόῳ
777 1583 833 1641 τοῦ
855 1576 1010 1662 πλήθους,
1033 1576 1068 1640 τὸ
1088 1576 1123 1640 δὲ
1138 1577 1296 1661 ἐθορύβει,

178 1676 223 1760 μή
247 1678 419 1760 βούλεσθαι
445 1678 535 1762 λέγον
558 1680 591 1743 έν
613 1679 700 1763 ἀλλῳ
722 1680 856 1763 σχήματι
879 1678 932 1744 τὸν
955 1681 1061 1744 αὐτῶν
1082 1680 1296 1764 προεστηκότα

178 1780 358 1845 θεάσασθαι
388 1778 465 1865 μηδ’
494 1781 717 1847 ἀποδύσασθαι
748 1783 941 1865 ἀνασχέσθαι
973 1782 1068 1847 αὐτὸν
1098 1782 1153 1866 τήν
1185 1782 1297 1866 στολήν

177 1881 234 1966 τήν
255 1884 419 1967 βασίλειον,
452 1885 492 1968 ἣν
518 1886 580 1969 ἤδη
604 1885 770 1950 ἕνδέδυται.
816 1886 922 1968 ἔλεγον
946 1885 1097 1949 δὲταῦτα
1121 1887 1152 1949 οῖ
1172 1884 1323 1957 πλείουςῦ

178 1988 238 2070 οὐχ
261 1988 346 2051 οῦτω
362 1992 562 2070 φρονοῦντες,
586 1987 664 2051 ἀλλὰ
678 1987 733 2052 τὸν
746 1994 957 2072 τυραννοῦντα
974 1988 1184 2059 θωπεύοντες.
1230 1988 1323 2052 duelli

134 2094 168 2150 15
179 2088 214 2152 δὲ
237 2089 365 2173 διελύθη
390 2090 409 2153 6
432 2091 591 2173 σύλλογος,
615 2091 677 2173 ἰδίᾳ
699 2090 773 2162 τοὺς
794 2092 939 2174 πρέσβεις
962 2090 981 2154 6
1005 2090 1174 2175 Κομνηνὸς
1195 2096 1329 2175 προσ-0

177 2192 353 2278 λαβόμενος
374 2193 430 2257 “sl
445 2193 511 2256 τινά
533 2194 616 2277 μοι”
634 2194 730 2279 φησίν
745 2192 931 2277 “ἀπόρρητα
949 2194 1201 2278 διαπορθμεῦσαι
1216 2195 1294 2280 πλη-

177 2415 195 2469 2
213 2415 344 2487 ἀποστολὴ
362 2418 500 2490 πρέσβεων
517 2415 583 2485 πρδς
602 2416 647 2471 τὸν
664 2417 806 2487 Κομνηνὸν
818 2416 878 2486 περί
896 2418 1003 2488 εἰρήνης
1022 2417 1069 2474 ΟΕ
1143 2417 1176 2472 14
1195 2419 1244 2474 δ’σα
1257 2425 1294 2488 τῷ

177 2489 281 2558 βασιλεῖ
296 2488 340 2545 διὰ
357 2495 410 2544 τῶν
427 2489 565 2561 πρέσβεων
583 2490 600 2543 δ
616 2490 756 2560 Κομνηνδς
774 2489 907 2560 ἐδήλωσεν
927 2488 975 2545 GE

230 2693 245 2746 1
265 2699 334 2765 post
350 2693 496 2764 ἀβούλητον
515 2695 584 2750 add.
602 2695 636 2764 ἦν
654 2693 746 2765 wpDi
765 2697 867 2750 invitis
886 2694 952 2762 AR3
976 2695 1063 2750 simili
1083 2695 1178 2750 utitur
1197 2696 1293 2766 ellipsl

230 2765 337 2820 Zonar.
355 2765 454 2820 XVIII
473 2767 516 2835 29,
537 2768 551 2820 1
649 2767 667 2820 2
684 2767 820 2837 βούλευμα
839 2765 869 2835 C,
888 2773 924 2821 ut
941 2765 1009 2821 XVI
1028 2767 1054 2832 5,
1073 2767 1098 2832 2,
1118 2767 1171 2822 sed
1191 2784 1220 2822 v.
1239 2767 1293 2822 XV

229 2838 255 2904 8,
268 2837 304 2891 20
370 2839 577 2909 πρεσβεύσαντες
589 2837 617 2891 D
689 2839 746 2892 301
755 2835 844 2906 R⁸Di‚
858 2840 889 2892 οἴ
897 2838 962 2904 (sic)
973 2836 1122 2908 AB⁸pr‚
1136 2854 1163 2892 V.
1177 2840 1245 2903 ad§
1260 2839 1294 2892 12

229 2909 247 2961 4
264 2910 394 2976 πρόεδρος
413 2949 490 2964 .....
509 2910 526 2962 δ
543 2909 593 2964 CD
614 2911 724 2965 omisso
742 2910 811 2963 λέων
921 2909 938 2963 ὃ
957 2913 1028 2964 unte
1047 2909 1144 2979 ψελλὸς
1162 2910 1232 2964 add.
1252 2931 1293 2964 σο·

228 2979 350 3070 φώτηιτος
369 2981 449 3050 Eup,
470 2996 527 3034 om.
541 2982 669 3066 θολοῦ,
690 2998 719 3034 V.
738 2982 779 3035 ad
797 2980 895 3035 XVIII
910 2980 963 3049 7,2
1065 2988 1118 3035 τῶν
1137 2982 1294 3062 φιλοσόφων

230 3051 643 3194 restituuntur.
655 3051 967 3192 ldm‘llliliill'l
987 3052 1293 3179 tritulus

264 3194 311 3263 τὴν
329 3201 401 3248 aule
419 3203 465 3249 τοῦ
484 3211 541 3249 om.
561 3195 588 3248 D
689 3202 735 3249 τοῦ
755 3210 811 3250 om.
831 3194 854 3249 B
957 3195 974 3249 9
991 3193 1201 3264 πληξμελήματος
1220 3195 1292 3265 Ewp

230 3267 265 3320 10
282 3267 310 3319 ἐν
328 3273 360 3334 τῆ
378 3267 491 3335 ῦπηκύω
511 3265 538 3320 Ι)
655 3266 779 3336 ἐθορύβει
798 3265 859 3334 ΑΟ,
878 3266 996 3337 ἕθορύβη
1016 3265 1048 3334 Ε,
1066 3266 1224 3337 ἐθορυβήθη
1245 3283 1292 3357 wp

230 3338 263 3390 ll
282 3338 358 3406 λέγον
369 3336 496 3408 prDi‚
515 3339 600 3408 λέγων
608 3335 664 3391 ΑΙ)
736 3338 825 3392 αὐτῶν
838 3335 964 3407 prDt',
983 3337 1062 3392 αύτδν
1071 3335 1123 3391 ΑΒ
1196 3337 1230 3392 12
1247 3359 1292 3393 αυ-

228 3409 272 3464 τὸν
290 3409 450 3478 ἀνασχέσθαι
470 3408 517 3465 BC
590 3409 625 3463 13
642 3409 758 3464 ἐνδύεται
778 3409 805 3462 D
878 3409 912 3464 15
931 3409 1080 3479 διελυλήθει
1097 3409 1102 3478 Ι
1117 3407 1145 3464 D

172 3635 246 3673 nere
274 3619 371 3672 voluit
398 3634 499 3688 nequo
526 3623 626 3673 tamen
655 3619 854 3673 familiaribus
883 3621 921 3673 im
945 3619 1123 3674 rubentibus
1153 3633 1189 3674 ea
1212 3634 1291 3688 quae

173 3690 270 3744 voluit
289 3692 414 3760 exsequi
434 3692 540 3760 potuit.
578 3689 736 3760 Legantnr
748 3692 843 3760 igitur
861 3690 900 3744 ad
939 3705 1100 3745 omnenum
1114 3691 1217 3746 selecti
1233 3687 1318 3744 virl2

173 3776 211 3815 ex
237 3762 375 3831 patribus
398 3763 584 3830 conscriptis,
613 3761 828 3817 Constantinus
848 3761 999 3816 Lichudes
1025 3777 1148 3832 praeses
1174 3767 1203 3818 at
1228 3761 1290 3817 Leo

172 3831 288 3902 Alopus
298 3849 420 3902 praeses
430 3839 460 3887 et
470 3833 596 3887 Michae'l
609 3833 733 3901 Psellus‚
753 3833 894 3903 princeps
907 3833 1161 3904 philosophorum.
1199 3831 1318 3889 Cuius3
1342 3871 1346 3878 .

172 3903 334 3974 legationis
362 3920 399 3958 ca
423 3911 490 3959 erat
514 3919 643 3958 summa:
663 3903 848 3960 Comnenum
875 3920 893 3957 a
912 3919 987 3975 rege
1006 3904 1182 3974 adoptatum
1205 3906 1241 3958 irl
1262 3911 1292 3960 et

173 3974 332 4030 Caesarem
351 3976 572 4044 designandum
592 3991 666 4041 csse,
686 3991 831 4030 concessa
851 3978 940 4030 venia
954 3983 983 4030 et
998 3975 1151 4030 oblivione
1170 3976 1291 4030 iniuria·

172 4061 239 4100 runr
272 4049 316 4113 iis,
349 4049 399 4116 qni
428 4047 596 4116 tyrannidis
625 4046 779 4100 adiutores
808 4049 939 4101 suerunt.
977 4047 1062 4111 Quae
1091 4062 1158 4100 curn
1188 4047 1227 4101 ab
1254 4044 1318 4102 list

172 4117 316 4172 audiente
335 4120 472 4174 exercitu
486 4118 639 4173 comneno
658 4120 799 4172 nuntiata
812 4123 920 4185 essent,
939 4118 1048 4172 milites
1067 4118 1291 4172 tumultuaban-

173 4194 223 4242 tur
248 4195 397 4258 negantes
422 4206 455 4244 se
478 4205 622 4260 passuros
641 4205 708 4244 esse
727 4203 814 4243 suuni
836 4191 1022 4259 praefectum
1043 4191 1074 4242 in
1100 4187 1159 4242 alio
1185 4190 1291 4243 habitu

174 4263 306 4330 conspici
326 4267 379 4315 aut
398 4263 470 4315 exui
490 4268 603 4316 vestem
623 4262 748 4330 regiam,
776 4262 916 4330 quoiam
935 4259 1060 4315 indutus
1080 4267 1167 4315 esset.
1205 4259 1317 4325 (διττοῦ

173 4333 269 4386 verba
296 4349 314 4385 a
342 4332 479 4402 pluribus
503 4348 562 4386 non
587 4338 649 4385 tam
672 4347 710 4386 ex
730 4333 839 4398 animo,
869 4347 959 4402 quarn
978 4347 1033 4402 per
1056 4332 1290 4386 assentationem

172 4405 293 4472 tyranni
307 4404 507 4458 iactabantur.
545 4402 649 4458 Soluto
662 4410 824 4470 conventu,
845 4403 1017 4460 comnenus
1030 4403 1138 4473 legatis
1157 4401 1316 4458 seductisli

172 4473 227 4531 “Si
246 4475 327 4529 vos''
349 4476 447 4544 inquit
469 4476 606 4528 “areana
625 4475 774 4544 quaedam
796 4476 970 4545 imperatori
989 4489 1045 4530 vos
1063 4475 1290 4529 renuntiaturos
