3050 4775
308 520 377 577 XIV
783 521 947 577 Praefatio.

309 701 388 783 7,2:
412 700 533 783 μαθὼν
557 699 591 764 δὲ
613 699 752 765 καὶτὸν
779 700 918 765 donov
940 701 1002 785 ἤδη
1025 701 1227 783 βασιλειῶντα
1251 701 1305 765 καὶ
1322 727 1428 786 τυραν-

308 809 394 879 νίδος
426 809 615 891 ἀρξάμενον,
649 808 848 873 ἀπονενεύκει
877 807 959 892 πρὸς
987 808 1060 873 τὸν
1086 809 1245 873 Φωκᾶν
1275 809 1309 873 in
1342 808 1429 875 libris

307 914 491 981 recentibus
515 914 600 980 BOD
624 912 671 979 ita
694 921 870 987 retractata
892 922 975 999 sunt,
1000 923 1036 980 ut
1055 936 1113 1000 pro
1136 917 1334 980 ἀπονενεύκει
1350 917 1430 1001 πρὸς

307 1022 361 1087 τὸν
394 1023 515 1088 Φωκᾶν
552 1021 704 1088 vitandas
740 1023 940 1107 repetitionis
968 1024 1137 1088 verborum
1168 1043 1266 1089 causa
1294 1030 1427 1089 exarata

308 1128 372 1194 sint
394 1131 476 1213 πρὸς
499 1132 618 1195 ἐκεῖνον
640 1131 799 1211 ἀπονεύει;
823 1131 924 1196 altero
941 1150 1017 1196 vero
1034 1130 1104 1195 loco
1122 1131 1231 1212 (XVII
1248 1132 1278 1214 ’1,
1291 1131 1348 1213 25)
1368 1152 1425 1217 pro

308 1238 421 1321 μόνου,
447 1236 685 1322 quodpropter
708 1236 903 1302 antecedens
929 1238 1022 1321 μόνῳ
1051 1240 1119 1303 1116
1148 1238 1261 1303 critico
1287 1239 1428 1322 ineptum

309 1362 379 1411 esse
410 1344 510 1410 risum
541 1352 599 1427 est,
631 1345 663 1408 in
693 1343 818 1410 duobus
846 1344 1012 1411 codicibus
1036 1345 1266 1412 recentioribus
1288 1346 1426 1430 positum

307 1457 358 1517 est
380 1454 459 1534 οἴου,
483 1452 516 1515 in
539 1471 601 1516 uno
624 1451 742 1517 rectius
766 1454 871 1517 oiov1.

397 1557 553 1635 Quoniam
581 1558 679 1642 igitur
706 1557 994 1624 demonstravimus
1021 1560 1054 1623 in
1083 1559 1171 1625 libris
1198 1560 1428 1625 recentioribus

308 1686 377 1733 esse
399 1672 432 1731 et
447 1667 592 1731 Zonaras
616 1666 714 1731 verba
737 1668 877 1749 genuina
899 1673 1023 1732 mutata
1047 1671 1079 1731 et
1101 1666 1252 1732 nonnulla
1276 1666 1429 1732 adiuncta

308 1780 341 1839 et
363 1773 462 1838 mults
485 1774 719 1858 praetermissa,
753 1773 865 1839 horum
889 1772 1036 1839 codicum
1059 1775 1235 1839 auctoritas
1262 1794 1335 1839 cum
1367 1772 1430 1839 fide

308 1880 380 1945 libri
398 1880 535 1946 Parisini
551 1880 635 1945 1715
653 1900 800 1965 pugnans
822 1886 887 1946 tam
911 1882 1003 1966 parvi
1026 1880 1154 1947 videtur
1176 1901 1247 1947 esse
1271 1881 1429 1964 ducenda,

307 1994 353 2071 ut,
378 1988 504 2053 etiamsi
527 1986 587 2053 soii
607 1988 784 2073 praebeant
800 1990 899 2054 verba
915 1990 1125 2073 congruentia
1141 2008 1212 2053 cum
1228 1988 1336 2054 verbis
1352 1990 1430 2053 scri-

308 2102 434 2181 ptorum
460 2095 621 2160 aZonara
638 2102 861 2180 excerptorum
884 2132 929 2142 -
951 2094 1037 2178 quod
1055 2097 1215 2161 rarissime
1231 2094 1353 2161 accidit
1375 2132 1429 2177 —-,

307 2222 366 2269 nos
387 2208 494 2267 tamen
518 2222 589 2267 cum
607 2201 773 2269 Dindorfio
797 2201 943 2268 codicem
958 2202 1138 2269 Parisinum
1162 2202 1251 2268 illum
1275 2204 1429 2288 optimum

309 2310 399 2393 sequi
417 2309 630 2387 maluerimus,
656 2309 742 2394 quod
766 2330 828 2376 non
853 2311 945 2376 abest
968 2311 1117 2397 suspicio,
1144 2311 1218 2393 quin
1241 2309 1302 2375 viri
1326 2310 1431 2374 critici

309 2419 477 2502 Byzantini
500 2438 558 2503 pro
582 2397 747 2483 vocabulis
771 2439 792 2482 a
815 2419 940 2484 Zonara
964 2419 1033 2504 ipso
1053 2419 1247 2501 excogitatis
1262 2417 1432 2482 usitatiora

308 2525 541 2604 revocaverint,
577 2526 691 2607 quibus
722 2526 867 2591 Zonaras
896 2532 1045 2591 auctores
1077 2526 1125 2590 usi
1158 2531 1259 2590 erant.
1307 2523 1432 2601 Quodsi

309 2633 343 2697 in
366 2631 492 2697 edenda
507 2633 652 2698 Zonaras
676 2631 817 2716 epitoma
841 2630 1000 2697 codicem
1015 2631 1222 2697 Parisinum
1247 2629 1333 2695 1711)
1358 2651 1432 2696 curn

309 2739 475 2806 Dindorfio
498 2741 658 2822 sequimur
682 2737 806 2806 ducem
829 2740 1086 2822 praecipuum’
1109 2738 1165 2822 ita,
1189 2744 1225 2803 ut
1248 2737 1433 2804 testimonia

309 2848 461 2913 librorum
493 2849 667 2913 recentium
700 2867 741 2912 ex
774 2847 887 2912 eodem
920 2845 1033 2912 codice
1062 2845 1239 2931 archetypo
1271 2844 1432 2910 derivato

310 2975 389 3038 rum,
413 2975 432 3020 e
456 2975 518 3038 quo
541 2955 633 3020 fluxit
657 2954 710 3020 ille
727 2955 891 3020 Parisinus
914 2956 958 3035 (v.
975 2954 996 3018 l.
1014 2973 1041 3018 c.
1059 2975 1091 3039 p.
1108 2954 1198 3035 228),
1221 2973 1285 3016 non
1301 2972 1433 3037 sperna-

310 3083 389 3147 mus,
413 3064 440 3128 si
464 3082 560 3146 quam
583 3063 773 3146 scripturam
796 3060 1003 3147 suppeditent
1026 3060 1191 3126 meliorem
1214 3059 1326 3125 codice
1342 3059 1433 3123 Pari-

310 3171 390 3254 sino,
415 3189 508 3253 quem
532 3169 654 3252 aliquot
678 3169 757 3236 locis
782 3170 982 3254 (praesertim
1004 3169 1037 3232 in
1061 3167 1142 3234 libro
1162 3167 1272 3233 ultimo
1289 3188 1309 3231 a
1324 3167 1433 3232 scriba

399 3417 410 3456 ¹
429 3419 504 3473 Tam
524 3435 616 3489 saepe
635 3420 675 3483 111,
704 3423 738 3474 ut
758 3419 854 3473 verba
873 3417 1009 3472 Zonaras
1026 3418 1156 3488 repetita
1173 3417 1205 3471 in
1225 3417 1308 3471 libris
1327 3431 1432 3470 recen—

311 3510 439 3565 tioribus
465 3509 589 3563 consilio
615 3508 748 3578 quodam
775 3507 975 3577 expellantur,
1004 3511 1039 3561 ut
1062 3508 1134 3560 sutis
1159 3508 1197 3560 sit
1219 3506 1329 3560 afferre
1347 3506 1432 3560 locos

311 3600 379 3654 hos:
398 3597 470 3652 XIII
491 3599 516 3662 1,
526 3598 570 3651 22.
580 3597 623 3652 at.
642 3596 702 3666 u,5.
723 3597 784 3663 U.
803 3596 858 3652 XV
876 3598 937 3664 11.
958 3596 1053 3664 19,13.
1073 3594 1143 3649 XVI
1162 3595 1240 3662 1,31.
1259 3600 1269 3663 1

403 3687 415 3725 ²
434 3687 517 3742 Inter
536 3703 639 3741 omnes
658 3687 795 3741 Zonaras
814 3687 906 3741 libros
924 3701 1018 3740 manu
1037 3687 1173 3754 scriptos,
1193 3700 1269 3754 quos
1282 3685 1433 3750 novimus,

312 3793 380 3833 curn
400 3777 505 3833 codice
523 3776 550 3830 A
570 3783 691 3847 praeter
710 3776 922 3830 Monacensem
942 3775 995 3829 325
1015 3773 1237 3843 quodammodo
1260 3774 1431 3843 comparari

311 3883 401 3938 posse
420 3867 500 3922 solos
510 3866 690 3921 Vaticanum
704 3866 755 3920 136
776 3874 805 3920 61
818 3865 1017 3919 Mutinensem
1031 3864 1095 3918 IIF
1110 3863 1144 3917 12
1161 3860 1432 3934 (uByalcitschr.

311 3957 328 4012 1.
349 3973 373 4012 c.
392 3957 530 4027 1122866.
551 3962 580 4010 61
599 3973 627 4025 p.
640 3955 703 4022 596)
726 3956 783 4009 etsi
801 3970 856 4009 nos
876 3956 932 4024 ipsi
952 3953 1120 4021 docuimus,
1139 3958 1241 4006 tamen
1256 3967 1358 4021 neque
1375 3951 1433 4005 Va—

312 4048 445 4101 ticanum
460 4045 595 4100 codicem
609 4059 709 4114 neque
722 4043 923 4098 Mutinensem
936 4045 994 4096 rati
1007 4057 1111 4097 sumus
1125 4057 1191 4097 esse
1204 4040 1433 4104 excutiendum,

312 4137 384 4206 quia
411 4141 440 4190 61
459 4134 589 4188 Parisini
614 4134 689 4188 fides
724 4135 856 4188 omnium
884 4133 1030 4187 librorum
1055 4131 1147 4200 longe
1172 4131 1339 4186 certissima
1364 4145 1434 4184 esse

313 4226 435 4281 videtur
461 4230 499 4292 et,
524 4226 549 4278 si
575 4225 614 4278 ad
634 4229 779 4294 quattuor
797 4224 890 4277 libros
909 4221 1019 4288 BCDE,
1048 4222 1100 4291 qui
1120 4225 1241 4291 praeter
1260 4220 1433 4274 Parisinum

312 4315 509 4385 comparandi
529 4319 616 4369 erant
635 4313 674 4367 sd
693 4312 879 4368 noscendam
897 4313 1044 4382 originem
1058 4312 1276 4380 scripturarum
1290 4309 1434 4364 editionis

313 4405 489 4469 Wolflanue,
515 4404 576 4458 duo
595 4402 646 4458 alii
667 4403 786 4457 codices
805 4402 994 4467 accederent,
1018 4415 1119 4470 neque
1138 4400 1302 4469 quicquam
1321 4397 1361 4451 ad
1380 4397 1435 4452 Zo-

312 4511 408 4550 naras
426 4495 522 4549 verbs
541 4493 729 4548 restituenda
747 4492 901 4547 videretur
914 4490 1024 4558 afferri,
1045 4491 1118 4559 quin
1132 4505 1171 4545 ex
1185 4489 1340 4545 codicibus
1354 4502 1435 4557 quos

313 4586 444 4640 diximus
455 4589 556 4655 posset
568 4584 711 4653 depromi,
732 4588 761 4636 et
775 4582 869 4636 moles
882 4584 1048 4651 apparatus
1062 4581 1157 4634 critici
1171 4580 1317 4634 evasisset
1329 4578 1434 4632 nimia.
