3050 4775
257 466 312 527 toi
472 437 475 446 ’
557 466 694 527 zormu
713 462 812 525 arm.
832 462 916 524 xvn
935 468 960 537 s,
980 463 1076 524 τ-ιε.
1192 528 1195 535 ,

258 652 387 735 ἀναιρεῖ,
409 652 554 722 πλείονας
578 652 614 714 δέ
636 674 669 733 γε
692 651 812 733 ζωγρεῖ
829 650 919 733 μόλις
938 650 1123 733 διαδράντος
1141 657 1196 716 τοῦ
1212 650 1375 736 Σαμουὴλ

231 755 279 817 8ὅ
300 778 335 837 γε
356 755 422 837 μὴν
443 754 587 838 βασιλεὺς
608 759 673 823 τοῖς
695 752 908 835 δορυαλώτοις
931 754 974 824 εἰς
996 754 1216 817 πεντεκαίδεκα
1238 754 1377 837 χιλιάδας

257 858 505 939 ἀριθμουμένοις
528 857 662 937 ἐξέκοψε
683 861 759 919 πᾶσι
780 855 817 917 τὰ
842 856 980 939 ὄμματα,
1004 852 1054 939 ἐφ’
1079 856 1192 940 ἑκάστη
1216 856 1413 925 ἑκατοοτύῖΙ)
1429 870 1471 927 lv
1489 874 1524 926 1·.

257 960 312 1023 ἕνα
334 959 515 1023 καταλιπὼν
538 958 788 1041 ἑτερόφθαλμον,
815 958 852 1021 ἵν’
876 960 922 1041 εἴη
945 959 1064 1028 τούτοις
1086 958 1291 1041 χειραγωγός,
1322 958 1376 1021 καὶ

231 1062 361 1132 θοθτως
383 1060 498 1131 αὐτοὺς
520 1061 641 1124 ἀπιέναι
663 1059 780 1123 κελεύει
795 1060 876 1143 πρὸς
892 1059 945 1122 τὸν
960 1062 1111 1143 σφέτερον
1126 1058 1274 1143 ἀρχηγόν.
1320 1062 1402 1130 οὓς5

258 1164 375 1234 ἐκεῖνος
397 1164 477 1227 ἰδὼν
499 1164 553 1227 καὶ
575 1162 610 1225 τὸ
632 1163 740 1233 πάθος
761 1163 807 1246 μὴ
832 1162 970 1244 ἐνεγκὼν
992 1162 1120 1244 ἰλλιγγιᾷ
1141 1186 1173 1225 τε
1191 1162 1245 1225 καὶ
1260 1163 1303 1232 εἰς
1317 1168 1375 1245 γῆν

257 1267 462 1349 λειποθυμῶν
483 1266 716 1348 καταβάλλεται,
739 1264 855 1347 μικρὸν
871 1266 907 1327 δέ
929 1289 954 1327 τι
977 1265 1155 1347 ἀνενεγκὼν
1177 1264 1376 1347 καρδιωγμῷ

214 1368 425 1449 1οπεριπίπτει
456 1368 511 1430 καὶ
541 1368 683 1448 θνήσκει.
729 1368 748 1449 ὴ
778 1367 812 1429 δὲ
839 1372 904 1429 τῶν
927 1365 1125 1448 Βουλγάρων
1152 1367 1302 1449 ἡγεμονία
1328 1375 1375 1450 τῷ

255 1470 317 1552 υλῴ
339 1470 437 1533 αὐτοῦ
459 1478 505 1551 τῴ
529 1468 670 1554 Γαβριὴλ
692 1477 739 1551 τῷ
760 1470 815 1533 καὶ
834 1469 992 1552 Ῥωμανῴ
1013 1470 1189 1552 περιῆλθεν,
1220 1472 1258 1533 ὃν
1281 1471 1373 1533 οὔπω

256 1572 395 1636 ἐνιαυτὸν
426 1574 563 1654 ἄρξαντα
592 1572 610 1633 ὀ
638 1571 708 1641 υἱὸς
738 1578 794 1635 τοῦ
825 1572 1049 1655 πατραδέλφου
1081 1572 1179 1635 αὐτοῦ
1202 1572 1328 1655 Ἀαρὼν
1355 1571 1420 1635 δ10

255 1674 497 1758 Βλαδισθλάβος
519 1674 574 1737 καὶ
590 1674 740 1757 Ἰωάννης
764 1674 938 1757 (διιὸνυμσς
961 1673 1021 1757 γὰρ
1044 1674 1098 1738 καὶ
1122 1672 1214 1745 οὗτος
1236 1674 1288 1757 ὴν)
1313 1675 1372 1737 ἀπ-

177 1787 240 1842 Bll
255 1778 375 1841 ἔκτεινε.
421 1776 557 1840 διελθὼν
580 1776 615 1840 δὲ
637 1776 672 1839 τὸ
691 1777 725 1839 ἐν
746 1781 813 1846 ταῖς
836 1777 1027 1858 δυσχωρίαις
1049 1778 1151 1860 ἔρυμα
1175 1777 1194 1838 ὁ
1217 1777 1373 1859 αὐτοκρά-

253 1903 332 1961 τωρ,
355 1879 402 1951 ὡς
424 1881 550 1962 εἴρηται,
573 1878 651 1941 ἀλλα
674 1902 705 1941 τε
728 1879 867 1961 φρούρια
891 1879 1079 1961 ἐχειρώσατο
1098 1878 1218 1961 ἐρυμνὰ
1234 1878 1374 1949 καὶτοὺς

254 1983 288 2045 ἐν
310 1983 416 2053 αὐτοῖς
440 1982 644 2063 Βουλγάρους
666 1980 721 2044 καλ
743 1979 819 2063 ὴκεν
842 1982 885 2051 εἰς
900 1981 1156 2063 Μοσυνο-ύπολιν,
1180 1982 1263 2044 ὅπου
1285 1982 1374 2063 αὐτῷ

211 2085 273 2166 12ὴ
301 2090 357 2147 τοῦ
380 2083 535 2167 Σαμουὴλ
564 2082 685 2165 τελευτὴ
714 2083 883 2166 ἀπηγγέλη.
930 2084 1010 2165 δρας
1042 2081 1099 2147 οὖν
1131 2084 1241 2146 αὐτίκα
1273 2107 1372 2165 προσ·
1387 2096 1421 2149 lb

253 2186 358 2268 βάλλει
379 2193 417 2270 τῇ
441 2186 623 2269 Βουλγαρλᾳ
645 2185 699 2249 καὶ
721 2186 826 2256 πόλεις
847 2210 879 2249 τε
908 2186 1004 2269 αὐτῆς
1031 2186 1114 2269 αἱρεῖ
1137 2186 1191 2249 καὶ
1222 2188 1372 2269 φρούρια.

210 2289 272 2355 136
296 2290 332 2353 δέ
354 2313 388 2371 γε
410 2295 466 2353 τοῦ
485 2288 642 2371 Σαμουὴλ
664 2288 732 2358 υἱὸς
755 2288 773 2351 δ
793 2287 957 2370 Ῥωμανός
979 2312 1010 2351 τε
1032 2289 1087 2352 καὶ
1101 2286 1242 2372 Γαβριὴλ
1267 2288 1373 2372 (οὔπω

253 2393 313 2475 γὰρ
336 2392 486 2477 ἀνῄρητο)
510 2394 642 2475 πέμψας
664 2391 746 2474 πρὸς
769 2390 823 2454 τὸν
844 2392 973 2475 βασιλέα
997 2391 1152 2456 δούλωσιν
1168 2393 1370 2475 ὑπισχνεῖται·

210 2507 242 2560 14
250 2495 329 2576 μετὰ
358 2496 394 2558 δέ
418 2519 484 2558 τινα
506 2494 619 2577 καιρδν
640 2500 697 2557 τοῦ
719 2492 774 2556 τὸν
796 2493 938 2578 Γαβριὴλ
961 2493 1122 2564 ἀνελόντος
1141 2493 1292 2558 Ἰωάννου
1315 2501 1371 2558 τοῦ

251 2680 268 2732 8
287 2681 324 2732 ὅτι
344 2681 360 2732 ὁ
377 2687 422 2734 τοῦ
441 2678 569 2749 Σαμουὴλ
587 2680 642 2739 υἱὸς
666 2679 785 2749 ἀνῃρέθη
809 2679 896 2748 (ἀνὴρ.
916 2683 987 2734 ante
1006 2680 1022 2732 δ
1039 2679 1074 2748 Ε)
1092 2678 1165 2748 παρὰ
1183 2685 1228 2732 τοῦ
1248 2683 1315 2744 (om.
1336 2679 1369 2748 C)

250 2759 390 2820 συγγενοῦς
408 2753 489 2806 αὐτοῦ
508 2751 578 2819 (ont.
589 2752 623 2816 Ε)
643 2750 691 2806 cl}
765 2752 798 2806 17
817 2753 855 2804 ὅτι
873 2751 965 2805 πολλοὶ
984 2758 1037 2804 τῶν
1054 2752 1192 2820 ἐπισήμων
1205 2752 1370 2821 Βουλγάρων

249 2823 452 2892 προσερρθησαν
470 2832 507 2890 τῷ
525 2823 631 2892 βασιλεῖ
647 2823 680 2890 (τ.
697 2825 757 2892 βασ.
777 2843 902 2892 προσερρ.
922 2824 957 2890 Ε)
977 2821 1024 2879 ΟΕ

304 2999 447 3068 ῙαλρεῖΒ
543 3022 572 3070 γε
592 3017 648 3056 om.
669 3001 692 3055 O
789 3001 945 3069 διαδράντας
962 3001 1007 3056 ιδν
1025 2999 1144 3070 σαμουὴλ
1163 2999 1190 3052 D
1281 3001 1367 3055 2δω-

301 3074 446 3140 ρυαλώταις
465 3072 499 3141 A,
526 3074 693 3141 δορυαλόισις
712 3073 744 3139 Ε,
770 3073 948 3140 δορυαλώτοις
968 3072 1049 3142 pr,
1075 3073 1245 3140 δοριαλώτοις
1264 3071 1315 3140 Di,
1338 3089 1367 3126 τ’.

302 3145 341 3197 ad
361 3143 431 3197 Xlll
451 3145 476 3211 8,
495 3145 513 3198 3
605 3145 623 3198 3
640 3144 684 3213 ἐφ’
704 3161 761 3199 om.
785 3144 818 3211 D,
838 3145 865 3198 ἐν
885 3143 908 3196 Β
998 3145 1071 3212 9τῴ
1090 3149 1161 3198 autc
1180 3145 1208 3197 Γ.
1229 3159 1286 3197 σω.
1306 3144 1330 3198 0

336 3215 382 3270 καλ
401 3216 495 3269 otn.D
570 3216 604 3269 10
621 3214 713 3284 ἀαρὼν
731 3223 803 3270 ante
816 3215 899 3270 τοῦΟ
972 3217 1004 3269 ll
1020 3215 1214 3339 sslafflvffissssoc
1226 3213 1365 3285 BtDEwp

336 3286 382 3340 καὶ
401 3295 472 3342 ante
487 3287 516 3341 Ἰ.
536 3287 636 3341 om.E
687 3285 729 3340 Dt’
809 3287 842 3358 ὴν
860 3287 906 3340 καὶ
924 3285 999 3347 οὕτος
1126 3285 1255 3355 17ὁῬ.]
1275 3286 1366 3340 τεκαὶ

300 3357 325 3426 ῥ,
344 3357 371 3410 D
445 3358 479 3413 18
497 3359 645 3427 ὑπισχνεῖτο
691 3375 738 3429 wp
811 3358 845 3413 19
864 3365 909 3412 τοῦ
929 3359 1013 3427 prius
1032 3373 1090 3413 om.
1109 3357 1136 3410 D

221 3533 388 3593 BSamuele
407 3535 460 3589 vix
479 3536 591 3606 elapso.
628 3535 688 3591 Sed
707 3552 762 3591 rex
783 3537 910 3606 captivis
931 3537 1077 3604 omnibus,
1102 3538 1154 3606 qui
1173 3535 1292 3590 circiter
1311 3535 1365 3591 XV

247 3607 329 3661 milia
342 3615 437 3674 erant,
457 3608 560 3662 oculos
579 3609 683 3663 eliodit
702 3609 830 3678 singulis
844 3609 988 3663 centuriis
1002 3624 1063 3663 uno
1078 3608 1155 3663 duce
1168 3607 1273 3662 relicto
1291 3622 1365 3662 uno·

220 3679 315 3736 Siculo
340 3693 454 3747 eosque
479 3681 522 3733 sic
546 3680 585 3733 ad
609 3695 696 3734 suum
721 3680 828 3733 ducem
852 3681 938 3734 abire
958 3681 1051 3735 iubet.
1088 3679 1205 3745 Quibus
1223 3679 1273 3733 ille
1292 3679 1364 3733 visis

247 3751 436 3804 atrocitatem
455 3752 499 3804 rei
518 3766 579 3805 non
593 3751 702 3815 serens,
722 3752 831 3805 oborta
845 3753 996 3822 vertigine
1010 3752 1187 3820 viribusque
1201 3750 1363 3806 destitutus

204 3825 238 3879 to
248 3821 329 3875 humi
353 3822 482 3890 procidit
503 3837 541 3876 ac
560 3836 666 3891 parum
687 3829 844 3876 recreatus
864 3838 902 3877 ex
922 3823 1098 3894 cardiogmo
1117 3823 1227 3888 interit,
1256 3823 1364 3891 princi·

247 3898 322 3962 patu
340 3892 542 3963 Balgarorum
560 3895 591 3947 in
605 3893 777 3948 Gabrielem
791 3893 892 3960 illium,
913 3895 964 3964 qui
978 3901 1008 3948 et
1021 3893 1174 3949 Romanus
1194 3893 1361 3961 dicebatur,

246 3965 405 4032 translat03
433 3980 523 4034 quem
550 3965 685 4019 nondum
709 3979 790 4019 anno
817 3965 919 4034 elapso
940 3967 1034 4019 irater
1054 3965 1205 4036 patruelis,
1233 3963 1364 4018 Aaronis

246 4036 325 4089 illius
344 4034 566 4090 Bladistlrlubus
586 4036 716 4091 loannes
734 4037 908 4103 (binominis
927 4037 1007 4090 enim
1031 4043 1062 4091 et
1080 4037 1128 4091 hic
1147 4037 1223 4102 crat)
1244 4036 1363 4090 occidit.

202 4110 235 4163 il
247 4105 415 4176 imperator
433 4123 507 4162 vero
527 4109 649 4162 castello
668 4109 888 4178 angustiarum,
908 4113 942 4161 ut
960 4107 1099 4176 diximus,
1119 4119 1271 4179 superato,
1296 4122 1365 4162 cum

246 4177 306 4232 alia
321 4179 408 4232 firma
426 4179 579 4247 praesidia
591 4194 738 4232 unacum
757 4179 969 4233 defensoribus
989 4181 1124 4249 cepisset,
1144 4178 1364 4250 Mosynupolim

204 4251 355 4320 tapes-git,
374 4250 427 4303 ubi
446 4252 551 4304 nuntio
570 4250 609 4304 de
622 4248 770 4304 Samuelis
790 4251 912 4304 interitu
931 4259 1056 4320 accepto
1070 4251 1234 4321 Bulgarica
1253 4249 1365 4321 oppida

203 4325 237 4379 13
246 4327 276 4374 et
295 4321 448 4391 praesidia
466 4327 633 4390 expugnat.
670 4320 711 4374 At
723 4320 871 4375 Samuelis
886 4323 964 4376 illius
977 4321 1132 4378 Romanus
1146 4322 1267 4378 Gabriel
1281 4323 1365 4388 (non-

247 4392 319 4445 dum
339 4394 419 4446 enim
438 4408 547 4447 caesus
565 4394 641 4460 erat)
661 4407 715 4462 per
734 4392 852 4462 legatos
876 4394 941 4462 regi
966 4396 1143 4449 servitutem
1166 4394 1366 4464 pollicebatur

204 4465 238 4520 14
247 4471 277 4517 et
289 4470 425 4534 tempore
439 4464 571 4533 quodam
584 4466 763 4535 interposito
777 4465 900 4520 loannis
912 4464 1109 4522 Bladistlrlabi
1123 4467 1257 4521 minister
1270 4464 1366 4536 adest,
