3050 4775
236 343 290 402 484
503 341 640 401 ZONAR.
660 341 758 400 EPIT.
777 341 846 401 XVI
865 338 907 414 91,
928 340 1041 414 11-22,
1060 338 1086 400 2.

237 551 296 610 ρας
317 529 443 612 ἔχοντος
465 527 518 591 καί
541 528 737 610 βουλομένου
760 526 815 590 τὸν
829 526 995 608 Ῥωμανθν
1017 527 1223 610 ἐπαναγαγεῖν
1244 526 1281 590 ἐκ
1303 531 1358 609 τῆς

193 629 376 714 12Πρώτης
399 633 442 700 είς
463 629 500 692 τὰ
523 631 676 713 βασίλεια·
705 631 724 714 ή
749 629 785 693 dd
806 626 882 712 παρ’
906 631 1033 712 ἐτέρων,
1056 628 1111 693 τὸν
1133 628 1299 712 Στέφανον
1321 628 1357 691 ἐκ

238 734 363 816 Λέσβου
395 733 500 816 λαβεῖν
528 733 763 816 μελετησιίντων
789 732 844 795 καί
874 733 1127 816 ἀποκαταστῆσαι
1149 739 1186 817 τῇ
1208 731 1395 814 βασιλείη.1)
1409 735 1506 792 ivus

194 835 313 898 13ἀλλὰ
345 835 398 898 καλ
425 836 527 917 ἄμφω
556 833 610 904 τὰς
639 834 808 917 ἐπιβουλὰς
830 835 849 898 ὁ
872 835 1110 905 Κώνσταντίνσς
1133 835 1282 920 ἐφώρασε
1303 832 1358 896 καί

236 937 309 1006 τοὺς
330 937 390 1018 μὲν
412 936 600 1020 συνωμότας
623 936 763 1018 ἐκόλασε,
787 936 860 1006 τοὺς
884 937 918 1000 δέ
940 938 1161 1020 βασιλειῶντας
1183 933 1236 1000 ὑπ’
1253 939 1386 1019 domn-5

236 1041 381 1121 λεστέραν
404 1040 494 1103 ἔθετο
516 1040 653 1123 τήρησιν.

194 1149 227 1202 14
328 1141 399 1204 Τῶν
424 1140 578 1223 Τοιίρκαιν
602 1142 637 1206 ὁέ
661 1141 745 1222 (τοὺς
769 1139 798 1205 d'
824 1141 989 1225 Οὔγγρους
1012 1143 1097 1206 οὕτω
1119 1143 1282 1206 καλεῖσθαι
1304 1139 1358 1204 καλ

236 1242 350 1327 πρῴην
377 1241 558 1326 εἰρήκαμεν)
592 1243 628 1306 τὰ
654 1243 822 1326 Ῥωμαίων
853 1245 1049 1326 ληιζομένων
1078 1245 1130 1306 ἐπί
1154 1267 1219 1307 τινα
1246 1242 1359 1325 καιρὸν

195 1347 390 1430 Ιῖιήρεμήσαι
413 1345 449 1408 τὸ
472 1347 567 1416 ἐθνος
589 1347 796 1429 συμβέβηκεν.
843 1347 862 1409 ὁ
881 1347 941 1428 γὰρ
957 1347 1078 1411 τούτων
1093 1347 1276 1429 ἀρχηγετῶν
1291 1345 1357 1409 Bo·

205 1449 392 1530 Βλοσουθής
419 1449 611 1531 κεκλημένος
638 1449 690 1512 καί
719 1451 823 1530 ἕτερος
851 1445 879 1511 d'
908 1448 1002 1519 αὖθις
1029 1448 1144 1529 Petne,
1176 1448 1231 1512 καί
1263 1448 1359 1518 αὐτὸς
1370 1460 1405 1513 10

196 1551 497 1633 16μέρσυςᾶρχιυν,
529 1552 748 1634 προσηλθέτην
769 1560 816 1634 τῷ
837 1552 971 1634 βασιλεῖ·
1004 1552 1058 1614 καί
1090 1552 1221 1622 ἕκαστος
1252 1551 1360 1614 αὐτῶν

237 1659 292 1716 τοῦ
316 1655 405 1716 θείου
427 1661 482 1736 τής
504 1654 734 1736 παλιγγενεσίας
759 1655 883 1736 ἠξιώθη
907 1654 1042 1734 λουτροῦ
1061 1651 1115 1717 καί
1129 1653 1165 1717 τὸ
1180 1649 1257 1717 καθ’
1274 1654 1360 1736 ἡμᾶς

83 1765 227 1820 Willlss
237 1756 363 1840 ἐμυήθη
387 1759 569 1839 μυστήριον,
593 1757 646 1819 καί
662 1757 824 1838 πατρίκιος
841 1757 975 1839 ἐτιμήθη
991 1756 1149 1837 ἑκάτερος,
1171 1755 1226 1820 καί
1244 1779 1358 1838 κατην-

237 1858 397 1941 τλήθησαν
420 1861 558 1941 χρήμασι
580 1859 632 1920 καί
657 1860 759 1928 οὕτως
783 1859 963 1941 ἐπανῆλθον
980 1860 1023 1928 εἰς
1037 1858 1074 1921 τὰ
1090 1859 1156 1942 ήθη
1172 1857 1209 1920 rd
1226 1859 1359 1938 ἑαυτῶν,

237 1959 384 2043 λαβόντες
407 1961 460 2023 καί
483 1960 639 2042 ἀρχιερέα,
664 1959 702 2024 δι’
728 1958 767 2023 οὗ
790 1960 899 2024 πολλοί
921 1960 1004 2042 πρὸς
1026 1961 1192 2043 ἐπίγνωσιν
1206 1967 1262 2024 τοῦ
1278 1961 1359 2024 θεοῦ
1370 1972 1405 2026 15

195 2063 483 2145 Πμετηνέχθησαν.
531 2063 596 2124 ἀλλ’
621 2063 639 2124 ὁ
662 2063 721 2145 μὲν
744 2062 764 2125 Ι
766 2063 848 2133 ὐλᾶς
870 2064 924 2126 καί
952 2070 990 2146 τῇ
1017 2064 1113 2127 πίστει
1140 2063 1274 2145 ἐνέμεινε
1305 2062 1359 2127 καί

196 2165 293 2246 Ιδτὴν
321 2166 446 2248 είρήνην
473 2165 629 2248 ἐτήρησεν.
675 2166 694 2228 ὁ
718 2165 752 2228 δὲ
775 2164 884 2235 λοιπὸς
906 2165 961 2235 τὰς
982 2164 1065 2247 πρὸς
1090 2164 1169 2228 θεὸν
1194 2166 1360 2248 συνθήκας

239 2267 405 2350 ήθετηκὼς
428 2265 521 2336 αὖθις
543 2267 623 2330 κατὰ
643 2266 812 2350 Ῥωμαίων
834 2268 996 2350 ὡπλίζετο,
1029 2273 1120 2331 τοῦτο
1145 2267 1180 2332 dd
1202 2268 1257 2332 καί
1279 2268 1359 2332 κατὰ

196 2379 228 2433 19
242 2370 401 2453 Φράγγαιν
427 2377 553 2454 ποιήσαι
583 2370 780 2453 ἐπιχειρήσας
803 2370 887 2434 teia
910 2370 963 2433 καί
987 2370 1215 2454 ἀνεσταθροπο.
1261 2370 1359 2454 καλή

239 2559 333 2627 ’ἐπερλ
357 2560 486 2629 Οὕγγρων
505 2560 553 2615 ΟΕ

294 2738 318 2792 l.
337 2738 354 2792 2
372 2739 403 2791 ἐκ
423 2760 444 2792 τ.
463 2758 509 2806 πρ.
526 2739 531 2804 Ι
546 2738 715 2807 ἐπαναγαγεῖν
729 2738 755 2792 D
849 2738 956 2792 sante
974 2740 1011 2798 τίς
1030 2738 1099 2793 add.
1118 2740 1201 2810 νήσου
1221 2739 1301 2809 Ewp,
1321 2740 1359 2793 ef.

292 2808 378 2864 Cedr.
399 2808 541 2879 (Soyiitz.)
560 2810 588 2863 ii
608 2827 635 2880 p.
649 2811 710 2878 327,
729 2812 762 2863 rs
833 2810 851 2863 4
869 2811 984 2879 ἐφόρησε
1002 2816 1150 2865 mutatum
1171 2826 1210 2865 ex
1228 2811 1360 2880 ε’φόρασεν

292 2882 382 2945 (mad
393 2880 582 2949 Xllll‚b)E
663 2882 843 2949 θσυνομόιας
863 2881 973 2953 DEwp,
992 2881 1223 2950 συνωμοκόταςΟ
1295 2880 1361 2937 'idi

292 2952 353 3020 AR,
374 2970 430 3007 om.
452 2953 493 3007 w*
587 2952 611 3006 θ’
630 2952 762 3021 οὔγκρους
782 2951 817 3018 Α,
835 2953 963 3022 σι’»γγρους
981 2953 1006 3006 d’
1025 2952 1109 3023 pr,
1127 2954 1255 3023 οὔγγρονς
1273 2954 1304 3006 dd
1323 2952 1359 3017 D,

292 3025 322 3079 δὲ
340 3026 467 3094 οὔγγρσυς
487 2969 547 3091 ὅτι,
566 3025 591 3077 d'
611 3023 740 3093 αθγγρους
758 3024 802 3077 Di
880 3026 905 3081 7,
924 3026 942 3079 8
960 3025 1006 3078 καί
1023 3025 1119 3093 πρώην
1137 3026 1282 3095 εἰρήκαμεν
1301 3041 1359 3079 om.

291 3096 327 3164 D,
348 3097 445 3166 suppl.
464 3095 514 3153 Dn·
535 3096 599 3161 (sed
619 3100 775 3163 ειρηκαμεν)
846 3094 987 3165 8πρῴην]
1007 3094 1076 3151 XVI
1097 3097 1138 3165 12,
1158 3098 1193 3151 19
1264 3097 1359 3165 9ήρε·

290 3178 372 3294 θλλαέ
393 3166 542 3303 iiiiii)
561 3237 588 3289 n
602 3166 793 3309 ρβὲλὲσλυδὴς
806 3166 1057 3308 τλῃίρλολοίλλλλς
1068 3166 1160 3307 pqu'
1178 3170 1230 3293 ‘1⁶3¹'
1230 3167 1360 3310 λᾚλίλ

292 3310 315 3363 Β
390 3312 423 3365 λλ)
441 3311 487 3365 καί
507 3326 563 3365 om.
584 3309 611 3363 D

195 3488 229 3542 13
239 3491 290 3559 qui
305 3488 489 3560 Stephanum
510 3505 546 3542 ex
565 3488 664 3543 Lesbo
684 3490 714 3542 in
734 3504 864 3558 regnum
883 3490 1044 3545 restituere
1062 3491 1262 3547 sonabantur.
1299 3489 1360 3546 Sed

239 3578 291 3615 rex
307 3562 444 3631 utrisque
457 3561 572 3615 insidiis
586 3560 782 3630 deprehensis
795 3566 826 3615 et
839 3562 1067 3615 insidiatoribus
1079 3562 1228 3632 supplicio
1243 3564 1360 3617 aii'eotis

239 3634 283 3699 iis,
303 3634 354 3702 qni
375 3634 491 3701 imperii
511 3632 613 3701 eripidi
633 3638 727 3699 erent,
749 3631 971 3701 diligentiorem
991 3633 1160 3687 custodiam
1179 3632 1325 3689 adhibuit.

196 3702 229 3755 14
328 3704 388 3759 Sed
413 3703 504 3757 Turci
535 3703 667 3773 (Ungros
698 3711 798 3758 nutem
825 3705 868 3758 sie
892 3705 997 3758 vocari
1020 3718 1114 3774 supra
1138 3704 1280 3768 diximus)
1304 3704 1359 3759 Ro-

196 3776 229 3827 15
239 3791 345 3830 nranas
365 3775 538 3845 provincias
556 3776 713 3829 incursare
726 3775 805 3829 soiiti
820 3776 858 3829 ad
873 3781 992 3845 tempus
1005 3777 1098 3843 quieti
1113 3777 1246 3830 inerunt.
1282 3776 1359 3832 Nam

239 3847 303 3900 dux
324 3862 429 3903 eorum
447 3845 614 3901 Bolosudes
634 3853 663 3901 et
683 3848 778 3917 partis
800 3847 959 3901 cuiusdam
981 3848 1121 3917 princeps
1141 3846 1235 3916 Gylas
1253 3864 1360 3917 regern

195 3916 229 3970 16
239 3922 458 3984 convenerunt,
477 3919 628 3987 amboque
647 3923 841 3972 sacrosancto
857 3919 1098 3987 regenerationis
1111 3919 1234 3973 tannero
1248 3920 1358 3974 initiati

238 3996 269 4043 et
288 3990 408 4044 moenis
427 3995 549 4044 nostrae
569 3989 724 4059 religionis
743 3990 850 4044 imbuti
869 4004 906 4043 ac
924 3991 1053 4060 patricia
1076 3989 1226 4061 dignitate
1250 3993 1359 4056 ornati,

239 4062 340 4116 onusti
359 4062 495 4131 pecuniis
514 4062 546 4114 in
567 4075 639 4115 suas
663 4060 750 4114 sedes
774 4060 939 4129 redierunt,
967 4061 1100 4116 adducto
1120 4062 1276 4187 gentines,
1304 4078 1359 4132 per

195 4132 329 4202 liquem
348 4134 433 4188 multi
453 4133 492 4186 od
511 4132 559 4185 dei
579 4132 784 4200 cognitionem
805 4138 1018 4201 pervenerunt.
1056 4132 1101 4187 Ao
1131 4134 1213 4202 sylas
1236 4134 1357 4202 quidem

196 4204 229 4257 18
239 4206 269 4257 in
290 4203 349 4259 tide
368 4205 533 4275 permensit
553 4218 719 4273 pacemque
739 4205 882 4257 servavit.
920 4202 1005 4259 Alter
1024 4204 1156 4270 foedere,
1184 4203 1267 4273 quod
1289 4219 1358 4259 oum

239 4275 297 4330 deo
318 4277 420 4344 iceret,
445 4281 535 4346 rupto
554 4291 639 4329 arma
658 4274 802 4329 Romanis
820 4275 920 4329 intulit
939 4276 1080 4344 idemque
1099 4282 1206 4330 contra
1225 4276 1359 4330 Francos

196 4347 230 4402 19
240 4349 341 4403 iacere
361 4362 526 4419 aggressus
546 4352 653 4419 ceptus
673 4352 717 4402 est
737 4352 767 4401 et
790 4347 821 4401 in
845 4362 967 4401 crucem
990 4355 1084 4402 actus.
1122 4348 1198 4417 Eiga
1226 4362 1358 4419 quoque,
