3050 4775
195 410 353 471 emnvn
371 414 501 475 crvnn
520 416 639 475 turma
658 412 820 475 cernon.
841 412 891 467 nr
910 410 1185 474 ARTABASDVM·
1226 418 1279 476 26⁷

158 604 257 687 μάχαι
278 602 372 666 πάλιν
394 601 539 685 ἐγίνοντο.
586 602 605 667 ό
628 601 663 665 δὲ
682 602 919 674 Κωνσταντῒνος
941 602 977 667 ἐκ
992 600 1202 686 Χαλκηδόνος
1224 626 1279 667 πε-
1290 598 1324 655 13

158 708 310 791 ραιωθελς
340 706 397 789 τὴν
428 706 517 770 πόλιν
549 706 733 788 ἐπολιόρκει,
766 706 838 787 περὶ
864 705 901 769 τά
924 712 1053 789 χερσαῖα
1076 706 1159 789 τείχη
1183 705 1279 787 βαλό-

157 835 254 895 μενος
284 810 422 893 χάρακα.
468 796 661 892 προσβαλὼν
693 808 729 872 δὲ
755 809 858 891 τούτῳ
886 809 940 872 καλ
968 808 1110 893 ἡττηθεὶς
1133 805 1324 890 §nmo-14

158 914 279 998 βασδος
300 920 355 996 τῆς
380 912 505 982 πόλεως
531 911 618 982 ἐντὸς
644 912 836 975 συνέκλεισεν
865 910 976 976 ἑαυτόν
1004 910 1058 975 καλ
1084 916 1139 974 τοῦ
1166 912 1281 994 ταύτην

131 1017 370 1101 ῦφρουρεῖσθαι
391 1015 545 1098 ἀσφαλῶς
567 1014 739 1097 ἐπεμέλετο.
785 1021 841 1078 τοῦ
864 1015 900 1079 δὲ
915 1014 1144 1097 Κοπρωνάμου
1159 1013 1279 1077 θαλασ-
1293 1012 1325 1067 15

158 1125 389 1203 σοκρατοῦντος
416 1117 471 1181 καὶ
496 1116 542 1200 μὴ
571 1117 688 1187 ἐῶντος
715 1115 771 1187 τὰς
800 1117 980 1201 φορτηγοὺς
1008 1117 1147 1188 δλκάδας
1179 1118 1212 1180 ἐν
1243 1123 1281 1199 τῇ

156 1224 245 1287 πόλει
268 1222 433 1301 καταίρειν,
456 1220 546 1303 λιμός
567 1220 641 1291 τοὺς
663 1221 698 1284 ἐν
718 1221 814 1304 ταύτῃ
837 1221 963 1295 ἐπίεζεν,
986 1222 1067 1285 ὥστε
1089 1219 1224 1290 πολλοὺς
1244 1218 1313 1283 tac

156 1327 270 1391 τούτου
304 1324 493 1389 διόλλυσθαι.
538 1324 592 1387 καλ
622 1322 677 1387 τόν
707 1330 763 1387 τοῦ
788 1323 1005 1406 Ἀρταβάοδου
1037 1322 1107 1387 υίδν
1140 1320 1281 1405 Νικήταν
1291 1322 1325 1377 16

158 1430 289 1511 συνέσχε
310 1426 365 1491 καὶ
385 1426 526 1509 πεδήσας
548 1426 704 1489 ἐδείκνυεν
726 1425 823 1490 αὐτόν
844 1434 890 1508 τῷ
913 1427 1013 1507 πατρί
1059 1424 1122 1489 εἶτα
1137 1426 1280 1507 προσβα-
1291 1425 1325 1480 17

114 1532 225 1596 wion
247 1530 342 1602 αὖθις
363 1538 401 1613 τῇ
424 1529 511 1593 πόλει
533 1531 646 1611 ταύτης
664 1530 844 1613 ἐκράτησεν.
890 1530 909 1592 ό
926 1528 960 1593 δὲ
971 1528 1186 1611 Ἂρτάβασδσς
1201 1528 1280 1591 ἀπο·
1292 1529 1326 1585 18

38 1634 239 1717 111346όράς
261 1635 305 1704 είς
328 1632 483 1716 φρούριόν
504 1656 532 1695 τι
553 1637 609 1695 τοῦ
631 1632 772 1715 θέματος
786 1631 936 1714 Ὀψικίου
956 1632 1147 1696 συνέκλεισεν
1170 1629 1283 1695 ἑαυτὸν

159 1738 213 1801 καὶ
235 1735 440 1819 κατασχεθεὶς
461 1741 617 1817 πηροῦται
638 1734 711 1805 τοὺς
727 1734 918 1818 ὀφθαλμοὺς
933 1735 990 1797 σὺν
1004 1740 1068 1805 τοῖς
1084 1734 1172 1797 δυσίν
1187 1734 1282 1797 υἱέσιν

159 1841 266 1903 αὐτοῦ.
311 1838 432 1902 τῶνδὲ
458 1846 505 1921 τῷ
523 1837 730 1920 Ἀρταβάσδῳ
757 1838 1034 1920 συμμαχησάντων
1065 1836 1174 1899 πολλοὶ
1205 1836 1326 1919 ἄνη-19

159 1944 302 2025 ρι’θησαν
323 1940 411 2023 παρὰ
433 1947 489 2004 τοῦ
505 1940 746 2024 Κοπρωνιίμου,
770 1940 824 2003 καὶ
846 1938 910 2021 πρδ
933 1944 997 2003 τῶν
1015 1939 1120 2003 ἄλλων
1135 1938 1281 2022 Βακτάγ-
1341 1974 1344 1981 ,

114 2056 227 2127 15γως
249 2045 268 2108 δ
290 2044 460 2126 πατρίκιος,
492 2048 557 2107 τῶν
579 2043 744 2125 ἐπισήμων
770 2042 861 2124 ἀνήρ,
895 2039 933 2105 οὗ
961 2042 1017 2125 τὴν
1044 2048 1175 2123 γυναῖκα
1204 2040 1327 2124 pauco

158 2149 321 2218 πλείστους
343 2145 502 2217 ἐνιαυτοὺς
517 2146 640 2229 eptam
654 2146 673 2208 ό
688 2145 841 2227 τύραννος
856 2144 1003 2208 ἀπελθεῖν
1019 2146 1062 2215 είς
1076 2144 1132 2227 τὴν
1148 2143 1320 2225 Χώραν,Ι)

157 2252 239 2317 ἔνθα
272 2251 389 2322 ἐκεῖνος
421 2249 585 2331 ἐτέθαπτο,
616 2248 671 2313 καί
699 2248 883 2331 ἀνασκάψαι
909 2246 946 2312 τὰ
968 2253 1024 2313 τοῦ
1048 2246 1165 2331 ἀνδρὸς
1188 2246 1283 2332 αὐτῆς

161 2483 175 2537 l
195 2484 234 2536 δτι
253 2483 269 2535 ό
286 2483 471 2551 Κοπριόνυμος
488 2481 649 2548 περαιωθείς
668 2481 705 2540 είς
721 2481 834 2550 Θράκην
853 2479 900 2550 τὴν
917 2479 994 2534 πόλιν
1005 2479 1154 2547 ἐπολιόρκει
1166 2478 1212 2532 καί
1225 2479 1283 2533 tuti·

159 2576 206 2624 της
224 2554 355 2623 ἐκράτησε
373 2553 420 2607 καί
445 2555 493 2616 (ὅτι
511 2553 536 2606 Ε
554 2568 636 2606 novo
656 2559 839 2621 argumento
859 2551 992 2621 incepto)
1014 2551 1151 2620 ἐτύφλωσε
1170 2550 1214 2604 τόν
1229 2550 1283 2618 Ἀρ·

158 2627 291 2696 τάβαοδον
314 2626 360 2679 καί
383 2624 444 2684 τοὺς
466 2623 541 2684 υἱοὺς
563 2624 644 2678 αὐτοῦ
671 2624 716 2677 καί
741 2625 785 2678 τόν
806 2623 972 2692 πατριάρχην
987 2623 1150 2678 Ἀναστάσιον
1169 2623 1283 2694 δημοσίᾳ

158 2698 247 2768 τότμας
265 2697 468 2766 ἐθριάμβευσεν,
487 2695 533 2750 εἶτ’
551 2695 631 2755 αὖθις
649 2695 815 2766 πατριάρχην
833 2695 911 2750 αὐτόν
930 2696 1015 2750 εἴασεν
1032 2693 1098 2750 τίνω
1118 2691 1166 2750 ΟΕ

215 2913 231 2966 1
250 2912 424 2982 Καλχηδόνος
438 2912 474 2984 p*
487 2913 590 2966 invitis
603 2909 685 2966 ΑΒΝ
756 2911 989 2981 ἳβαλλόμενοςΒ
1062 2911 1233 2980 δέπεμίλητο
1247 2909 1283 2978 p*

215 2985 319 3038 invitis
338 2982 420 3036 ARw
517 2985 552 3038 10
571 2989 639 3054 post
657 2983 729 3036 πόλει
748 2982 818 3036 add.
837 2982 918 3053 βαβαί
937 2990 991 3036 τῶν
1007 2981 1212 3052 άνεξιχνιάστων
1230 2981 1283 3050 (άν-

215 3055 387 3124 εζιχνιάστων
406 3055 457 3122 w*,
485 3055 567 3124 quod
587 3056 763 3109 coniectura
783 3055 894 3108 infelici
913 3055 1042 3108 mutavit
1062 3055 1092 3108 in
1111 3053 1284 3122 ἀνιχνιάστων

215 3131 247 3198 p)
267 3135 313 3180 τοῦ
332 3131 401 3190 (om.
420 3127 497 3197 νῆν)
515 3129 583 3181 θεοῦ
602 3128 708 3194 (κυρίου
727 3124 786 3186 ΒΟ)
806 3126 944 3194 κριμάτων
963 3125 1036 3195 pr
1159 3126 1191 3178 ll
1212 3129 1284 3179 ante

215 3199 327 3267 ὄψικίου
346 3197 416 3251 add.
436 3206 482 3253 τοῦ
500 3195 619 3267 Bwth'
774 3198 808 3251 13
826 3197 871 3251 καὶ
890 3205 943 3252 τῶν
961 3196 1192 3266 συμμαχησάντων
1210 3196 1283 3264 αὐτῷ

214 3269 306 3324 πολλοὶ
318 3270 375 3323 κτλ.
396 3269 469 3340 pr
542 3269 577 3323 14
595 3269 738 3339 βακτάγιος
751 3268 787 3337 Ι),
807 3285 884 3324 corr.
895 3268 946 3328 Dw
1019 3268 1054 3322 li
1072 3268 1244 3338 κατασκάψαι
1261 3267 1284 3323 C

161 3515 287 3569 egresso
307 3499 408 3554 denuo
428 3513 552 3569 pugnae
571 3499 844 3564 committebantur,
873 3503 903 3552 et
923 3497 1139 3553 Constantinus
1164 3496 1284 3552 Cheieo·
1294 3493 1329 3547 13

161 3571 243 3625 done
253 3576 446 3625 transvectus
464 3571 544 3626 iacto
566 3572 647 3624 circa
666 3571 822 3624 terrestria
841 3571 961 3624 moenia
980 3570 1060 3623 vallo
1080 3570 1186 3624 urbem
1201 3570 1284 3623 obsc-

161 3642 214 3696 dit.
252 3641 328 3697 Cum
347 3657 384 3696 co
409 3657 591 3710 congressus
610 3641 801 3695 Artubesdue
820 3646 850 3695 et
869 3642 967 3694 victus
987 3642 1018 3694 in
1037 3641 1144 3695 urbem
1164 3655 1197 3693 eo
1217 3655 1284 3694 con·
1295 3635 1329 3690 14

161 3714 251 3768 ciueit
269 3718 300 3768 et
319 3712 402 3768 dedit
421 3727 553 3782 operam,
581 3717 616 3767 ut
638 3729 676 3766 ea
695 3712 856 3782 diligenter
875 3713 1087 3767 custodiretur.
1125 3711 1184 3766 Sed
1213 3707 1329 3780 quia15

162 3785 375 3854 copronymus
399 3799 484 3838 mare
512 3785 636 3839 tenebat
666 3799 767 3852 neque
799 3785 954 3838 onerarias
986 3799 1081 3837 naves
1112 3782 1152 3836 ad
1177 3784 1283 3836 urbem

161 3855 274 3926 appetii
285 3855 466 3925 patiebatur,
486 3856 595 3910 urbani
614 3860 699 3910 tanta
718 3857 799 3909 farne
814 3855 1037 3924 premebuntur,
1057 3859 1092 3909 ut
1110 3855 1195 3908 multi
1209 3855 1284 3923 peri·

162 3933 238 3982 rent.
276 3926 360 3981 idem
383 3926 527 3987 Nicctarn.
556 3927 718 3980 Artabasdi
738 3927 841 3990 fliium,
869 3928 976 3980 nactus
994 3928 1025 3979 in
1045 3925 1168 3980 vincula
1188 3926 1284 3978 conie·
1295 3922 1329 3974 16

162 4011 245 4054 ctum
259 3999 339 4068 patri
350 3998 537 4052 ostendebat.
575 3998 694 4053 Deinde
706 4013 813 4052 rursus
832 4003 949 4054 tentata
960 3998 1189 4066 oppugnatione
1208 3997 1285 4049 urbe
1298 3993 1329 4047 l'i

164 4072 279 4139 potitus
297 4074 352 4124 est.
389 4067 449 4124 Sed
467 4068 658 4124 Artabaedun
677 4070 799 4138 elapsus
818 4070 848 4122 in
868 4068 1023 4122 castellum
1044 4067 1196 4137 quoddam
1217 4082 1285 4136 pro·
1296 4064 1329 4117 18

163 4142 284 4196 vinciae
308 4139 418 4210 Opeicii
446 4155 479 4194 sc
498 4142 621 4209 recepit,
649 4141 702 4194 ubi
722 4141 958 4209 comprehensus
987 4155 1054 4194 curn
1075 4139 1195 4193 duobus
1222 4139 1284 4192 onie

163 4213 231 4266 nun
264 4218 457 4268 excaecatur.
494 4209 572 4267 Sunt
600 4218 631 4267 et
649 4211 878 4267 foederatorum
898 4210 1060 4266 Artauasdi
1089 4209 1174 4263 multi
1193 4225 1212 4262 a
1232 4208 1282 4262 Co·
1296 4206 1329 4259 19

162 4299 311 4353 pronymo
331 4284 482 4338 interiecti
507 4290 537 4337 et
556 4299 630 4352 prae
649 4284 757 4337 ceteris
777 4283 963 4351 Bactnngius
982 4283 1135 4352 patricium
1155 4281 1202 4334 vir
1220 4281 1284 4334 iiiu-

162 4357 247 4422 σιτία,
267 4355 355 4409 cuiue
373 4370 501 4410 uxorem
520 4361 588 4424 post
607 4356 752 4424 plurimos
773 4370 869 4409 annos
890 4357 920 4408 in
939 4354 1155 4408 monasterium
1167 4351 1330 4406 Chorae‘20

162 4427 249 4482 abire
268 4426 370 4496 coegit
387 4431 545 4496 tyrannus,
575 4427 629 4482 ubi
654 4426 704 4482 ille
727 4427 866 4498 sepultus
886 4431 959 4494 erat,
991 4429 1021 4480 ct
1039 4427 1156 4481 refossa
1184 4425 1284 4480 mariti
