<?xml version="1.0" encoding="UTF-8"?>
<!DOCTYPE html PUBLIC "-//W3C//DTD XHTML 1.0 Transitional//EN"
    "http://www.w3.org/TR/xhtml1/DTD/xhtml1-transitional.dtd">
<html xmlns="http://www.w3.org/1999/xhtml" xml:lang="en" lang="en">
 <head>
  <title>
</title>
<meta http-equiv="Content-Type" content="text/html;charset=utf-8" />
  <meta name='ocr-system' content='tesseract 3.04.00' />
  <meta name='ocr-capabilities' content='ocr_page ocr_carea ocr_par ocr_line ocrx_word'/>
</head>
<body>
  <div class='ocr_page' id='page_1' title='image "./corpusscriptoru01theogoog/corpusscriptoru01theogoog_0436.png"; bbox 0 0 3050 4775; ppageno 0'>
   <div class='ocr_carea' id='block_1_1' title="bbox 252 429 1063 507">
    <p class='ocr_par' dir='ltr' id='par_1_1' title="bbox 252 429 1063 507">
     <span class='ocr_line' id='line_1_1' title="bbox 252 429 1063 507; baseline -0.002 -13"><span class='ocrx_word' id='word_1_1' title='bbox 252 433 305 494; x_wconf 83' lang='grc'><strong>398</strong></span> <span class='ocrx_word' id='word_1_2' title='bbox 561 431 695 496; x_wconf 78' lang='lat' dir='ltr'>ZONAR.</span> <span class='ocrx_word' id='word_1_3' title='bbox 716 429 816 492; x_wconf 79' lang='lat' dir='ltr'><strong>EPi&#39;P.</strong></span> <span class='ocrx_word' id='word_1_4' title='bbox 834 429 904 493; x_wconf 78' lang='lat' dir='ltr'><strong>titt</strong></span> <span class='ocrx_word' id='word_1_5' title='bbox 921 435 947 507; x_wconf 83' lang='lat' dir='ltr'><strong>l,</strong></span> <span class='ocrx_word' id='word_1_6' title='bbox 965 432 1063 494; x_wconf 78' lang='lat'><strong>2-12.</strong></span> 
     </span>
    </p>
   </div>
   <div class='ocr_carea' id='block_1_2' title="bbox 212 617 1400 1324">
    <p class='ocr_par' dir='ltr' id='par_1_2' title="bbox 212 617 1400 1324">
     <span class='ocr_line' id='line_1_2' title="bbox 250 617 1373 704; baseline 0.001 -21"><span class='ocrx_word' id='word_1_7' title='bbox 250 619 350 694; x_wconf 82' lang='grc' dir='ltr'><strong><em>λαζεν,</em></strong></span> <span class='ocrx_word' id='word_1_8' title='bbox 384 621 443 684; x_wconf 82' lang='grc' dir='ltr'><strong>οὐκ</strong></span> <span class='ocrx_word' id='word_1_9' title='bbox 476 619 581 684; x_wconf 77' lang='grc' dir='ltr'><strong><em>ἄλλων</em></strong></span> <span class='ocrx_word' id='word_1_10' title='bbox 613 621 836 704; x_wconf 66' lang='grc' dir='ltr'><strong><em>ἡνιοχοίιντων,</em></strong></span> <span class='ocrx_word' id='word_1_11' title='bbox 868 621 966 684; x_wconf 78' lang='grc' dir='ltr'><strong><em>αὐτοῦ</em></strong></span> <span class='ocrx_word' id='word_1_12' title='bbox 997 617 1025 685; x_wconf 88' lang='grc' dir='ltr'><strong>δ’</strong></span> <span class='ocrx_word' id='word_1_13' title='bbox 1050 621 1171 686; x_wconf 72' lang='grc' dir='ltr'><strong><em>ἐκείνου</em></strong></span> <span class='ocrx_word' id='word_1_14' title='bbox 1201 626 1256 684; x_wconf 86' lang='grc' dir='ltr'><strong>τοῦ</strong></span> <span class='ocrx_word' id='word_1_15' title='bbox 1279 618 1373 684; x_wconf 84' lang='grc' dir='ltr'><strong><em>αδτο-</em></strong></span> 
     </span>
     <span class='ocr_line' id='line_1_3' title="bbox 250 723 1371 806; baseline 0.001 -21"><span class='ocrx_word' id='word_1_16' title='bbox 250 723 406 805; x_wconf 90' lang='grc' dir='ltr'><strong><em>κράτσρος</em></strong></span> <span class='ocrx_word' id='word_1_17' title='bbox 428 723 482 786; x_wconf 79' lang='grc' dir='ltr'><strong>καί</strong></span> <span class='ocrx_word' id='word_1_18' title='bbox 505 723 797 806; x_wconf 77' lang='grc' dir='ltr'><strong><em>δρματηλοτοῦντος</em></strong></span> <span class='ocrx_word' id='word_1_19' title='bbox 825 729 880 787; x_wconf 81' lang='grc' dir='ltr'><strong>τοῦ</strong></span> <span class='ocrx_word' id='word_1_20' title='bbox 904 723 1100 805; x_wconf 79' lang='grc' dir='ltr'><em>Αὐγούστου,</em></span> <span class='ocrx_word' id='word_1_21' title='bbox 1134 723 1189 786; x_wconf 78' lang='grc' dir='ltr'><strong>καί</strong></span> <span class='ocrx_word' id='word_1_22' title='bbox 1217 724 1371 805; x_wconf 82' lang='grc' dir='ltr'><strong><em>ἀγωνιζο-</em></strong></span> 
     </span>
     <span class='ocr_line' id='line_1_4' title="bbox 248 825 1372 910; baseline 0 -22"><span class='ocrx_word' id='word_1_23' title='bbox 248 825 348 908; x_wconf 73' lang='grc' dir='ltr'><strong><em>μένου</em></strong></span> <span class='ocrx_word' id='word_1_24' title='bbox 370 830 426 889; x_wconf 90' lang='grc' dir='ltr'><strong>τοῦ</strong></span> <span class='ocrx_word' id='word_1_25' title='bbox 447 826 601 908; x_wconf 85' lang='grc' dir='ltr'><strong><em>βασιλέως</em></strong></span> <span class='ocrx_word' id='word_1_26' title='bbox 623 825 676 888; x_wconf 73' lang='grc' dir='ltr'><strong>καί</strong></span> <span class='ocrx_word' id='word_1_27' title='bbox 700 825 767 888; x_wconf 80' lang='grc' dir='ltr'><strong><em>ἀντὶ</em></strong></span> <span class='ocrx_word' id='word_1_28' title='bbox 789 831 843 909; x_wconf 84' lang='grc' dir='ltr'><strong>τῆς</strong></span> <span class='ocrx_word' id='word_1_29' title='bbox 865 826 1023 908; x_wconf 79' lang='grc' dir='ltr'><strong><em>βασιλείου</em></strong></span> <span class='ocrx_word' id='word_1_30' title='bbox 1042 827 1152 910; x_wconf 78' lang='grc' dir='ltr'><em>στολῆς</em></span> <span class='ocrx_word' id='word_1_31' title='bbox 1167 825 1372 895; x_wconf 76' lang='grc' dir='ltr'><strong><em>ἐνδεδυκότος</em></strong></span> 
     </span>
     <span class='ocr_line' id='line_1_5' title="bbox 223 925 1373 1011; baseline -0.001 -20"><span class='ocrx_word' id='word_1_32' title='bbox 223 925 379 1010; x_wconf 78' lang='grc' dir='ltr'><strong><em>δὴνιόχσυ</em></strong></span> <span class='ocrx_word' id='word_1_33' title='bbox 411 929 536 1010; x_wconf 84' lang='grc' dir='ltr'><strong><em>σκευήν.</em></strong></span> <span class='ocrx_word' id='word_1_34' title='bbox 583 928 622 992; x_wconf 81' lang='grc' dir='ltr'><strong>οδ</strong></span> <span class='ocrx_word' id='word_1_35' title='bbox 654 933 745 991; x_wconf 88' lang='grc' dir='ltr'><strong><em>τοῦτο</em></strong></span> <span class='ocrx_word' id='word_1_36' title='bbox 774 927 808 992; x_wconf 79' lang='grc' dir='ltr'><strong>δὲ</strong></span> <span class='ocrx_word' id='word_1_37' title='bbox 835 928 937 1010; x_wconf 89' lang='grc' dir='ltr'><strong><em>μόνον</em></strong></span> <span class='ocrx_word' id='word_1_38' title='bbox 963 927 1002 1011; x_wconf 80' lang='grc' dir='ltr'><strong>ἦν</strong></span> <span class='ocrx_word' id='word_1_39' title='bbox 1028 927 1064 991; x_wconf 92' lang='grc' dir='ltr'><strong>τδ</strong></span> <span class='ocrx_word' id='word_1_40' title='bbox 1092 928 1204 1008; x_wconf 82' lang='grc' dir='ltr'><strong><em>δεινόν,</em></strong></span> <span class='ocrx_word' id='word_1_41' title='bbox 1236 926 1303 990; x_wconf 79' lang='lat' dir='ltr'><strong>dll’</strong></span> <span class='ocrx_word' id='word_1_42' title='bbox 1327 928 1373 990; x_wconf 88' lang='grc' dir='ltr'><strong>ότι</strong></span> 
     </span>
     <span class='ocr_line' id='line_1_6' title="bbox 249 1029 1400 1113; baseline 0.002 -21"><span class='ocrx_word' id='word_1_43' title='bbox 249 1029 303 1092; x_wconf 79' lang='grc' dir='ltr'><strong>καὶ</strong></span> <span class='ocrx_word' id='word_1_44' title='bbox 330 1029 403 1100; x_wconf 84' lang='grc' dir='ltr'><strong><em>τοὺς</em></strong></span> <span class='ocrx_word' id='word_1_45' title='bbox 431 1029 464 1093; x_wconf 76' lang='grc' dir='ltr'><strong>ἐν</strong></span> <span class='ocrx_word' id='word_1_46' title='bbox 493 1030 649 1112; x_wconf 75' lang='grc' dir='ltr'>ἀξιώμασι</span> <span class='ocrx_word' id='word_1_47' title='bbox 675 1030 729 1094; x_wconf 79' lang='grc' dir='ltr'><strong>καὶ</strong></span> <span class='ocrx_word' id='word_1_48' title='bbox 751 1036 853 1112; x_wconf 84' lang='grc' dir='ltr'><strong><em>τιμαῖς</em></strong></span> <span class='ocrx_word' id='word_1_49' title='bbox 874 1031 1085 1113; x_wconf 78' lang='grc' dir='ltr'><strong><em>ὑπερέχοντας</em></strong></span> <span class='ocrx_word' id='word_1_50' title='bbox 1106 1029 1180 1100; x_wconf 84' lang='grc' dir='ltr'><strong><em>τοὺς</em></strong></span> <span class='ocrx_word' id='word_1_51' title='bbox 1201 1029 1260 1113; x_wconf 77' lang='grc' dir='ltr'><strong>μὲν</strong></span> <span class='ocrx_word' id='word_1_52' title='bbox 1283 1029 1400 1112; x_wconf 59' lang='lat' dir='ltr'><strong>attath</strong></span> 
     </span>
     <span class='ocr_line' id='line_1_7' title="bbox 212 1129 1372 1216; baseline -0.002 -20"><span class='ocrx_word' id='word_1_53' title='bbox 212 1132 527 1214; x_wconf 78' lang='grc' dir='ltr'><strong><em>Βουναγωνίζεσθαι,</em></strong></span> <span class='ocrx_word' id='word_1_54' title='bbox 559 1131 632 1203; x_wconf 84' lang='grc' dir='ltr'><strong><em>τοὺς</em></strong></span> <span class='ocrx_word' id='word_1_55' title='bbox 661 1129 689 1196; x_wconf 91' lang='grc' dir='ltr'><strong>δ’</strong></span> <span class='ocrx_word' id='word_1_56' title='bbox 717 1133 984 1216; x_wconf 74' lang='grc' dir='ltr'><strong><em>ἀνταγωνίζεσθαι</em></strong></span> <span class='ocrx_word' id='word_1_57' title='bbox 1016 1133 1050 1196; x_wconf 75' lang='grc' dir='ltr'><strong>ἓν</strong></span> <span class='ocrx_word' id='word_1_58' title='bbox 1081 1139 1147 1204; x_wconf 86' lang='grc' dir='ltr'><strong><em>ταῖς</em></strong></span> <span class='ocrx_word' id='word_1_59' title='bbox 1173 1137 1238 1195; x_wconf 86' lang='grc' dir='ltr'><strong>τῶν</strong></span> <span class='ocrx_word' id='word_1_60' title='bbox 1266 1133 1372 1195; x_wconf 68' lang='grc' dir='ltr'><strong><em>ἵππων</em></strong></span> 
     </span>
     <span class='ocr_line' id='line_1_8' title="bbox 222 1233 1372 1324; baseline 0 -26"><span class='ocrx_word' id='word_1_61' title='bbox 222 1234 392 1317; x_wconf 78' lang='grc' dir='ltr'><strong><em>4ἁμίλλαις</em></strong></span> <span class='ocrx_word' id='word_1_62' title='bbox 423 1235 476 1298; x_wconf 76' lang='grc' dir='ltr'><strong>καί</strong></span> <span class='ocrx_word' id='word_1_63' title='bbox 508 1235 733 1318; x_wconf 76' lang='grc' dir='ltr'><strong><em>ἁρματηλατεῖν</em></strong></span> <span class='ocrx_word' id='word_1_64' title='bbox 764 1236 990 1324; x_wconf 74' lang='grc' dir='ltr'><strong><em>κατηνάγκαζε.</em></strong></span> <span class='ocrx_word' id='word_1_65' title='bbox 1035 1235 1111 1300; x_wconf 80' lang='grc' dir='ltr'><strong><em>ποτὲ</em></strong></span> <span class='ocrx_word' id='word_1_66' title='bbox 1141 1236 1245 1298; x_wconf 82' lang='grc' dir='ltr'><strong><em>τοίνυν</em></strong></span> <span class='ocrx_word' id='word_1_67' title='bbox 1277 1233 1372 1304; x_wconf 81' lang='grc' dir='ltr'><strong><em>αὐτὸς</em></strong></span> 
     </span>
    </p>
   </div>
   <div class='ocr_carea' id='block_1_3' title="bbox 57 1336 1509 2240">
    <p class='ocr_par' dir='ltr' id='par_1_3' title="bbox 57 1336 1509 2240">
     <span class='ocr_line' id='line_1_9' title="bbox 249 1336 1370 1420; baseline -0.001 -20"><span class='ocrx_word' id='word_1_68' title='bbox 249 1336 308 1419; x_wconf 71' lang='grc' dir='ltr'><strong>μὲν</strong></span> <span class='ocrx_word' id='word_1_69' title='bbox 335 1337 488 1420; x_wconf 81' lang='grc' dir='ltr'><strong><em>ἠμφίεστο</em></strong></span> <span class='ocrx_word' id='word_1_70' title='bbox 514 1337 549 1401; x_wconf 88' lang='grc' dir='ltr'><strong>τὸ</strong></span> <span class='ocrx_word' id='word_1_71' title='bbox 576 1342 692 1420; x_wconf 83' lang='grc' dir='ltr'><strong><em>χρῶμα</em></strong></span> <span class='ocrx_word' id='word_1_72' title='bbox 721 1337 755 1402; x_wconf 86' lang='grc' dir='ltr'><strong>τὸ</strong></span> <span class='ocrx_word' id='word_1_73' title='bbox 784 1339 919 1420; x_wconf 81' lang='grc' dir='ltr'><strong><em>βένετσν,</em></strong></span> <span class='ocrx_word' id='word_1_74' title='bbox 952 1337 971 1400; x_wconf 91' lang='grc' dir='ltr'><strong><em>ό</em></strong></span> <span class='ocrx_word' id='word_1_75' title='bbox 995 1337 1029 1401; x_wconf 80' lang='grc' dir='ltr'><strong>δὲ</strong></span> <span class='ocrx_word' id='word_1_76' title='bbox 1051 1343 1107 1401; x_wconf 87' lang='grc' dir='ltr'><strong>τοῦ</strong></span> <span class='ocrx_word' id='word_1_77' title='bbox 1131 1336 1255 1420; x_wconf 92' lang='grc' dir='ltr'><strong><em>δρόμου</em></strong></span> <span class='ocrx_word' id='word_1_78' title='bbox 1278 1337 1370 1418; x_wconf 78' lang='grc' dir='ltr'><strong><em>λογο-</em></strong></span> 
     </span>
     <span class='ocr_line' id='line_1_10' title="bbox 250 1438 1509 1523; baseline 0 -21"><span class='ocrx_word' id='word_1_79' title='bbox 250 1439 345 1521; x_wconf 78' lang='grc' dir='ltr'><strong><em>θέτης</em></strong></span> <span class='ocrx_word' id='word_1_80' title='bbox 376 1439 411 1503; x_wconf 88' lang='grc' dir='ltr'><strong>τὸ</strong></span> <span class='ocrx_word' id='word_1_81' title='bbox 442 1439 603 1522; x_wconf 84' lang='grc' dir='ltr'><strong><em>πράσινον,</em></strong></span> <span class='ocrx_word' id='word_1_82' title='bbox 635 1439 689 1504; x_wconf 78' lang='grc' dir='ltr'><strong>καὶ</strong></span> <span class='ocrx_word' id='word_1_83' title='bbox 716 1441 814 1522; x_wconf 80' lang='grc' dir='ltr'><strong><em>ἕτεροι</em></strong></span> <span class='ocrx_word' id='word_1_84' title='bbox 842 1445 906 1503; x_wconf 84' lang='grc' dir='ltr'><strong>τῶν</strong></span> <span class='ocrx_word' id='word_1_85' title='bbox 936 1440 1187 1523; x_wconf 72' lang='grc' dir='ltr'><strong><em>ἐπιφανεστέραν</em></strong></span> <span class='ocrx_word' id='word_1_86' title='bbox 1208 1438 1245 1502; x_wconf 80' lang='grc' dir='ltr'><strong>τὰ</strong></span> <span class='ocrx_word' id='word_1_87' title='bbox 1268 1441 1410 1521; x_wconf 75' lang='grc' dir='ltr'><strong><em>ἔτεραἹ)</em></strong></span> <span class='ocrx_word' id='word_1_88' title='bbox 1424 1449 1464 1504; x_wconf 83' lang='lat' dir='ltr'><strong>lv</strong></span> <span class='ocrx_word' id='word_1_89' title='bbox 1477 1449 1509 1502; x_wconf 72' lang='lat'><strong>12</strong></span> 
     </span>
     <span class='ocr_line' id='line_1_11' title="bbox 223 1541 1420 1626; baseline 0.001 -19"><span class='ocrx_word' id='word_1_90' title='bbox 223 1541 303 1607; x_wconf 77' lang='lat' dir='ltr'><strong>baal</strong></span> <span class='ocrx_word' id='word_1_91' title='bbox 326 1541 387 1624; x_wconf 78' lang='grc' dir='ltr'><strong>ἤδη</strong></span> <span class='ocrx_word' id='word_1_92' title='bbox 411 1547 476 1606; x_wconf 89' lang='grc' dir='ltr'><strong>τῶν</strong></span> <span class='ocrx_word' id='word_1_93' title='bbox 499 1542 651 1626; x_wconf 82' lang='grc' dir='ltr'><strong><em>ἁρμάτων</em></strong></span> <span class='ocrx_word' id='word_1_94' title='bbox 674 1543 839 1626; x_wconf 74' lang='grc' dir='ltr'><strong><em>ἐπέβησαν.</em></strong></span> <span class='ocrx_word' id='word_1_95' title='bbox 885 1543 919 1606; x_wconf 78' lang='grc' dir='ltr'><strong>δν</strong></span> <span class='ocrx_word' id='word_1_96' title='bbox 946 1543 1049 1624; x_wconf 87' lang='grc' dir='ltr'><strong><em>τούτῳ</em></strong></span> <span class='ocrx_word' id='word_1_97' title='bbox 1077 1542 1111 1605; x_wconf 81' lang='grc' dir='ltr'><strong>δὲ</strong></span> <span class='ocrx_word' id='word_1_98' title='bbox 1134 1541 1303 1624; x_wconf 86' lang='grc' dir='ltr'><strong><em>γράμματα</em></strong></span> <span class='ocrx_word' id='word_1_99' title='bbox 1326 1548 1374 1624; x_wconf 79' lang='grc' dir='ltr'><strong>τῷ</strong></span> <span class='ocrx_word' id='word_1_100' title='bbox 1384 1555 1420 1608; x_wconf 85' lang='grc'><strong>10</strong></span> 
     </span>
     <span class='ocr_line' id='line_1_12' title="bbox 82 1644 1372 1728; baseline -0.004 -17"><span class='ocrx_word' id='word_1_101' title='bbox 82 1653 119 1712; x_wconf 87' lang='lat' dir='ltr'>W</span> <span class='ocrx_word' id='word_1_102' title='bbox 134 1654 177 1710; x_wconf 90' lang='lat' dir='ltr'><strong>III</strong></span> <span class='ocrx_word' id='word_1_103' title='bbox 189 1655 241 1710; x_wconf 79' lang='lat'><strong>129</strong></span> <span class='ocrx_word' id='word_1_104' title='bbox 250 1645 497 1728; x_wconf 86' lang='grc' dir='ltr'><strong><em>πρωτονοταρίῳ</em></strong></span> <span class='ocrx_word' id='word_1_105' title='bbox 526 1651 581 1708; x_wconf 88' lang='grc' dir='ltr'><strong>τοῦ</strong></span> <span class='ocrx_word' id='word_1_106' title='bbox 606 1644 729 1728; x_wconf 91' lang='grc' dir='ltr'><strong><em>δρόμου</em></strong></span> <span class='ocrx_word' id='word_1_107' title='bbox 752 1645 840 1727; x_wconf 86' lang='grc' dir='ltr'><strong><em>παρά</em></strong></span> <span class='ocrx_word' id='word_1_108' title='bbox 863 1669 919 1707; x_wconf 90' lang='grc' dir='ltr'><strong>του</strong></span> <span class='ocrx_word' id='word_1_109' title='bbox 941 1645 1147 1727; x_wconf 89' lang='grc' dir='ltr'><strong><em>πεφθακότος</em></strong></span> <span class='ocrx_word' id='word_1_110' title='bbox 1170 1645 1238 1725; x_wconf 77' lang='grc' dir='ltr'><strong><em>ἄρτι</em></strong></span> <span class='ocrx_word' id='word_1_111' title='bbox 1261 1644 1372 1726; x_wconf 79' lang='grc' dir='ltr'><strong><em>ἐνεχει-</em></strong></span> 
     </span>
     <span class='ocr_line' id='line_1_13' title="bbox 251 1745 1372 1830; baseline -0.003 -20"><span class='ocrx_word' id='word_1_112' title='bbox 251 1749 416 1830; x_wconf 87' lang='grc' dir='ltr'><strong><em>ρίσθησαν,</em></strong></span> <span class='ocrx_word' id='word_1_113' title='bbox 441 1747 488 1818; x_wconf 87' lang='grc' dir='ltr'><strong>ὡς</strong></span> <span class='ocrx_word' id='word_1_114' title='bbox 511 1747 544 1811; x_wconf 78' lang='grc' dir='ltr'><strong>δν</strong></span> <span class='ocrx_word' id='word_1_115' title='bbox 566 1753 629 1818; x_wconf 85' lang='grc' dir='ltr'><strong><em>τοῖς</em></strong></span> <span class='ocrx_word' id='word_1_116' title='bbox 646 1747 851 1830; x_wconf 77' lang='grc' dir='ltr'><strong><em>Μελαγγείοις</em></strong></span> <span class='ocrx_word' id='word_1_117' title='bbox 873 1747 1193 1829; x_wconf 75' lang='grc' dir='ltr'><strong><em>ἐστρατοπεδεύσαντο</em></strong></span> <span class='ocrx_word' id='word_1_118' title='bbox 1217 1748 1248 1808; x_wconf 82' lang='grc' dir='ltr'><strong>οἳ</strong></span> <span class='ocrx_word' id='word_1_119' title='bbox 1262 1745 1372 1827; x_wconf 84' lang='grc' dir='ltr'><strong><em>Σαρα-</em></strong></span> 
     </span>
     <span class='ocr_line' id='line_1_14' title="bbox 251 1847 1373 1933; baseline -0.002 -21"><span class='ocrx_word' id='word_1_120' title='bbox 251 1849 342 1932; x_wconf 78' lang='grc' dir='ltr'><strong><em>κηνοὶ</em></strong></span> <span class='ocrx_word' id='word_1_121' title='bbox 365 1850 596 1933; x_wconf 81' lang='grc' dir='ltr'><strong><em>διαγγέλλοντα·</em></strong></span> <span class='ocrx_word' id='word_1_122' title='bbox 621 1855 715 1913; x_wconf 86' lang='grc' dir='ltr'><strong><em>ταῦτα</em></strong></span> <span class='ocrx_word' id='word_1_123' title='bbox 741 1847 769 1913; x_wconf 89' lang='grc' dir='ltr'><strong>δ’</strong></span> <span class='ocrx_word' id='word_1_124' title='bbox 794 1851 868 1912; x_wconf 77' lang='grc' dir='ltr'><strong><em>εἰσίν</em></strong></span> <span class='ocrx_word' id='word_1_125' title='bbox 883 1851 903 1912; x_wconf 84' lang='grc' dir='ltr'><em>ἃ</em></span> <span class='ocrx_word' id='word_1_126' title='bbox 919 1855 976 1913; x_wconf 84' lang='grc' dir='ltr'><strong>νῦν</strong></span> <span class='ocrx_word' id='word_1_127' title='bbox 994 1849 1216 1931; x_wconf 81' lang='grc' dir='ltr'><strong><em>ἀγροικότερον</em></strong></span> <span class='ocrx_word' id='word_1_128' title='bbox 1238 1847 1373 1911; x_wconf 83' lang='grc' dir='ltr'><strong><em>καλεῖται</em></strong></span> 
     </span>
     <span class='ocr_line' id='line_1_15' title="bbox 224 1949 1372 2035; baseline -0.003 -19"><span class='ocrx_word' id='word_1_129' title='bbox 224 1951 429 2034; x_wconf 78' lang='grc' dir='ltr'><strong><em>6Μαλάγινα.</em></strong></span> <span class='ocrx_word' id='word_1_130' title='bbox 475 1952 494 2016; x_wconf 90' lang='grc' dir='ltr'><strong><em>δ</em></strong></span> <span class='ocrx_word' id='word_1_131' title='bbox 522 1957 599 2035; x_wconf 80' lang='grc' dir='ltr'><strong><em>γοῦν</em></strong></span> <span class='ocrx_word' id='word_1_132' title='bbox 625 1951 879 2034; x_wconf 85' lang='grc' dir='ltr'><strong><em>πρωτονοτάριος</em></strong></span> <span class='ocrx_word' id='word_1_133' title='bbox 908 1950 1148 2034; x_wconf 75' lang='grc' dir='ltr'><strong><em>σκυθρωπάσας</em></strong></span> <span class='ocrx_word' id='word_1_134' title='bbox 1176 1949 1225 2013; x_wconf 76' lang='lat' dir='ltr'><strong>tul</strong></span> <span class='ocrx_word' id='word_1_135' title='bbox 1251 1955 1289 2033; x_wconf 80' lang='grc' dir='ltr'><strong>τῇ</strong></span> <span class='ocrx_word' id='word_1_136' title='bbox 1316 1950 1372 2031; x_wconf 82' lang='grc' dir='ltr'><strong>ἀγ-</strong></span> 
     </span>
     <span class='ocr_line' id='line_1_16' title="bbox 252 2052 1418 2138; baseline 0 -20"><span class='ocrx_word' id='word_1_137' title='bbox 252 2055 335 2137; x_wconf 80' lang='grc' dir='ltr'><strong><em>γελίη</em></strong></span> <span class='ocrx_word' id='word_1_138' title='bbox 362 2053 525 2138; x_wconf 77' lang='grc' dir='ltr'><strong><em>προσῆλθε</em></strong></span> <span class='ocrx_word' id='word_1_139' title='bbox 553 2061 599 2136; x_wconf 78' lang='grc' dir='ltr'><strong>τῷ</strong></span> <span class='ocrx_word' id='word_1_140' title='bbox 625 2053 746 2137; x_wconf 78' lang='grc' dir='ltr'><strong><em>βασιλεῖ</em></strong></span> <span class='ocrx_word' id='word_1_141' title='bbox 771 2055 825 2118; x_wconf 77' lang='grc' dir='ltr'><strong>καί</strong></span> <span class='ocrx_word' id='word_1_142' title='bbox 846 2059 942 2117; x_wconf 81' lang='grc' dir='ltr'><strong><em>ταῦτα</em></strong></span> <span class='ocrx_word' id='word_1_143' title='bbox 966 2053 1110 2117; x_wconf 71' lang='grc' dir='ltr'><strong><em>ἐδίδασκε</em></strong></span> <span class='ocrx_word' id='word_1_144' title='bbox 1132 2053 1186 2116; x_wconf 76' lang='grc' dir='ltr'><strong>καί</strong></span> <span class='ocrx_word' id='word_1_145' title='bbox 1207 2052 1418 2118; x_wconf 64' lang='lat' dir='ltr'><strong>hactetenus</strong></span> 
     </span>
     <span class='ocr_line' id='line_1_17' title="bbox 57 2153 1373 2240; baseline -0.003 -18"><span class='ocrx_word' id='word_1_146' title='bbox 57 2156 289 2224; x_wconf 78' lang='lat' dir='ltr'><strong>P11160Atrd</strong></span> <span class='ocrx_word' id='word_1_147' title='bbox 313 2157 492 2240; x_wconf 83' lang='grc' dir='ltr'><strong><em>γράμματα.</em></strong></span> <span class='ocrx_word' id='word_1_148' title='bbox 540 2156 558 2220; x_wconf 90' lang='grc' dir='ltr'><strong><em>δ</em></strong></span> <span class='ocrx_word' id='word_1_149' title='bbox 583 2155 617 2220; x_wconf 77' lang='grc' dir='ltr'><strong>δὲ</strong></span> <span class='ocrx_word' id='word_1_150' title='bbox 640 2156 766 2238; x_wconf 77' lang='grc' dir='ltr'><strong><em>ὀργίλον</em></strong></span> <span class='ocrx_word' id='word_1_151' title='bbox 788 2157 892 2220; x_wconf 78' lang='grc' dir='ltr'><strong><em>τεκαὶ</em></strong></span> <span class='ocrx_word' id='word_1_152' title='bbox 913 2155 1048 2240; x_wconf 89' lang='grc' dir='ltr'><strong><em>μανικόν</em></strong></span> <span class='ocrx_word' id='word_1_153' title='bbox 1070 2155 1159 2238; x_wconf 71' lang='grc' dir='ltr'><strong><em>αὐτῷ</em></strong></span> <span class='ocrx_word' id='word_1_154' title='bbox 1181 2153 1295 2219; x_wconf 75' lang='grc' dir='ltr'><strong><em>ἐνιδὼν</em></strong></span> <span class='ocrx_word' id='word_1_155' title='bbox 1315 2154 1373 2218; x_wconf 67' lang='lat' dir='ltr'><strong>“a</strong></span> 
     </span>
    </p>
   </div>
   <div class='ocr_carea' id='block_1_4' title="bbox 255 2379 1328 2455">
    <p class='ocr_par' dir='ltr' id='par_1_4' title="bbox 255 2379 1328 2455">
     <span class='ocr_line' id='line_1_18' title="bbox 255 2379 1328 2455; baseline 0 -18"><span class='ocrx_word' id='word_1_156' title='bbox 255 2381 272 2437; x_wconf 77' lang='lat' dir='ltr'><strong>l</strong></span> <span class='ocrx_word' id='word_1_157' title='bbox 291 2382 364 2444; x_wconf 82' lang='grc' dir='ltr'><strong><em>διτως</em></strong></span> <span class='ocrx_word' id='word_1_158' title='bbox 384 2382 431 2448; x_wconf 88' lang='grc' dir='ltr'><strong><em>(δτι</em></strong></span> <span class='ocrx_word' id='word_1_159' title='bbox 451 2381 485 2449; x_wconf 90' lang='grc' dir='ltr'><strong>Ε)</strong></span> <span class='ocrx_word' id='word_1_160' title='bbox 505 2387 558 2437; x_wconf 84' lang='grc' dir='ltr'><strong>τῶν</strong></span> <span class='ocrx_word' id='word_1_161' title='bbox 576 2389 675 2437; x_wconf 82' lang='grc' dir='ltr'><strong><em>κοινῶν</em></strong></span> <span class='ocrx_word' id='word_1_162' title='bbox 693 2381 847 2453; x_wconf 72' lang='grc' dir='ltr'><strong><em>ἐφρόντιζεν</em></strong></span> <span class='ocrx_word' id='word_1_163' title='bbox 865 2383 881 2438; x_wconf 90' lang='grc' dir='ltr'><strong><em>δ</em></strong></span> <span class='ocrx_word' id='word_1_164' title='bbox 896 2383 1028 2455; x_wconf 72' lang='grc' dir='ltr'><strong><em>βέλτιστος</em></strong></span> <span class='ocrx_word' id='word_1_165' title='bbox 1044 2381 1168 2454; x_wconf 70' lang='grc' dir='ltr'><strong><em>βασιλεὺς</em></strong></span> <span class='ocrx_word' id='word_1_166' title='bbox 1185 2381 1262 2443; x_wconf 77' lang='grc' dir='ltr'><strong><em>οὗτος</em></strong></span> <span class='ocrx_word' id='word_1_167' title='bbox 1280 2379 1328 2439; x_wconf 79' lang='grc' dir='ltr'><strong>ΟΕ</strong></span> 
     </span>
    </p>
   </div>
   <div class='ocr_carea' id='block_1_5' title="bbox 306 2586 1374 3445">
    <p class='ocr_par' dir='ltr' id='par_1_5' title="bbox 306 2586 1374 3088">
     <span class='ocr_line' id='line_1_19' title="bbox 310 2586 1373 2659; baseline 0 -16"><span class='ocrx_word' id='word_1_168' title='bbox 310 2589 322 2643; x_wconf 95' lang='lat' dir='ltr'>l</span> <span class='ocrx_word' id='word_1_169' title='bbox 344 2587 373 2643; x_wconf 83' lang='grc' dir='ltr'><strong>δὲ</strong></span> <span class='ocrx_word' id='word_1_170' title='bbox 391 2587 419 2641; x_wconf 89' lang='grc' dir='ltr'><strong>Ι)</strong></span> <span class='ocrx_word' id='word_1_171' title='bbox 492 2588 574 2643; x_wconf 67' lang='lat' dir='ltr'><strong>tuat</strong></span> <span class='ocrx_word' id='word_1_172' title='bbox 592 2596 663 2645; x_wconf 81' lang='lat' dir='ltr'><strong>ante</strong></span> <span class='ocrx_word' id='word_1_173' title='bbox 681 2590 744 2659; x_wconf 84' lang='grc' dir='ltr'><strong><em>δρμ.</em></strong></span> <span class='ocrx_word' id='word_1_174' title='bbox 764 2588 857 2646; x_wconf 86' lang='lat' dir='ltr'><strong>om.0</strong></span> <span class='ocrx_word' id='word_1_175' title='bbox 930 2594 999 2659; x_wconf 80' lang='lat' dir='ltr'><strong>post</strong></span> <span class='ocrx_word' id='word_1_176' title='bbox 1011 2589 1074 2658; x_wconf 82' lang='grc' dir='ltr'><strong><em>ἆρμ.</em></strong></span> <span class='ocrx_word' id='word_1_177' title='bbox 1087 2586 1157 2642; x_wconf 82' lang='lat' dir='ltr'><strong>add.</strong></span> <span class='ocrx_word' id='word_1_178' title='bbox 1170 2608 1197 2643; x_wconf 82' lang='grc' dir='ltr'><strong>τε</strong></span> <span class='ocrx_word' id='word_1_179' title='bbox 1209 2586 1270 2655; x_wconf 78' lang='lat' dir='ltr'><strong>OD,</strong></span> <span class='ocrx_word' id='word_1_180' title='bbox 1289 2587 1373 2657; x_wconf 81' lang='lat' dir='ltr'><strong>quod</strong></span> 
     </span>
     <span class='ocr_line' id='line_1_20' title="bbox 308 2659 1372 2731; baseline 0 -18"><span class='ocrx_word' id='word_1_181' title='bbox 308 2660 364 2715; x_wconf 81' lang='lat' dir='ltr'><strong>dcl.</strong></span> <span class='ocrx_word' id='word_1_182' title='bbox 384 2659 436 2719; x_wconf 84' lang='lat' dir='ltr'><strong>Dw</strong></span> <span class='ocrx_word' id='word_1_183' title='bbox 517 2661 535 2715; x_wconf 85' lang='lat'><strong>3</strong></span> <span class='ocrx_word' id='word_1_184' title='bbox 553 2660 765 2730; x_wconf 81' lang='grc' dir='ltr'><strong><em>ἀμφιεννυμὲνου</em></strong></span> <span class='ocrx_word' id='word_1_185' title='bbox 785 2661 809 2717; x_wconf 93' lang='grc' dir='ltr'>Ο</span> <span class='ocrx_word' id='word_1_186' title='bbox 888 2662 906 2716; x_wconf 81' lang='lat'>4</span> <span class='ocrx_word' id='word_1_187' title='bbox 923 2660 1018 2731; x_wconf 75' lang='grc' dir='ltr'><strong><em>στολὴν</em></strong></span> <span class='ocrx_word' id='word_1_188' title='bbox 1037 2659 1184 2731; x_wconf 80' lang='lat' dir='ltr'><strong>DEwth&#39;</strong></span> <span class='ocrx_word' id='word_1_189' title='bbox 1262 2660 1280 2713; x_wconf 87' lang='grc'>6</span> <span class='ocrx_word' id='word_1_190' title='bbox 1297 2660 1372 2713; x_wconf 85' lang='grc' dir='ltr'><strong><em>όντα·</em></strong></span> 
     </span>
     <span class='ocr_line' id='line_1_21' title="bbox 306 2730 1373 2803; baseline -0.001 -18"><span class='ocrx_word' id='word_1_191' title='bbox 306 2732 463 2800; x_wconf 68' lang='lat' dir='ltr'><strong>rovicenda</strong></span> <span class='ocrx_word' id='word_1_192' title='bbox 484 2746 541 2786; x_wconf 83' lang='lat' dir='ltr'><strong>ont.</strong></span> <span class='ocrx_word' id='word_1_193' title='bbox 558 2734 590 2799; x_wconf 90' lang='lat' dir='ltr'><strong>B,</strong></span> <span class='ocrx_word' id='word_1_194' title='bbox 609 2732 668 2792; x_wconf 79' lang='grc' dir='ltr'><strong><em>τοὺς</em></strong></span> <span class='ocrx_word' id='word_1_195' title='bbox 687 2732 711 2787; x_wconf 81' lang='grc' dir='ltr'><strong>δ’</strong></span> <span class='ocrx_word' id='word_1_196' title='bbox 732 2734 760 2787; x_wconf 75' lang='grc' dir='ltr'><strong>ἐν</strong></span> <span class='ocrx_word' id='word_1_197' title='bbox 780 2742 834 2793; x_wconf 77' lang='grc' dir='ltr'><strong><em>ταῖς</em></strong></span> <span class='ocrx_word' id='word_1_198' title='bbox 852 2734 883 2788; x_wconf 91' lang='lat' dir='ltr'><strong>in</strong></span> <span class='ocrx_word' id='word_1_199' title='bbox 903 2734 1038 2803; x_wconf 87' lang='lat' dir='ltr'><strong>quinque</strong></span> <span class='ocrx_word' id='word_1_200' title='bbox 1057 2732 1122 2786; x_wconf 91' lang='lat' dir='ltr'><strong>iere</strong></span> <span class='ocrx_word' id='word_1_201' title='bbox 1141 2730 1308 2785; x_wconf 86' lang='lat' dir='ltr'><strong>litterarum</strong></span> <span class='ocrx_word' id='word_1_202' title='bbox 1327 2746 1373 2784; x_wconf 89' lang='lat' dir='ltr'><strong>ra·</strong></span> 
     </span>
     <span class='ocr_line' id='line_1_22' title="bbox 307 2800 1374 2873; baseline 0 -16"><span class='ocrx_word' id='word_1_203' title='bbox 307 2818 380 2857; x_wconf 88' lang='lat' dir='ltr'><strong>sura</strong></span> <span class='ocrx_word' id='word_1_204' title='bbox 398 2805 532 2859; x_wconf 84' lang='lat' dir='ltr'><strong>exaratis</strong></span> <span class='ocrx_word' id='word_1_205' title='bbox 604 2805 622 2859; x_wconf 86' lang='grc'><strong>8</strong></span> <span class='ocrx_word' id='word_1_206' title='bbox 639 2804 775 2858; x_wconf 75' lang='grc' dir='ltr'><strong><em>ἐνεδέδυτο</em></strong></span> <span class='ocrx_word' id='word_1_207' title='bbox 794 2804 819 2860; x_wconf 89' lang='lat'>0</span> <span class='ocrx_word' id='word_1_208' title='bbox 901 2804 930 2857; x_wconf 78' lang='grc' dir='ltr'><strong><em>τὸ</em></strong></span> <span class='ocrx_word' id='word_1_209' title='bbox 949 2806 1034 2873; x_wconf 89' lang='lat' dir='ltr'><strong>prius</strong></span> <span class='ocrx_word' id='word_1_210' title='bbox 1053 2818 1110 2858; x_wconf 89' lang='lat' dir='ltr'><strong>om.</strong></span> <span class='ocrx_word' id='word_1_211' title='bbox 1129 2800 1153 2855; x_wconf 89' lang='lat' dir='ltr'>B</span> <span class='ocrx_word' id='word_1_212' title='bbox 1232 2800 1374 2871; x_wconf 74' lang='grc' dir='ltr'><strong><em>μέΙειονΟ</em></strong></span> 
     </span>
     <span class='ocr_line' id='line_1_23' title="bbox 307 2873 1373 2944; baseline -0.002 -16"><span class='ocrx_word' id='word_1_213' title='bbox 307 2876 332 2928; x_wconf 87' lang='grc'><strong>8.</strong></span> <span class='ocrx_word' id='word_1_214' title='bbox 352 2874 369 2928; x_wconf 84' lang='grc'>9</span> <span class='ocrx_word' id='word_1_215' title='bbox 388 2876 479 2929; x_wconf 81' lang='grc' dir='ltr'><strong><em>τούτου</em></strong></span> <span class='ocrx_word' id='word_1_216' title='bbox 497 2875 640 2944; x_wconf 78' lang='grc' dir='ltr'><strong><em>λσγσθέτης</em></strong></span> <span class='ocrx_word' id='word_1_217' title='bbox 658 2883 703 2929; x_wconf 85' lang='grc' dir='ltr'><strong>τοῦ</strong></span> <span class='ocrx_word' id='word_1_218' title='bbox 722 2878 824 2944; x_wconf 88' lang='grc' dir='ltr'><strong><em>δρόμου</em></strong></span> <span class='ocrx_word' id='word_1_219' title='bbox 844 2877 868 2929; x_wconf 90' lang='grc' dir='ltr'>Ε</span> <span class='ocrx_word' id='word_1_220' title='bbox 954 2878 970 2929; x_wconf 88' lang='grc'>9</span> <span class='ocrx_word' id='word_1_221' title='bbox 989 2876 1071 2943; x_wconf 86' lang='grc' dir='ltr'><strong><em>ἕτεροι</em></strong></span> <span class='ocrx_word' id='word_1_222' title='bbox 1089 2880 1143 2927; x_wconf 87' lang='grc' dir='ltr'><strong>τῶν</strong></span> <span class='ocrx_word' id='word_1_223' title='bbox 1161 2873 1373 2943; x_wconf 71' lang='grc' dir='ltr'><strong><em>ἐπιφανεστέραν</em></strong></span> 
     </span>
     <span class='ocr_line' id='line_1_24' title="bbox 306 2944 1373 3017; baseline -0.001 -18"><span class='ocrx_word' id='word_1_224' title='bbox 306 2945 338 2999; x_wconf 82' lang='grc' dir='ltr'><strong>τὰ</strong></span> <span class='ocrx_word' id='word_1_225' title='bbox 355 2947 430 3015; x_wconf 81' lang='grc' dir='ltr'><strong><em>ἕτερα</em></strong></span> <span class='ocrx_word' id='word_1_226' title='bbox 449 2946 559 3017; x_wconf 82' lang='lat' dir='ltr'><strong>AEwp,</strong></span> <span class='ocrx_word' id='word_1_227' title='bbox 578 2948 651 3001; x_wconf 67' lang='grc' dir='ltr'><strong><em>ἄλλοι</em></strong></span> <span class='ocrx_word' id='word_1_228' title='bbox 670 2954 724 3001; x_wconf 85' lang='grc' dir='ltr'><strong>τῶν</strong></span> <span class='ocrx_word' id='word_1_229' title='bbox 741 2948 879 3017; x_wconf 76' lang='grc' dir='ltr'><strong><em>ἐπιφανῶν</em></strong></span> <span class='ocrx_word' id='word_1_230' title='bbox 898 2946 929 3001; x_wconf 80' lang='grc' dir='ltr'><strong>τὰ</strong></span> <span class='ocrx_word' id='word_1_231' title='bbox 946 2946 1026 3000; x_wconf 78' lang='grc' dir='ltr'><strong><em>λοιπὰ</em></strong></span> <span class='ocrx_word' id='word_1_232' title='bbox 1044 2944 1069 3001; x_wconf 89' lang='grc'>0</span> <span class='ocrx_word' id='word_1_233' title='bbox 1178 2944 1213 2998; x_wconf 88' lang='grc'><strong>10</strong></span> <span class='ocrx_word' id='word_1_234' title='bbox 1231 2951 1300 3014; x_wconf 78' lang='lat' dir='ltr'><strong>poili</strong></span> <span class='ocrx_word' id='word_1_235' title='bbox 1317 2945 1373 2998; x_wconf 66' lang='lat' dir='ltr'><strong>stl-</strong></span> 
     </span>
     <span class='ocr_line' id='line_1_25' title="bbox 306 3016 1287 3088; baseline -0.003 -17"><span class='ocrx_word' id='word_1_236' title='bbox 306 3019 393 3087; x_wconf 72' lang='grc' dir='ltr'><strong><em>θησαν</em></strong></span> <span class='ocrx_word' id='word_1_237' title='bbox 412 3017 483 3071; x_wconf 80' lang='lat' dir='ltr'><strong>add.</strong></span> <span class='ocrx_word' id='word_1_238' title='bbox 501 3019 546 3071; x_wconf 82' lang='grc' dir='ltr'><strong>καὶ</strong></span> <span class='ocrx_word' id='word_1_239' title='bbox 565 3018 632 3087; x_wconf 74' lang='grc' dir='ltr'><strong><em>ἦσαν</em></strong></span> <span class='ocrx_word' id='word_1_240' title='bbox 646 3018 712 3086; x_wconf 83' lang='grc' dir='ltr'><strong><em>πρὸς</em></strong></span> <span class='ocrx_word' id='word_1_241' title='bbox 732 3028 770 3088; x_wconf 77' lang='grc' dir='ltr'><strong>τῷ</strong></span> <span class='ocrx_word' id='word_1_242' title='bbox 790 3019 830 3085; x_wconf 69' lang='grc' dir='ltr'><strong><em>(τό</em></strong></span> <span class='ocrx_word' id='word_1_243' title='bbox 848 3018 885 3086; x_wconf 85' lang='grc' dir='ltr'><strong>Ι),</strong></span> <span class='ocrx_word' id='word_1_244' title='bbox 905 3033 981 3073; x_wconf 80' lang='lat' dir='ltr'><strong>corr.</strong></span> <span class='ocrx_word' id='word_1_245' title='bbox 1002 3016 1065 3085; x_wconf 86' lang='lat' dir='ltr'><strong>Dw)</strong></span> <span class='ocrx_word' id='word_1_246' title='bbox 1084 3017 1194 3085; x_wconf 80' lang='grc' dir='ltr'><strong><em>δραμεῖν</em></strong></span> <span class='ocrx_word' id='word_1_247' title='bbox 1213 3016 1287 3086; x_wconf 84' lang='lat' dir='ltr'><strong>pr</strong></span> 
     </span>
    </p>

    <p class='ocr_par' dir='ltr' id='par_1_6' title="bbox 307 3086 1374 3445">
     <span class='ocr_line' id='line_1_26' title="bbox 308 3086 1373 3159; baseline -0.002 -16"><span class='ocrx_word' id='word_1_248' title='bbox 308 3092 349 3143; x_wconf 90' lang='lat' dir='ltr'><strong>ll.</strong></span> <span class='ocrx_word' id='word_1_249' title='bbox 372 3090 404 3143; x_wconf 85' lang='lat'><strong>13</strong></span> <span class='ocrx_word' id='word_1_250' title='bbox 424 3090 605 3158; x_wconf 75' lang='grc' dir='ltr'><strong><em>διαγγέλλοντα</em></strong></span> <span class='ocrx_word' id='word_1_251' title='bbox 624 3096 692 3159; x_wconf 81' lang='lat' dir='ltr'><strong>post</strong></span> <span class='ocrx_word' id='word_1_252' title='bbox 709 3089 819 3159; x_wconf 74' lang='grc' dir='ltr'><strong><em>δνεχειρ.</em></strong></span> <span class='ocrx_word' id='word_1_253' title='bbox 839 3090 863 3145; x_wconf 92' lang='grc' dir='ltr'><strong>Ο</strong></span> <span class='ocrx_word' id='word_1_254' title='bbox 952 3090 986 3142; x_wconf 79' lang='lat'><strong>12</strong></span> <span class='ocrx_word' id='word_1_255' title='bbox 1002 3090 1149 3158; x_wconf 78' lang='grc' dir='ltr'><strong><em>μελαγγίοις</em></strong></span> <span class='ocrx_word' id='word_1_256' title='bbox 1168 3086 1204 3156; x_wconf 87' lang='lat' dir='ltr'><strong>l),</strong></span> <span class='ocrx_word' id='word_1_257' title='bbox 1225 3103 1301 3142; x_wconf 80' lang='lat' dir='ltr'><strong>corr.</strong></span> <span class='ocrx_word' id='word_1_258' title='bbox 1320 3086 1373 3146; x_wconf 77' lang='lat' dir='ltr'><strong>Dw</strong></span> 
     </span>
     <span class='ocr_line' id='line_1_27' title="bbox 309 3156 1374 3229; baseline -0.001 -15"><span class='ocrx_word' id='word_1_259' title='bbox 309 3161 343 3214; x_wconf 85' lang='lat'><strong>14</strong></span> <span class='ocrx_word' id='word_1_260' title='bbox 360 3160 489 3229; x_wconf 70' lang='grc' dir='ltr'><strong><em>μοδόγινα</em></strong></span> <span class='ocrx_word' id='word_1_261' title='bbox 514 3164 565 3225; x_wconf 81' lang='lat' dir='ltr'><strong>(cx</strong></span> <span class='ocrx_word' id='word_1_262' title='bbox 583 3160 720 3229; x_wconf 74' lang='grc' dir='ltr'><strong><em>μαλόγηνιτ</em></strong></span> <span class='ocrx_word' id='word_1_263' title='bbox 741 3177 818 3216; x_wconf 81' lang='lat' dir='ltr'><strong>corr.</strong></span> <span class='ocrx_word' id='word_1_264' title='bbox 837 3161 876 3228; x_wconf 83' lang='grc' dir='ltr'><strong>Α)</strong></span> <span class='ocrx_word' id='word_1_265' title='bbox 894 3159 1051 3229; x_wconf 82' lang='lat' dir='ltr'><strong>ADtvat&#39;,</strong></span> <span class='ocrx_word' id='word_1_266' title='bbox 1078 3160 1216 3229; x_wconf 72' lang='grc' dir='ltr'><strong><em>μαλδγηνιι</em></strong></span> <span class='ocrx_word' id='word_1_267' title='bbox 1235 3156 1268 3226; x_wconf 87' lang='lat' dir='ltr'><strong>B,</strong></span> <span class='ocrx_word' id='word_1_268' title='bbox 1295 3160 1374 3227; x_wconf 78' lang='grc' dir='ltr'><strong><em>μελά·</em></strong></span> 
     </span>
     <span class='ocr_line' id='line_1_28' title="bbox 307 3231 1373 3323; baseline -0.003 -37"><span class='ocrx_word' id='word_1_269' title='bbox 307 3252 366 3301; x_wconf 87' lang='grc' dir='ltr'><strong><em>γινα</em></strong></span> <span class='ocrx_word' id='word_1_270' title='bbox 385 3232 416 3323; x_wconf 45' lang='grc'><strong>0,,</strong></span> <span class='ocrx_word' id='word_1_271' title='bbox 434 3232 546 3319; x_wconf 72' lang='grc' dir='ltr'><strong><em>μρδάγια</em></strong></span> <span class='ocrx_word' id='word_1_272' title='bbox 566 3232 598 3321; x_wconf 71' lang='grc' dir='ltr'><strong>Ε,</strong></span> <span class='ocrx_word' id='word_1_273' title='bbox 618 3248 645 3286; x_wconf 88' lang='lat' dir='ltr'><strong>v.</strong></span> <span class='ocrx_word' id='word_1_274' title='bbox 666 3233 753 3323; x_wconf 52' lang='grc' dir='ltr'><strong><em>(δείδι’.</em></strong></span> <span class='ocrx_word' id='word_1_275' title='bbox 773 3232 915 3322; x_wconf 54' lang='lat' dir='ltr'><strong>{Scyiitzd</strong></span> <span class='ocrx_word' id='word_1_276' title='bbox 936 3232 964 3285; x_wconf 90' lang='lat' dir='ltr'><strong>ll</strong></span> <span class='ocrx_word' id='word_1_277' title='bbox 983 3248 1012 3301; x_wconf 88' lang='lat' dir='ltr'><strong>p.</strong></span> <span class='ocrx_word' id='word_1_278' title='bbox 1032 3231 1092 3321; x_wconf 45' lang='lat'><strong>125,</strong></span> <span class='ocrx_word' id='word_1_279' title='bbox 1111 3231 1145 3284; x_wconf 77' lang='lat'><strong>12</strong></span> <span class='ocrx_word' id='word_1_280' title='bbox 1195 3231 1373 3321; x_wconf 61' lang='grc' dir='ltr'><strong>ἱ166ργίδρν</strong></span> 
     </span>
     <span class='ocr_line' id='line_1_29' title="bbox 307 3302 1374 3445; baseline -0.001 -17"><span class='ocrx_word' id='word_1_281' title='bbox 307 3302 1374 3445; x_wconf 50' lang='lat' dir='ltr'><strong>ittihtttthtiiiimidlle,mittititiitbssimi&#39;</strong></span> 
     </span>
    </p>
   </div>
   <div class='ocr_carea' id='block_1_6' title="bbox 226 3578 1374 4503">
    <p class='ocr_par' dir='ltr' id='par_1_7' title="bbox 226 3578 1374 4503">
     <span class='ocr_line' id='line_1_30' title="bbox 256 3578 1374 3651; baseline -0.002 -16"><span class='ocrx_word' id='word_1_282' title='bbox 256 3578 310 3635; x_wconf 87' lang='lat' dir='ltr'><strong>sed</strong></span> <span class='ocrx_word' id='word_1_283' title='bbox 330 3580 456 3635; x_wconf 73' lang='lat' dir='ltr'><strong>theatris</strong></span> <span class='ocrx_word' id='word_1_284' title='bbox 475 3584 591 3635; x_wconf 86' lang='lat' dir='ltr'><strong>tanturn</strong></span> <span class='ocrx_word' id='word_1_285' title='bbox 612 3584 642 3635; x_wconf 91' lang='lat' dir='ltr'><strong>et</strong></span> <span class='ocrx_word' id='word_1_286' title='bbox 661 3581 900 3651; x_wconf 74' lang='lat' dir='ltr'><strong>equitationibus</strong></span> <span class='ocrx_word' id='word_1_287' title='bbox 919 3580 1059 3647; x_wconf 86' lang='lat' dir='ltr'><strong>vacabat,</strong></span> <span class='ocrx_word' id='word_1_288' title='bbox 1078 3594 1139 3634; x_wconf 95' lang='lat' dir='ltr'><strong>non</strong></span> <span class='ocrx_word' id='word_1_289' title='bbox 1159 3578 1226 3633; x_wconf 88' lang='lat' dir='ltr'><strong>aliis</strong></span> <span class='ocrx_word' id='word_1_290' title='bbox 1238 3578 1374 3633; x_wconf 75' lang='lat' dir='ltr'><strong>habenas</strong></span> 
     </span>
     <span class='ocr_line' id='line_1_31' title="bbox 256 3650 1374 3722; baseline -0.002 -17"><span class='ocrx_word' id='word_1_291' title='bbox 256 3650 493 3719; x_wconf 80' lang='lat' dir='ltr'><strong>moderantibus,</strong></span> <span class='ocrx_word' id='word_1_292' title='bbox 523 3652 576 3705; x_wconf 91' lang='lat' dir='ltr'><strong>sed</strong></span> <span class='ocrx_word' id='word_1_293' title='bbox 605 3652 670 3721; x_wconf 88' lang='lat' dir='ltr'><strong>ipso</strong></span> <span class='ocrx_word' id='word_1_294' title='bbox 693 3652 743 3706; x_wconf 95' lang='lat' dir='ltr'><strong>lllo</strong></span> <span class='ocrx_word' id='word_1_295' title='bbox 762 3654 946 3722; x_wconf 77' lang='lat' dir='ltr'><strong>imperatore</strong></span> <span class='ocrx_word' id='word_1_296' title='bbox 964 3652 1105 3720; x_wconf 81' lang='lat' dir='ltr'><strong>Augusto</strong></span> <span class='ocrx_word' id='word_1_297' title='bbox 1132 3652 1222 3705; x_wconf 85' lang='lat' dir='ltr'><strong>etiam</strong></span> <span class='ocrx_word' id='word_1_298' title='bbox 1251 3664 1374 3705; x_wconf 88' lang='lat' dir='ltr'><strong>currum</strong></span> 
     </span>
     <span class='ocr_line' id='line_1_32' title="bbox 256 3722 1374 3793; baseline -0.001 -16"><span class='ocrx_word' id='word_1_299' title='bbox 256 3730 392 3792; x_wconf 83' lang='lat' dir='ltr'><strong>regente,</strong></span> <span class='ocrx_word' id='word_1_300' title='bbox 420 3731 450 3777; x_wconf 92' lang='lat' dir='ltr'><strong>et</strong></span> <span class='ocrx_word' id='word_1_301' title='bbox 473 3736 547 3793; x_wconf 83' lang='lat' dir='ltr'><strong>rege</strong></span> <span class='ocrx_word' id='word_1_302' title='bbox 567 3722 743 3778; x_wconf 80' lang='lat' dir='ltr'><strong>decertante</strong></span> <span class='ocrx_word' id='word_1_303' title='bbox 762 3739 798 3777; x_wconf 88' lang='lat' dir='ltr'><strong>ac</strong></span> <span class='ocrx_word' id='word_1_304' title='bbox 817 3740 872 3793; x_wconf 91' lang='lat' dir='ltr'><strong>pro</strong></span> <span class='ocrx_word' id='word_1_305' title='bbox 893 3726 980 3793; x_wconf 84' lang='lat' dir='ltr'><strong>regia</strong></span> <span class='ocrx_word' id='word_1_306' title='bbox 999 3723 1158 3791; x_wconf 78' lang='lat' dir='ltr'><strong>chlamyde</strong></span> <span class='ocrx_word' id='word_1_307' title='bbox 1177 3723 1306 3792; x_wconf 82' lang='lat' dir='ltr'><strong>aurigae</strong></span> <span class='ocrx_word' id='word_1_308' title='bbox 1324 3737 1374 3776; x_wconf 84' lang='lat' dir='ltr'><strong>ve·</strong></span> 
     </span>
     <span class='ocr_line' id='line_1_33' title="bbox 226 3793 1374 3863; baseline -0.003 -13"><span class='ocrx_word' id='word_1_309' title='bbox 226 3796 327 3850; x_wconf 87' lang='lat' dir='ltr'><strong>3stitu</strong></span> <span class='ocrx_word' id='word_1_310' title='bbox 346 3794 461 3849; x_wconf 87' lang='lat' dir='ltr'><strong>induto.</strong></span> <span class='ocrx_word' id='word_1_311' title='bbox 499 3794 604 3863; x_wconf 90' lang='lat' dir='ltr'><strong>Neque</strong></span> <span class='ocrx_word' id='word_1_312' title='bbox 630 3808 703 3848; x_wconf 87' lang='lat' dir='ltr'><strong>vero</strong></span> <span class='ocrx_word' id='word_1_313' title='bbox 726 3796 837 3849; x_wconf 87' lang='lat' dir='ltr'><strong>malum</strong></span> <span class='ocrx_word' id='word_1_314' title='bbox 863 3796 903 3848; x_wconf 88' lang='lat' dir='ltr'><strong>ibi</strong></span> <span class='ocrx_word' id='word_1_315' title='bbox 929 3794 1062 3860; x_wconf 78' lang='lat' dir='ltr'><strong>sistebat,</strong></span> <span class='ocrx_word' id='word_1_316' title='bbox 1091 3793 1144 3847; x_wconf 87' lang='lat' dir='ltr'><strong>sed</strong></span> <span class='ocrx_word' id='word_1_317' title='bbox 1172 3794 1255 3848; x_wconf 83' lang='lat' dir='ltr'><strong>viros</strong></span> <span class='ocrx_word' id='word_1_318' title='bbox 1283 3794 1374 3848; x_wconf 89' lang='lat' dir='ltr'><strong>etiarn</strong></span> 
     </span>
     <span class='ocr_line' id='line_1_34' title="bbox 255 3865 1374 3937; baseline -0.001 -18"><span class='ocrx_word' id='word_1_319' title='bbox 255 3866 455 3935; x_wconf 82' lang='lat' dir='ltr'><strong>dignitatibus</strong></span> <span class='ocrx_word' id='word_1_320' title='bbox 466 3874 495 3919; x_wconf 91' lang='lat' dir='ltr'><strong>et</strong></span> <span class='ocrx_word' id='word_1_321' title='bbox 507 3865 671 3920; x_wconf 84' lang='lat' dir='ltr'><strong>honoribus</strong></span> <span class='ocrx_word' id='word_1_322' title='bbox 685 3872 875 3937; x_wconf 84' lang='lat' dir='ltr'><strong>praestantes</strong></span> <span class='ocrx_word' id='word_1_323' title='bbox 888 3868 997 3937; x_wconf 87' lang='lat' dir='ltr'><strong>partim</strong></span> <span class='ocrx_word' id='word_1_324' title='bbox 1009 3880 1027 3918; x_wconf 87' lang='lat' dir='ltr'><strong>a</strong></span> <span class='ocrx_word' id='word_1_325' title='bbox 1037 3880 1078 3931; x_wconf 87' lang='lat' dir='ltr'><strong>se,</strong></span> <span class='ocrx_word' id='word_1_326' title='bbox 1092 3866 1200 3934; x_wconf 88' lang='lat' dir='ltr'><strong>partim</strong></span> <span class='ocrx_word' id='word_1_327' title='bbox 1220 3871 1326 3920; x_wconf 87' lang='lat' dir='ltr'><strong>contra</strong></span> <span class='ocrx_word' id='word_1_328' title='bbox 1340 3880 1374 3918; x_wconf 88' lang='lat' dir='ltr'><strong>se</strong></span> 
     </span>
     <span class='ocr_line' id='line_1_35' title="bbox 226 3936 1373 4006; baseline -0.003 -14"><span class='ocrx_word' id='word_1_329' title='bbox 226 3940 335 3992; x_wconf 74' lang='lat' dir='ltr'><strong>dstare</strong></span> <span class='ocrx_word' id='word_1_330' title='bbox 356 3940 386 3990; x_wconf 91' lang='lat' dir='ltr'><strong>in</strong></span> <span class='ocrx_word' id='word_1_331' title='bbox 406 3952 555 4006; x_wconf 89' lang='lat' dir='ltr'><strong>equorum</strong></span> <span class='ocrx_word' id='word_1_332' title='bbox 576 3939 792 3991; x_wconf 81' lang='lat' dir='ltr'><strong>certaminibus</strong></span> <span class='ocrx_word' id='word_1_333' title='bbox 811 3944 841 3992; x_wconf 89' lang='lat' dir='ltr'><strong>et</strong></span> <span class='ocrx_word' id='word_1_334' title='bbox 860 3953 967 3992; x_wconf 87' lang='lat' dir='ltr'><strong>currus</strong></span> <span class='ocrx_word' id='word_1_335' title='bbox 987 3939 1106 4006; x_wconf 80' lang='lat' dir='ltr'><strong>agitare</strong></span> <span class='ocrx_word' id='word_1_336' title='bbox 1125 3938 1266 4006; x_wconf 83' lang='lat' dir='ltr'><strong>cogebat.</strong></span> <span class='ocrx_word' id='word_1_337' title='bbox 1298 3936 1373 3991; x_wconf 81' lang='lat' dir='ltr'><strong>Cum</strong></span> 
     </span>
     <span class='ocr_line' id='line_1_36' title="bbox 255 4008 1373 4077; baseline -0.001 -15"><span class='ocrx_word' id='word_1_338' title='bbox 255 4024 328 4062; x_wconf 82' lang='lat' dir='ltr'><strong>vero</strong></span> <span class='ocrx_word' id='word_1_339' title='bbox 342 4008 506 4077; x_wconf 89' lang='lat' dir='ltr'><strong>aliquando</strong></span> <span class='ocrx_word' id='word_1_340' title='bbox 520 4009 584 4077; x_wconf 87' lang='lat' dir='ltr'><strong>ipse</strong></span> <span class='ocrx_word' id='word_1_341' title='bbox 599 4008 700 4063; x_wconf 90' lang='lat' dir='ltr'><strong>colore</strong></span> <span class='ocrx_word' id='word_1_342' title='bbox 713 4016 833 4075; x_wconf 87' lang='lat' dir='ltr'><strong>veneto,</strong></span> <span class='ocrx_word' id='word_1_343' title='bbox 853 4024 960 4064; x_wconf 89' lang='lat' dir='ltr'><strong>cursus</strong></span> <span class='ocrx_word' id='word_1_344' title='bbox 974 4008 1128 4077; x_wconf 84' lang='lat' dir='ltr'><strong>logotheta</strong></span> <span class='ocrx_word' id='word_1_345' title='bbox 1143 4009 1265 4077; x_wconf 88' lang='lat' dir='ltr'><strong>prasino</strong></span> <span class='ocrx_word' id='word_1_346' title='bbox 1280 4015 1373 4077; x_wconf 88' lang='lat' dir='ltr'><strong>atque</strong></span> 
     </span>
     <span class='ocr_line' id='line_1_37' title="bbox 254 4079 1372 4146; baseline -0.002 -13"><span class='ocrx_word' id='word_1_347' title='bbox 254 4081 375 4133; x_wconf 71' lang='lat' dir='ltr'><strong>aliialii</strong></span> <span class='ocrx_word' id='word_1_348' title='bbox 394 4081 524 4133; x_wconf 82' lang='lat' dir='ltr'><strong>illustros</strong></span> <span class='ocrx_word' id='word_1_349' title='bbox 543 4081 651 4134; x_wconf 89' lang='lat' dir='ltr'><strong>ceteris</strong></span> <span class='ocrx_word' id='word_1_350' title='bbox 671 4082 771 4134; x_wconf 86' lang='lat' dir='ltr'><strong>vestiti</strong></span> <span class='ocrx_word' id='word_1_351' title='bbox 791 4081 943 4135; x_wconf 88' lang='lat' dir='ltr'><strong>coloribus</strong></span> <span class='ocrx_word' id='word_1_352' title='bbox 963 4092 1071 4133; x_wconf 89' lang='lat' dir='ltr'><strong>currus</strong></span> <span class='ocrx_word' id='word_1_353' title='bbox 1084 4080 1143 4132; x_wconf 89' lang='lat' dir='ltr'><strong>iam</strong></span> <span class='ocrx_word' id='word_1_354' title='bbox 1157 4079 1372 4146; x_wconf 86' lang='lat' dir='ltr'><strong>ascendissent,</strong></span> 
     </span>
     <span class='ocr_line' id='line_1_38' title="bbox 226 4150 1373 4221; baseline -0.003 -14"><span class='ocrx_word' id='word_1_355' title='bbox 226 4152 464 4221; x_wconf 82' lang='lat' dir='ltr'><strong>bprotonotario</strong></span> <span class='ocrx_word' id='word_1_356' title='bbox 493 4165 600 4204; x_wconf 86' lang='lat' dir='ltr'><strong>cursus</strong></span> <span class='ocrx_word' id='word_1_357' title='bbox 628 4166 647 4203; x_wconf 88' lang='lat' dir='ltr'><strong>a</strong></span> <span class='ocrx_word' id='word_1_358' title='bbox 676 4152 817 4221; x_wconf 88' lang='lat' dir='ltr'><strong>quodam,</strong></span> <span class='ocrx_word' id='word_1_359' title='bbox 848 4154 898 4221; x_wconf 88' lang='lat' dir='ltr'><strong>qui</strong></span> <span class='ocrx_word' id='word_1_360' title='bbox 929 4152 1019 4205; x_wconf 79' lang='lat' dir='ltr'><strong>inodo</strong></span> <span class='ocrx_word' id='word_1_361' title='bbox 1048 4150 1225 4217; x_wconf 83' lang='lat' dir='ltr'><strong>advenerat,</strong></span> <span class='ocrx_word' id='word_1_362' title='bbox 1255 4152 1373 4205; x_wconf 88' lang='lat' dir='ltr'><strong>litterae</strong></span> 
     </span>
     <span class='ocr_line' id='line_1_39' title="bbox 255 4219 1373 4296; baseline 0 -20"><span class='ocrx_word' id='word_1_363' title='bbox 255 4224 424 4276; x_wconf 76' lang='lat' dir='ltr'><strong>afferuntur</strong></span> <span class='ocrx_word' id='word_1_364' title='bbox 437 4219 607 4277; x_wconf 89' lang='lat' dir='ltr'><strong>Saracenos</strong></span> <span class='ocrx_word' id='word_1_365' title='bbox 625 4225 655 4276; x_wconf 92' lang='lat' dir='ltr'><strong>in</strong></span> <span class='ocrx_word' id='word_1_366' title='bbox 669 4222 835 4292; x_wconf 82' lang='lat' dir='ltr'><strong>Melangeia</strong></span> <span class='ocrx_word' id='word_1_367' title='bbox 855 4231 955 4278; x_wconf 83' lang='lat' dir='ltr'><strong>castra</strong></span> <span class='ocrx_word' id='word_1_368' title='bbox 968 4227 1118 4296; x_wconf 70' lang='lat' dir='ltr'><strong>posuisse,</strong></span> <span class='ocrx_word' id='word_1_369' title='bbox 1138 4236 1180 4292; x_wconf 68' lang='lat' dir='ltr'><strong>ea</strong></span> <span class='ocrx_word' id='word_1_370' title='bbox 1193 4229 1273 4282; x_wconf 79' lang='lat' dir='ltr'><strong>sunt.</strong></span> <span class='ocrx_word' id='word_1_371' title='bbox 1292 4237 1373 4291; x_wconf 86' lang='lat' dir='ltr'><strong>quae</strong></span> 
     </span>
     <span class='ocr_line' id='line_1_40' title="bbox 227 4294 1373 4365; baseline -0.005 -12"><span class='ocrx_word' id='word_1_372' title='bbox 227 4297 336 4353; x_wconf 79' lang='lat' dir='ltr'><strong>Gnunc</strong></span> <span class='ocrx_word' id='word_1_373' title='bbox 355 4296 454 4347; x_wconf 88' lang='lat' dir='ltr'><strong>minus</strong></span> <span class='ocrx_word' id='word_1_374' title='bbox 474 4295 631 4364; x_wconf 87' lang='lat' dir='ltr'><strong>eleganter</strong></span> <span class='ocrx_word' id='word_1_375' title='bbox 650 4294 803 4365; x_wconf 82' lang='lat' dir='ltr'><strong>Malagina</strong></span> <span class='ocrx_word' id='word_1_376' title='bbox 832 4295 982 4352; x_wconf 87' lang='lat' dir='ltr'><strong>dicuntur.</strong></span> <span class='ocrx_word' id='word_1_377' title='bbox 1021 4297 1251 4351; x_wconf 84' lang='lat' dir='ltr'><strong>l&#39;rotonotarius</strong></span> <span class='ocrx_word' id='word_1_378' title='bbox 1279 4294 1373 4363; x_wconf 84' lang='lat' dir='ltr'><strong>igitur</strong></span> 
     </span>
     <span class='ocr_line' id='line_1_41' title="bbox 255 4366 1372 4437; baseline 0 -16"><span class='ocrx_word' id='word_1_379' title='bbox 255 4368 294 4421; x_wconf 91' lang='lat' dir='ltr'><strong>ob</strong></span> <span class='ocrx_word' id='word_1_380' title='bbox 314 4381 383 4421; x_wconf 80' lang='lat' dir='ltr'><strong>euni</strong></span> <span class='ocrx_word' id='word_1_381' title='bbox 403 4368 541 4421; x_wconf 81' lang='lat' dir='ltr'><strong>nutrtiurn</strong></span> <span class='ocrx_word' id='word_1_382' title='bbox 566 4368 653 4421; x_wconf 87' lang='lat' dir='ltr'><strong>tristu</strong></span> <span class='ocrx_word' id='word_1_383' title='bbox 681 4368 768 4421; x_wconf 88' lang='lat' dir='ltr'><strong>vultu</strong></span> <span class='ocrx_word' id='word_1_384' title='bbox 787 4382 892 4437; x_wconf 80' lang='lat' dir='ltr'><strong>regem</strong></span> <span class='ocrx_word' id='word_1_385' title='bbox 912 4370 982 4437; x_wconf 88' lang='lat' dir='ltr'><strong>adit,</strong></span> <span class='ocrx_word' id='word_1_386' title='bbox 1011 4386 1074 4423; x_wconf 87' lang='lat' dir='ltr'><strong>rem</strong></span> <span class='ocrx_word' id='word_1_387' title='bbox 1094 4367 1228 4436; x_wconf 85' lang='lat' dir='ltr'><strong>exponit,</strong></span> <span class='ocrx_word' id='word_1_388' title='bbox 1257 4366 1372 4421; x_wconf 84' lang='lat' dir='ltr'><strong>litteras</strong></span> 
     </span>
     <span class='ocr_line' id='line_1_42' title="bbox 228 4436 1373 4503; baseline -0.003 -7"><span class='ocrx_word' id='word_1_389' title='bbox 228 4440 394 4503; x_wconf 77' lang='lat' dir='ltr'><strong>testandit.</strong></span> <span class='ocrx_word' id='word_1_390' title='bbox 432 4440 472 4495; x_wconf 81' lang='lat' dir='ltr'><strong>At</strong></span> <span class='ocrx_word' id='word_1_391' title='bbox 491 4440 539 4495; x_wconf 89' lang='lat' dir='ltr'><strong>ille</strong></span> <span class='ocrx_word' id='word_1_392' title='bbox 558 4438 712 4495; x_wconf 82' lang='lat' dir='ltr'><strong>iracundis</strong></span> <span class='ocrx_word' id='word_1_393' title='bbox 732 4447 762 4495; x_wconf 88' lang='lat' dir='ltr'><strong>et</strong></span> <span class='ocrx_word' id='word_1_394' title='bbox 782 4441 878 4495; x_wconf 90' lang='lat' dir='ltr'><strong>torvis</strong></span> <span class='ocrx_word' id='word_1_395' title='bbox 904 4444 998 4496; x_wconf 85' lang='lat' dir='ltr'><strong>oculis</strong></span> <span class='ocrx_word' id='word_1_396' title='bbox 1018 4458 1087 4496; x_wconf 85' lang='lat' dir='ltr'><strong>enm</strong></span> <span class='ocrx_word' id='word_1_397' title='bbox 1106 4439 1234 4493; x_wconf 75' lang='lat' dir='ltr'><strong>intutus</strong></span> <span class='ocrx_word' id='word_1_398' title='bbox 1251 4436 1373 4494; x_wconf 79' lang='lat' dir='ltr'><strong>“Cam&#39;&#39;</strong></span> 
     </span>
    </p>
   </div>
   <div class='ocr_carea' id='block_1_7' title="bbox 0 0 1530 4775">
    <p class='ocr_par' dir='ltr' id='par_1_8' title="bbox 0 0 1530 4775">
     <span class='ocr_line' id='line_1_43' title="bbox 0 0 1530 4775; baseline 0 0"><span class='ocrx_word' id='word_1_399' title='bbox 0 0 1530 4775; x_wconf 95' lang='lat' dir='ltr'><strong> </strong></span> 
     </span>
    </p>
   </div>
  </div>
 </body>
</html>
