3050 4775
386 368 569 428 ROMANVS
588 369 828 430 LACAPENVS.
865 371 1047 429 BVLGARI.
1225 374 1277 431 171

158 555 214 615 τοῦ
236 547 305 616 κατ’
329 551 457 636 ἀντικρύ
479 559 533 637 τῆς
554 553 679 626 πόλεως
699 553 781 637 ἦσαν
797 554 993 638 διακειμένου
1008 557 1170 638 πορθμοῦ.
1216 558 1305 621 δαί

158 655 273 738 νούσης
301 653 335 719 δέ
357 661 412 739 τῆς
433 661 489 720 τοῦ
508 655 675 739 Ῥωμανοῦ
697 658 835 741 ,αυμβίου
858 665 912 742 τῆς
934 659 1121 743 Αύγαύυτης
1147 659 1278 724 Θεοδώ-

157 780 217 839 ρας
243 758 263 841 ἡ
291 763 347 822 τοῦ
375 759 530 841 βασιλέως
556 758 782 844 Χριστοφόρου
811 760 889 844 γυνη
912 762 1021 846 Σοφία
1048 767 1105 826 τοῦ
1133 768 1188 846 τῆς
1209 762 1277 826 Ao-

158 858 291 943 γούσιης
313 861 438 944 ἠξιώθη
462 860 629 945 δνόμαιος.

130 962 148 1018 ὅ
242 961 284 1026 ‘O
304 967 369 1027 τῶν
385 962 582 1048 Βουλγόριυν
606 961 635 1028 δ’
659 965 870 1049 ἐξηγούμενος
886 966 1026 1050 Συμεὼν
1043 974 1081 1053 τῇ
1094 968 1305 1052 Ἀδριανου-8

156 1064 245 1129 πόλει
274 1067 451 1150 προσέβαλε
481 1067 536 1132 καί
562 1067 676 1152 ταύτην
704 1069 889 1151 ἐπολιόρκει.
934 1072 1031 1153 ἤνυσε
1058 1066 1087 1134 δ’
1111 1073 1151 1134 δν
1174 1071 1305 1151 ούδίν,9

157 1168 187 1231 εί
204 1166 250 1250 μὴ
274 1174 337 1240 τοῖς
359 1169 451 1232 ἔνδον
474 1169 653 1235 ἐπιλελοίπει
675 1169 712 1234 τὰ
736 1171 905 1256 ἐπιτήδεια·
937 1173 1119 1256 βιαζόμενα
1145 1172 1206 1256 γὰρ
1232 1181 1279 1256 τῴ

156 1271 241 1353 λιμῷ
261 1271 316 1336 καί
343 1271 474 1344 ἑαυτοὺς
501 1273 556 1337 καί
583 1272 639 1358 τὴν
669 1273 760 1338 πόλιν
791 1281 854 1346 τοῖς
884 1275 1044 1358 πολεμίοις
1074 1275 1277 1359 παρέδωκαν.

156 1373 224 1438 τότε
244 1377 350 1458 μέντοι
371 1375 426 1440 καλ
441 1375 460 1440 δ
475 1376 512 1440 ἐκ
530 1375 709 1459 Τριπόλεως
724 1376 820 1441 Λέων
841 1376 919 1460 μετὰ
942 1377 1110 1460 δυνάμεως
1131 1384 1278 1461 ναυτικῆς
1289 1386 1324 1440 10
1341 1385 1369 1440 D

114 1477 235 1541 1οκατὰ
249 1476 416 1562 Ῥωμαίων
436 1475 613 1562 ἐχώρησεν·
637 1479 715 1543 ἀλλὰ
738 1480 841 1563 τούτῳ
863 1479 935 1564 περί
956 1479 1012 1563 τὴν
1033 1485 1130 1564 νῆσον
1145 1479 1278 1563 Λῆμνον

156 1581 289 1665 τριήρεις
317 1581 506 1646 ἐπελθοῦσαι
525 1580 698 1665 Ῥωμαῖκαὶ
728 1582 801 1654 τοὺς
822 1583 883 1665 μέν
899 1581 1094 1667 Ἂχαρηνοὺς
1116 1582 1230 1666 σχεδόν
1251 1608 1278 1647 τι

156 1685 338 1766 ξύμπαντας
354 1683 575 1767 διεφύάρκασι,
597 1684 654 1756 τὰς
669 1685 704 1748 δὲ
719 1691 798 1769 νῆας
812 1686 919 1750 αὐτῶν
933 1685 1148 1769 ὑποβρυχίους
1170 1686 1276 1768 ἐποίη-

156 1809 224 1868 σαν,
247 1786 338 1870 μόλις
359 1792 415 1851 τοῦ
439 1786 624 1868 Τριπολίτου
647 1794 758 1871 φυγεῖν
781 1788 1007 1871 ἐξιαχύσαντος.
1053 1787 1108 1852 καλ
1129 1787 1149 1852 ό
1171 1787 1276 1852 Βούλ-
1289 1799 1320 1851 11

156 1911 254 1972 γαρος
286 1889 320 1954 δέ
342 1889 482 1974 Συμεὼν
511 1889 547 1952 τά
576 1913 608 1954 τε
636 1889 717 1956 κατὰ
739 1889 946 1955 Μακεδονίαν
972 1891 1026 1954 καί
1047 1890 1120 1954 τδπί
1145 1889 1277 1974 Θρᾴκης

111 2001 146 2056 15
155 1991 212 2056 σὺν
233 1993 328 2076 βαρεῖ
339 1992 542 2076 στρατεύματι
558 1993 692 2076 ἐληίζετο
707 1993 761 2057 καλ
775 1993 864 2076 παρὰ
878 1993 936 2076 τὴν
949 1993 1040 2057 πόλιν
1055 1992 1161 2057 ἐλδὼν
1175 1993 1277 2076 ἀγχοῦ

154 2099 218 2160 τῶν
233 2094 426 2179 Βλαχερνῶν
447 2097 597 2180 πεποίητο
619 2096 675 2179 τὴν
697 2096 904 2179 παρεμβολὴν
925 2096 980 2161 καὶ
1000 2103 1049 2179 τῷ
1064 2096 1186 2180 βασιλεῖ
1196 2095 1274 2159 Ῥω-

152 2205 249 2281 μανῴ
279 2199 425 2282 ἐζήτησεν
457 2198 599 2282 ἐντυχεῖν.
644 2197 699 2264 καί
727 2199 784 2283 τὴν
812 2200 945 2273 ἔντευξιν
967 2199 986 2263 ό
1008 2197 1152 2282 βασιλεὺς
1173 2199 1321 2282 pipeti-12

102 2397 107 2404 ί
154 2323 230 2366 σατο
250 2299 306 2365 καὶ
328 2299 408 2365 κατὰ
430 2300 484 2365 τόν
505 2307 561 2366 τού
577 2302 754 2385 Κοσμιδίου
777 2300 918 2384 αι’χιαλδν
939 2301 958 2366 δ
980 2300 1039 2384 μὲν
1058 2299 1203 2384 βασιλεὺς
1217 2301 1275 2365 σὺν

154 2496 228 2553 δὸτι
245 2497 304 2567 ἧλοι
321 2495 394 2566 παρὰ
411 2502 464 2551 τῶν
482 2497 648 2567 Βουλχάρων
666 2498 683 2567 ἡ
699 2496 911 2565 Ἂδριανούπολις
930 2496 954 2552 Ε
1038 2497 1055 2551 9
1073 2498 1111 2551 ότι
1128 2498 1145 2551 ό
1161 2495 1193 2551 ἐκ
1216 2496 1274 2565 Τρι-

153 2568 257 2630 πόλεως
273 2568 364 2628 στόλος
382 2568 502 2623 ἀπώλετο
520 2568 544 2622 Ε
629 2568 663 2623 15
681 2570 720 2623 δτι
739 2569 878 2638 ὥμιλησαν
895 2568 1017 2639 ἀλλήλοις
1035 2569 1051 2623 δ
1067 2566 1190 2639 βασιλεὺς
1208 2568 1274 2622 Ῥω-

153 2642 240 2709 μαίων
258 2640 304 2695 καλ
322 2640 338 2694 ό
355 2639 480 2709 Συμεών,
500 2638 550 2695 οὐκ
569 2639 721 2711 είρῆνευσαν
740 2640 771 2695 δί
788 2638 812 2694 Ε

209 2820 222 2873 1
242 2818 400 2888 καταντικρύ
420 2818 494 2889 pr
593 2818 845 2887 δύνδριανουπόλει
864 2818 902 2885 Ι),
921 2834 999 2874 corr.
1018 2818 1070 2876 Dw
1167 2818 1185 2872 6
1204 2823 1276 2872 ante

205 2890 349 2962 προςίβαλε
368 2890 437 2945 add.
455 2891 533 2945 πόλιν
552 2890 634 2947 OWo
652 2890 702 2945 lai.
793 2890 878 2959 ’ίχᾶρ
897 2889 959 2956 ΑΟ,
978 2888 1009 2944 δέ
1027 2890 1100 2959 Ewp
1191 2891 1209 2943 8
1227 2888 1274 2959 τὴν

205 2963 280 3017 πόλιν
298 2959 425 3033 prDi,
444 2971 476 3033 τῇ
492 2962 566 3017 πόλει
584 2960 611 3016 Α
682 2962 831 3031 παρέδοσαν
849 2961 924 3031 pr
1002 2962 1020 3015 9
1036 2960 1127 3029 μέντοι
1145 2957 1207 3027 ΑΟ,
1225 2960 1274 3028 μὲν

207 3033 280 3104 Ewp
366 3034 400 3088 10
416 3033 517 3103 λῆμνον
536 3038 604 3103 post
622 3032 669 3103 τὴν
688 3032 711 3087 Β
798 3033 832 3087 11
850 3032 969 3087 ναυτικοί
988 3031 1024 3100 Ι),
1042 3032 1177 3101 pepuziani
1196 3047 1273 3085 corr.

207 3105 258 3163 Dw
350 3105 382 3160 17
400 3105 525 3175 ἐζήτησεν
544 3104 567 3159 E
656 3110 728 3159 ante
747 3106 763 3157 ὁ
780 3103 849 3157 add.
868 3104 914 3158 καί
932 3104 1006 3174 pr
1096 3103 1139 3157 17.
1160 3102 1193 3157 18
1210 3104 1274 3171 ᾔρε-

206 3175 450 3246 τίσατο-βασιλεδς
464 3191 521 3233 om.
535 3176 559 3230 E
632 3176 665 3231 17
683 3176 821 3245 ῄρετίαατο
833 3175 922 3242 ADw,
940 3176 1076 3256 ηρετίοατο
1089 3173 1120 3242 C,
1139 3174 1275 3243 ηρετίσατο

207 3247 268 3310 ΒΙ).
288 3248 433 3318 ᾒριιήοατο
452 3246 516 3317 τι*ρ
625 3249 659 3302 18
677 3247 819 3317 κοσμιδίου
838 3246 956 3317 ΒυρΒι
975 3244 1061 3303 Cedr.
1081 3243 1224 3315 (Soyliiz.)
1243 3244 1272 3299 11

206 3335 235 3389 p.
253 3320 315 3388 304,
336 3320 377 3387 14,
397 3320 545 3390 κοσμηδίου
564 3317 591 3373 Α

153 3520 263 3584 peiere,
282 3532 362 3587 quoe
382 3517 413 3571 iu
432 3532 468 3572 eo
490 3516 577 3572 litore
595 3520 665 3571 suut
684 3531 701 3571 e
720 3531 755 3570 re
778 3516 848 3571 ioue
860 3516 954 3584 urbis,
972 3516 1172 3571 interiacente
1185 3516 1272 3571 freto.

152 3586 272 3643 Mortua
298 3588 426 3643 Romuui
457 3603 556 3643 uxore
582 3586 725 3658 Auguste
752 3532 923 3656 ’11]εοι1οια,
954 3588 1037 3657 regie
1068 3584 1302 3656 christophori?

152 3675 231 3715 uxor
251 3657 291 3715 So
315 3660 365 3715 hie
383 3657 544 3730 Augustae
561 3674 672 3713 uomen
691 3659 821 3729 aceepit.

241 3727 281 3785 At
325 3731 503 3802 ulgerorum
522 3732 663 3800 pu'noeps
681 3728 815 3800 Symeon
826 3728 1055 3799 Adrianopolim
1075 3729 1204 3795 obsedit,
1223 3744 1272 3783 ne·
1284 3728 1309 3781 8.
1329 3728 1346 3782 9

153 3818 214 3873 que
232 3818 307 3858 euue
325 3804 488 3873 quiequam
508 3801 666 3868 effecisset,
694 3801 751 3855 niei
772 3802 854 3857 eivee
873 3806 1044 3856 commeatu
1063 3801 1224 3856 destitutos
1242 3806 1274 3854 ei

153 3874 347 3945 semetipsos
366 3879 396 3929 ei
413 3873 520 3928 urbem
540 3872 618 3927 hosii
638 3871 750 3927 dedere
770 3873 866 3928 fernes
885 3872 1043 3943 coegisset.
1081 3871 1168 3927 Tuuo
1181 3872 1272 3927 etiam
1287 3870 1320 3923 10

153 3944 216 4001 Leo
235 3944 442 4015 Tripoliiauue
461 3958 530 3999 oum
549 3944 711 3998 navalibus
730 3944 826 4014 copiis
844 3944 997 3999 Romanos
1016 3944 1136 4011 invasit,
1156 3943 1205 3997 eui
1225 3944 1273 3996 iri·

153 4032 250 4072 remes
268 4015 424 4071 Romanae
443 4031 539 4086 prope
556 4014 703 4069 Lemnum
728 4014 858 4069 insulam
877 4015 999 4069 obviem
1040 4016 1175 4070 roi'eoiee
1193 4013 1273 4083 Agu-

152 4104 243 4143 renos
253 4102 358 4143 omues
366 4087 616 4143 iereoeeideruut
626 4100 784 4155 navesque
794 4086 1010 4154 demerserunt,
1046 4086 1168 4155 ripoiiiu
1179 4100 1274 4155 aegre

153 4161 229 4229 iuge
248 4158 360 4229 elapso.
397 4158 550 4229 Bulgerus
570 4172 643 4212 vero
657 4155 798 4228 Symeon,
817 4157 997 4212 Macedonia
1011 4161 1043 4212 et
1055 4156 1185 4211 Threeie
1205 4170 1273 4209 oum
1285 4156 1317 4209 11

152 4231 268 4301 ingenti
283 4231 421 4285 exercitu
435 4229 603 4297 devastata,
622 4228 663 4282 ad
679 4229 786 4283 urbem
800 4229 963 4299 profectus,
982 4243 1079 4299 prope
1090 4226 1274 4281 Bluehemee

153 4302 259 4357 cestrie
277 4302 383 4427 positis
403 4301 586 4371 colloquium
605 4300 688 4369 regie
706 4298 834 4354 Romani
857 4300 976 4371 petivit3
1005 4301 1057 4370 qui
1081 4314 1150 4353 euru
1173 4298 1212 4352 eb
1236 4297 1319 4353 0012

153 4388 215 4431 uon
236 4374 276 4429 eb
298 4378 422 4443 orreret,
449 4374 515 4444 ipse
534 4387 602 4428 eum
622 4370 718 4427 classe
736 4370 776 4426 ed
797 4369 940 4427 eoemidii
960 4371 1030 4427 lituo
1049 4371 1131 4439 obiit,
1157 4368 1274 4427 eodem-
