3050 4775
261 392 311 448 154
561 390 697 449 ZONAR.
716 392 815 449 ΕΡΙΤ.
834 393 904 450 xiv
922 395 947 463 6,
969 393 1081 452 λῖν-25.

258 577 289 639 οἱ
315 577 474 659 βάρβαροι
499 580 565 639 τῶν
591 576 690 658 ἁγίαν
717 578 936 659 φροντίσαντες
959 573 1027 640 οὐδ’
1052 577 1229 642 ὁπωστιοῦν
1250 577 1324 650 τούς
1345 603 1377 642 τε

258 677 382 762 δήμους
404 680 596 744 συνέκοπτον
617 679 671 744 καί
693 679 770 744 οὐδὲ
791 685 855 744 τῶν
878 682 973 764 ἱερῶν
988 684 1007 764 ἢ
1023 686 1088 746 τῶν
1102 686 1197 745 ταῦτα
1213 681 1377 765 φερόντων

215 782 426 863 turpatione.
471 788 563 846 τοῦτο
590 789 655 853 τοῖς
682 789 737 866 τῆς
757 783 883 855 πόλεως
906 786 948 856 είς
971 782 1140 866 έρεύισμόν
1161 791 1216 868 τῆς
1238 784 1377 855 στάσεως

258 885 375 967 γέγονε,
413 885 468 948 καί
499 885 607 967 ὥσπερ
639 887 728 968 αύτῷ
760 894 808 968 τῴ
839 887 920 970 θείῳ
949 887 1120 969 ἀμύνοντες
1151 888 1194 957 εἰς
1225 886 1376 951 ἀπόνοιαν

258 988 446 1070 έξήφόησαν
467 987 603 1062 πλείονα,
629 988 683 1052 καί
705 989 766 1053 οὐκ
789 990 902 1072 ἄνδρες
923 989 1033 1073 μόνον,
1057 989 1134 1054 ἀλλά
1157 989 1212 1054 καί
1234 995 1414 1072 γυναῖκεςῦ
1428 1001 1523 1056 lll‘ll

258 1091 295 1154 ἐκ
317 1097 382 1154 τῶν
402 1088 562 1174 ὑπερῴων
584 1092 749 1175 ἐμάχοντο,
773 1092 873 1164 λίθοις
894 1093 948 1157 καί
971 1093 1122 1176 κεράμοις
1144 1093 1198 1156 καί
1219 1092 1311 1156 παντί
1329 1100 1377 1176 τῷ

257 1193 462 1276 προστυχόντι
484 1195 654 1277 βάλλουσαι
677 1195 805 1260 ἄνωθεν
827 1195 883 1277 τὴν
909 1196 1075 1279 βάρβαρον
1098 1195 1218 1279 ἐκείνην
1239 1195 1375 1279 πληθύν.

216 1297 289 1359 liol
312 1296 347 1360 oi
367 1297 465 1379 μανίᾳ
487 1297 660 1380 ληφθέντες
681 1297 736 1361 καλ
757 1298 941 1381 ἀμύνασθαι
955 1297 992 1362 τὰ
1009 1299 1118 1380 γύναια
1134 1298 1288 1379 θέλοντες,
1311 1304 1376 1381 πῦρ

171 1402 195 1456 Β
216 1403 249 1456 18
259 1399 354 1462 &ordor
375 1405 440 1470 τοῖς
461 1401 568 1473 οἴκοις,
591 1401 626 1474 ἒξ
646 1398 753 1484 ὧνπερ
769 1401 944 1484 ἐβάλλοντο.
987 1403 1166 1486 πνεύμονος
1182 1401 1217 1466 ii
1231 1401 1376 1485 σφοόροῦ

257 1500 407 1571 πνέοντος
435 1507 612 1584 τηνικαῦτα,
643 1503 772 1586 ἡφλὸξ
792 1503 870 1587 ἦρτο
896 1506 1019 1588 ταχέως
1046 1506 1152 1590 ἀέριος
1179 1506 1233 1569 καὶ
1259 1503 1378 1575 πολλάς
1390 1516 1422 1570 10

258 1602 403 1684 μεγίστας
424 1627 456 1667 τε
478 1604 533 1668 καλ
554 1605 717 1677 καλλίστας
732 1605 906 1690 οίκοόομάς
920 1609 1130 1692 κατηύάλωσε
1144 1608 1199 1672 καλ
1214 1609 1377 1691 ἀγάλματα

259 1705 445 1788 κατέφλεξεν
472 1707 615 1790 ἀρχαίων
643 1708 772 1791 ἀνδρῶν
796 1709 961 1792 ἐπισήμων
983 1710 1032 1775 ἐπί
1055 1712 1152 1795 σοφίᾳ
1173 1710 1227 1775 καί
1249 1706 1297 1774 ἐπ’
1322 1711 1377 1774 ἀν-

260 1809 349 1891 δρείᾳ
369 1808 423 1872 καί
445 1815 509 1880 τοῖς
531 1810 582 1874 oui
605 1816 721 1894 χειρῶν
741 1811 796 1875 καί
819 1817 956 1876 συνετῶν
977 1813 1203 1896 βουλευμάτων
1218 1812 1376 1895 ἀνόραγα-

216 1918 250 1970 19
259 1911 391 1994 βήμασι,
414 1911 469 1975 καλ
491 1911 541 1976 ἐπὶ
562 1918 656 1977 πᾶσιν
672 1914 749 1979 αὐτὸ
764 1913 800 1978 τὸ
815 1915 904 1979 θεῖον
919 1917 1046 1998 τέμενος
1059 1922 1116 1981 τοῦ
1130 1916 1270 1998 μεγάλου
1284 1921 1374 1998 ναοῦ,

259 2015 297 2078 ὃν
310 2014 455 2097 βασιλεὺς
469 2016 688 2088 Κωνστάντισς
702 2018 890 2101 έόομήσατο,
912 2017 967 2082 καὶ
988 2017 1024 2082 τὸ
1045 2025 1101 2102 τῆς
1119 2019 1209 2100 άγίας
1224 2018 1372 2102 Εἰρήνης,
1385 2033 1419 2090 15

259 2117 312 2180 καὶ
333 2116 388 2181 τάν
409 2124 465 2182 τοῦ
488 2117 657 2200 Εὐβούλου
685 2122 806 2193 ξενῶνα
829 2120 882 2184 καὶ
905 2121 961 2203 τὴν
982 2126 1037 2186 τοῦ
1059 2120 1222 2186 Παλατίου
1245 2119 1374 2185 Χαλκό-

259 2243 375 2302 στεγον,
398 2221 463 2304 ἥτις
485 2221 525 2304 ἦν
547 2223 566 2305 ἡ
588 2229 645 2286 νῦν
659 2223 839 2307 καλουμένη
856 2223 981 2307 Χαλκῆ,
1004 2222 1059 2287 καὶ
1080 2223 1204 2307 εἱρκτὴν
1226 2224 1377 2307 χρηματί-

260 2324 377 2396 ζουσαν
398 2324 457 2387 aul
483 2323 520 2389 τό
545 2330 601 2390 τοῦ
623 2324 771 2409 Σευήρου
798 2325 930 2409 λουτρὸν
951 2324 987 2390 τὸ
1009 2324 1177 2410 λεγόμενον
1200 2325 1378 2401 Ζεύξιππον

227 2426 313 2490 enai
341 2427 419 2490 ἄλλα
445 2426 545 2492 πολλὰ
572 2427 695 2511 κόσμον
722 2428 776 2493 καί
798 2430 910 2512 ύαῦμσ
933 2435 971 2513 τῇ
993 2428 1081 2494 πόλει
1102 2428 1157 2493 καί
1177 2435 1216 2513 τῇ
1238 2428 1378 2513 βασιλείᾳ

313 2667 331 2721 3
348 2666 519 2736 ίφείσαντοΕ
590 2665 608 2720 i
627 2672 694 2736 post
705 2667 774 2736 θείῳ
787 2668 856 2724 add.
869 2668 1103 2739 ίμπαροινουμένφ
1116 2667 1190 2741 pr
1257 2670 1275 2724 6
1291 2668 1376 2738 παντί]

312 2738 426 2806 παράΕ
533 2737 549 2791 7
567 2739 705 2809 βάλλοντες
723 2738 798 2809 pr
908 2740 942 2795 12
959 2741 1053 2811 άνὸρία
1071 2741 1158 2808 D(w)‚
1176 2741 1257 2810 άνὸρτ
1302 2738 1356 2795 AR

314 2810 349 2864 13
367 2810 493 2880 όιχειρῶν
512 2809 548 2877 D,
568 2809 708 2869 τοιαῦτ
782 2810 815 2866 15
833 2816 902 2881 poat
921 2814 952 2867 ὃν
971 2812 1040 2867 αάά.
1058 2813 1074 2866 d
1092 2812 1166 2882 pr
1238 2810 1268 2866 τό
1296 2756 1376 2867 relig

315 2882 349 2935 16
366 2881 477 2936 ιύσύίσυ
495 2880 531 2949 D,
552 2897 629 2937 oorr.
647 2880 700 2941 Dw
812 2884 846 2938 l'l
864 2882 951 2953 χαλκῆ
972 2888 1002 2938 et
1019 2883 1108 2955 χαλκῆ
1126 2898 1180 2954 per
1199 2882 1321 2953 dittogr.
1342 2882 1376 2951 Α,

313 2952 400 3023 χαλκὴ
419 2952 454 3017 R,
472 2952 561 3023 χαλκῆ
579 2950 787 3024 B³(‘?)prDi,
809 2971 838 3008 v.
858 2955 898 3009 ad
917 2954 971 3009 XV
991 2954 1032 3022 13,
1051 2955 1086 3009 27
1180 2960 1251 3009 ante
1269 2953 1377 3023 εἱρκτὴν

314 3024 384 3078 ΝΜ·
403 3025 440 3084 εἰς
458 3023 533 3095 pr
604 3027 802 3095 χρηματίζουσα
816 3026 889 3095 pr
963 3026 1044 3081 18τὸ
1063 3028 1148 3098 prius
1168 3026 1259 3081 om.E
1331 3034 1377 3080 τοῦ

314 3112 371 3151 om.
391 3095 467 3166 pr
541 3096 575 3150 19
593 3096 639 3151 καί
658 3105 691 3167 τῇ
707 3097 827 3168 βασιλείᾳ
846 3112 903 3153 om.
923 3096 950 3151 D

261 3330 371 3400 spectio
390 3330 536 3399 populum
555 3329 750 3385 trucidabant
774 3344 875 3400 neque
899 3330 993 3385 saeris
1012 3345 1112 3400 neque
1132 3346 1235 3386 eorum
1264 3332 1378 3400 gerulis

217 3396 252 3451 16
262 3405 430 3470 paroentes.
467 3400 584 3466 Quibus
602 3402 694 3456 retae
713 3402 875 3457 multitudo
895 3402 1016 3457 urbana
1043 3401 1083 3457 ad
1102 3402 1280 3457 seditionem
1300 3402 1377 3457 adeo

148 3512 150 3516 >
260 3477 308 3526 eat
324 3474 458 3540 incensa,
475 3478 510 3527 at
528 3477 681 3543 tamquam
695 3474 790 3543 ipsius
810 3473 857 3527 dei
871 3474 1026 3528 adiutores
1039 3474 1154 3527 maiore
1166 3473 1379 3544 desperatione

260 3544 520 3599 inflammarentur
541 3549 572 3600 et
591 3549 704 3599 utnon
720 3545 779 3599 riri
797 3542 894 3599 solum
913 3544 967 3600 aed
985 3544 1127 3601 mulieres
1146 3545 1236 3600 etiam
1256 3560 1274 3601 e
1292 3560 1379 3601 oena-

261 3614 337 3669 oulis
356 3620 538 3685 pugnarent,
565 3615 683 3685 lapidea
702 3620 732 3670 et
750 3618 844 3671 testam
873 3620 903 3671 et
928 3616 1074 3686 quioquid
1102 3615 1225 3671 obvium
1254 3621 1320 3672 erat
1346 3618 1379 3671 in

218 3682 251 3737 17
260 3686 484 3743 multitudinem
501 3687 581 3742 illam
602 3686 1129 3757 barbarorumsuperneiaculantes.
1165 3686 1206 3741 At
1223 3687 1264 3741 illi
1274 3689 1379 3745 furore

261 3758 368 3828 perciti
385 3758 540 3829 ulturique
557 3758 751 3814 mulierculae
769 3760 871 3829 ignem
892 3760 1020 3813 iniciunt
1036 3758 1171 3826 aedibus,
1191 3760 1274 3815 nude
1291 3761 1379 3816 lerie-

217 3826 252 3879 18
261 3830 386 3897 bantur3
406 3831 492 3885 ouius
510 3830 631 3884 flamma
649 3829 821 3885 vehementi
840 3834 904 3885 tum
914 3832 1049 3899 spirante
1067 3835 1159 3886 vento
1178 3845 1251 3885 mox
1269 3831 1378 3886 insub-

260 3900 330 3956 lime
348 3900 429 3955 elata
456 3905 487 3956 et
504 3902 598 3956 multa
624 3902 758 3956 maxima
782 3902 1046 3972 pulcherrimaque
1068 3901 1207 3957 aedificio
1237 3903 1378 3958 inoendio

261 3972 375 4027 delevit
393 3976 424 4027 et
442 3972 603 4027 simulacra
622 3972 787 4027 combussit
806 3976 943 4027 veterum
967 3974 1102 4027 virorum
1130 3972 1169 4027 ob
1198 3976 1378 4043 sapientiam

261 4049 292 4098 et
310 4044 518 4099 fortitudinem
537 4049 634 4099 eirea
653 4059 746 4098 manu
768 4043 954 4113 consilioque
973 4045 1052 4099 bene
1079 4049 1183 4115 gestes
1209 4044 1378 4112 illustrium,

218 4111 252 4168 19
262 4130 299 4169 ao
338 4120 550 4170 raeteroetera
568 4117 668 4185 ipsum
677 4114 752 4169 illud
762 4116 905 4185 templum
925 4132 944 4169 a
957 4130 1031 4185 rega
1045 4115 1220 4171 Constantio
1231 4121 1378 4171 structum

262 4192 292 4242 et
310 4131 339 4242 ἕ.
354 4185 458 4241 Ireuea
476 4186 584 4241 aedem
603 4193 633 4241 at
652 4186 761 4241 Eubuli
782 4187 835 4242 hoe
857 4188 958 4242 itelem
978 4187 1100 4241 domum
1120 4192 1150 4241 et
1167 4186 1276 4242 Palatii
1294 4187 1378 4244 Chal·

262 4261 428 4328 oostegum
448 4272 528 4327 quae
540 4272 622 4312 nuno
636 4256 745 4313 chalce
756 4202 927 4327 appeflatur
946 4262 976 4313 et
994 4260 1125 4313 carceris
1143 4272 1232 4313 naum
1243 4260 1378 4329 praebet,

261 4335 293 4384 et
310 4327 416 4385 Severi
434 4330 568 4397 balneas,
593 4344 673 4399 quae
691 4328 838 4399 Zeuxippi
857 4344 967 4384 nomen
986 4328 1106 4397 habent,
1135 4330 1257 4399 aliaque
1276 4330 1377 4397 multa,

261 4416 342 4471 quae
360 4401 429 4456 urbi
457 4406 488 4455 et
504 4416 600 4471 ragno
629 4408 807 4456 ornamenta
835 4406 927 4471 atque
946 4400 1176 4458 admirationem
1204 4402 1378 4458 attulerunt.
