3050 4775
255 372 291 435 41
558 372 694 435 ZONAR.
713 374 812 432 EPIT.
831 376 905 433 xm
922 378 948 445 8,
962 376 1075 435 17-28.

254 567 318 627 τῶν
341 562 461 627 ἐκείνου
483 560 555 643 περὶ
576 560 740 644 τριάκοντα
763 566 866 625 πεσεῖν
888 561 1037 644 χιλιάδας,
1061 564 1196 628 ἁπασῶν
1213 564 1369 649 ἀριθμου-

253 667 361 749 μένων
389 667 432 737 είς
460 665 664 748 ὀγδοήκοντα,
692 666 728 728 ἐκ
757 664 792 729 dd
819 668 884 727 τῶν
906 664 1102 746 Μαγνεντύιυ
1129 667 1293 749 τριάκοντα
1318 668 1372 732 καλ

253 772 289 844 ἓξ
312 771 419 834 οὐσῶν
441 768 589 853 χιλιάδων
613 768 829 851 διαφθαρῆναι
846 766 901 837 τὰς
915 769 1012 832 εἴκοσι
1026 768 1108 851 πρὸς
1122 777 1188 841 ταῖς
1202 772 1371 853 τέσσαρσιν.

211 868 245 924 18
254 874 364 938 αὐτίκα
387 873 489 937 τοίνυν
511 870 585 943 τοὺς
598 871 657 954 μὲν
672 871 891 955 ἀνῃρημένους
904 876 969 935 τῶν
983 872 1144 937 πεσόντων
1158 880 1261 958 ταφῆς
1275 876 1370 949 ἀξιω-

254 978 350 1060 θῆναι
372 976 490 1047 πάντας
513 975 663 1047 ἐκέλευσε,
686 974 730 1057 μὴ
757 975 1007 1057 διακρινομένων
1029 980 1094 1039 τῶν
1117 978 1242 1041 οἰκείων
1264 981 1284 1062 ἢ
1307 980 1398 1043 verb

254 1080 423 1162 πολεμίων,
452 1077 524 1149 τοὺς
547 1078 576 1142 d'
601 1080 643 1142 ἔτι
666 1078 857 1160 ἐμπνέοντας
880 1078 1053 1160 ἐπιμελείας
1075 1086 1177 1163 τυχεῖν
1199 1081 1253 1145 καλ
1275 1082 1369 1163 ίατρι-

254 1188 314 1266 κῆς
336 1182 517 1264 θεραπείας.
1174 1221 1177 1225 ⁴

168 1279 245 1338 019
344 1283 482 1367 Διαύρὰς
506 1284 549 1357 δέ,
582 1285 628 1355 αἰς
651 1288 777 1367 εἴρηται,
812 1286 1005 1367 Μαγνένιιος
1026 1286 1100 1357 τούς
1122 1310 1154 1350 τε
1175 1287 1369 1369 περισωθέν-

253 1411 309 1459 τας
337 1388 372 1452 ἐκ
401 1393 465 1452 τῶν
494 1389 619 1452 οἰκείων
647 1388 779 1471 ἤθροιζε
806 1388 860 1451 καί
887 1389 1001 1459 ἄλλους
1029 1390 1170 1472 συνέλεγε
1196 1390 1251 1454 καὶ
1276 1388 1371 1461 αὖθις

210 1486 246 1542 20
254 1490 524 1574 ἐπαναλαμβάνειν
546 1488 657 1555 ἑαυτὸν
680 1491 831 1573 ἐπειρᾶτο.
866 1492 976 1555 ἔστειλε
992 1491 1027 1555 dl
1041 1492 1096 1555 καί
1109 1492 1190 1574 πρὸς
1205 1492 1260 1557 τὸν
1277 1492 1369 1557 Κων-
1382 1494 1416 1549 10

254 1592 392 1657 στάντιον
425 1594 629 1677 συγκλητικόν
659 1618 724 1658 τινα
756 1595 998 1678 πρεσβεύσαντα,
1033 1596 1071 1658 dr
1102 1595 1122 1659 ὅ
1153 1596 1371 1667 Κωνστάντιος

254 1696 373 1779 οἰηθεὶς
394 1704 441 1780 τῷ
462 1704 517 1781 τῆς
539 1698 705 1781 πρεσβείας
728 1697 857 1780 ὀνόματι
879 1698 1160 1781 κατασκοπήσοντα
1180 1698 1234 1763 καὶ
1248 1697 1285 1761 τὰ
1301 1694 1369 1762 κατ’

209 1794 243 1849 21
254 1797 350 1863 αὐτὸν
377 1800 668 1882 περιεργασόμενον,
696 1803 890 1883 περιώρισεν.
928 1800 1005 1865 dd&
1029 1801 1223 1883 Μαγνέντιος
1245 1802 1370 1866 ἐπισκό-

253 1926 324 1972 ποις
347 1900 441 1973 αύύις
463 1903 506 1973 είς
528 1904 696 1985 πρεσβείαν
719 1904 884 1986 ἐχρήσατο,
920 1905 1227 1987 ουγγνωμονηύῆναι
1256 1906 1370 1987 ζητῶν,

209 2000 291 2067 ἳῖἴύ
315 2006 349 2067 ἐν
372 2005 560 2087 στρατιώτου
583 2005 680 2087 μοίρᾳ
702 2013 749 2088 τῷ
771 2006 893 2089 βασιλεῖ
911 2007 1156 2087 συστρατεύοιτο.
1195 2006 1260 2071 ἀλλ’
1278 2008 1371 2072 οὐδὲν
1383 2004 1417 2060 15

253 2106 335 2189 πρὸς
350 2106 405 2191 τὴν
419 2108 586 2191 πρεσβείαν
601 2108 714 2191 ταύτην
730 2108 1004 2191 ἀνταπεκρίναιού
1019 2108 1242 2182 Κωνοτάντιος,
1265 2110 1372 2194 ἀφῆκε

209 2207 290 2274 ἳ3ύὲ
312 2208 384 2281 τοὺς
406 2210 550 2294 πρέσβεις
572 2211 753 2295 ἀπράκτους
776 2212 933 2276 ἀπελθεῖν.
974 2212 1118 2284 κάκεῖνος
1133 2212 1225 2296 ἀπῄει
1241 2214 1408 2297 κινήσαςΙ)
1422 2219 1525 2275 ΙΙΙ1·’

256 2441 269 2494 l
289 2441 403 2509 χαλεπὸν
421 2443 508 2503 πάθος
527 2444 544 2512 ἡ
560 2444 695 2508 πλεονεξία
714 2444 738 2498 Ε
883 2445 901 2500 8
919 2445 957 2498 ὅτι
977 2443 1023 2499 καί
1041 2444 1121 2506 αὖθις
1138 2445 1205 2515 πρὸς
1222 2446 1339 2514 πόλεμον
1356 2447 1372 2499 d

254 2515 416 2583 Μαγνίντιος
434 2515 588 2585 ἡτοιμάζετο
608 2514 631 2571 C

308 2741 322 2795 1
342 2743 455 2811 χιλιάδες
474 2741 571 2813 BEwp
656 2743 767 2812 ἀριθμῶ
785 2743 818 2798 οὗ
835 2743 924 2811 μένων
943 2744 979 2810 Ι),
1000 2761 1075 2798 corr.
1095 2744 1147 2802 Dw
1230 2745 1248 2799 3
1266 2753 1321 2806 ταῖς
1340 2747 1370 2801 in

307 2812 396 2868 Dite
420 2819 465 2869 est
488 2819 656 2876 exaratum,
683 2819 719 2869 ut
741 2815 884 2870 videatur
905 2820 1043 2871 notatum
1068 2831 1134 2871 esse
1156 2817 1267 2870 lineola
1290 2818 1371 2871 infra

307 2887 459 2955 apposita:
478 2887 547 2941 ideo
563 2886 631 2939 add.
642 2887 693 2944 Dw
703 2887 733 2940 ln
748 2903 844 2955 marg.
858 2888 967 2941 lterum
979 2896 1034 2947 ταῖς
1095 2888 1232 2955 τέσσαρσιν
1243 2887 1369 2957 Raram,

307 2956 426 3024 τέσσαρσι
441 2955 473 3022 Α,
494 2975 522 3012 v.
542 2957 580 3011 ad
600 2957 672 3011 XIII
692 2959 716 3026 1,
735 2959 752 3012 t
823 2957 1030 3026 4μ1νοῐῐι.ῐ)
1102 2961 1119 3014 8
1137 2961 1241 3014 darete
1260 2961 1370 3028 μαγνίν·

306 3049 359 3088 τως
378 3029 446 3082 add.
470 3028 541 3099 [lup
623 3029 640 3082 9
659 3030 754 3098 ἧύριζε
773 3029 837 3097 DW,
858 3045 933 3084 corr.
954 3047 972 3100 p
1052 3031 1087 3084 10
1104 3031 1171 3100 πρὸς
1190 3036 1261 3085 ante
1279 3032 1371 3086 ἑαυτὸν

307 3154 376 3208 aec.
396 3155 420 3209 n
529 3155 560 3209 11
579 3156 774 3226 tparanete
792 3153 854 3221 aa,
878 3125 1039 3226 κατοικιεῖ
1057 3155 1093 3223 n,
1120 3156 1192 3211 mco
1211 3171 1370 3226 perperam

305 3227 501 3296 πρεσβεύσαντα
519 3243 566 3296 wp
685 3227 719 3280 12
737 3226 972 3295 κατασκοπήσαντα
992 3227 1028 3295 D,
1047 3243 1123 3282 corr.
1143 3227 1196 3285 Dw
1303 3233 1372 3297 post

306 3317 416 3352 κατασκ.
437 3297 506 3352 add.
525 3299 601 3367 ἥκειν
620 3295 738 3367 prDi
828 3298 862 3351 13
879 3298 940 3366 περὶ
957 3299 1131 3369 ἐργασάμενον
1149 3298 1183 3364 Α,
1201 3301 1370 3368 περιεργαζό-

305 3389 385 3438 μενον
403 3368 439 3438 Ι),
458 3385 535 3424 corr.
555 3369 607 3428 Dw
680 3369 713 3425 15
732 3370 937 3439 στρατεύοιτσΕ
1010 3371 1044 3426 17
1061 3370 1215 3424 ίπανελύεῖν
1233 3369 1307 3441 pr

210 3601 244 3656 18
254 3603 378 3671 periisse
398 3607 542 3671 quattuor
566 3607 596 3658 et
620 3604 728 3669 viginti
749 3603 839 3656 milia.
876 3601 958 3656 Illico
984 3602 1080 3670 igitur
1103 3602 1281 3657 interlectos
1306 3603 1371 3670 qui·

254 3673 321 3727 dem
341 3674 480 3743 sepulcro
500 3674 621 3744 dignari
641 3679 767 3728 cunetas
785 3675 873 3728 iussit
891 3674 957 3727 sive
976 3687 1048 3727 suos
1064 3673 1129 3727 sive
1142 3674 1251 3737 hostes,
1271 3673 1373 3727 adhue

254 3746 403 3813 spirantes
423 3749 524 3800 autem
545 3761 636 3800 curae
657 3747 821 3815 participes
840 3745 904 3798 fieri
924 3760 961 3797 ao
980 3744 1156 3813 diligentiae
1176 3745 1371 3799 medicorum.

209 3816 244 3869 19
343 3816 478 3885 elapsus,
497 3821 532 3871 ut
551 3817 663 3871 dietum
683 3821 736 3882 est,
756 3816 949 3885 Magnentius
966 3821 997 3870 et
1009 3817 1110 3871 salvos
1124 3831 1196 3871 suros
1209 3816 1373 3886 colligebat

209 3887 245 3942 20
254 3891 284 3942 et
303 3887 377 3941 alios
397 3889 596 3956 conquirebat
620 3892 650 3942 et
675 3889 775 3942 derruo
795 3903 979 3957 recuperare
1003 3889 1084 3941 vires
1108 3889 1284 3942 conabatur.
1321 3886 1372 3942 At·

255 3974 315 4027 que
338 3959 417 4012 misit
440 3961 530 4013 etiam
555 3959 593 4013 ad
617 3958 826 4014 Constantium
850 3967 1021 4014 senatorem
1048 3960 1200 4026 quendam
1228 3960 1371 4028 legatum,

256 4045 345 4098 quem
365 4029 558 4085 Constantius
577 4037 661 4084 ratus
680 4031 841 4098 legationis
861 4032 982 4085 nomine
999 4031 1228 4100 exploraturum
1248 4033 1372 4101 suisque

210 4102 243 4156 21
255 4102 347 4156 rebus
373 4117 406 4155 se
434 4103 633 4156 immisturum
662 4102 786 4170 expulit.
823 4100 864 4156 At
882 4101 1075 4169 Magnentius
1099 4102 1249 4170 episcopis
1268 4118 1373 4157 rursus

255 4171 364 4242 legatis
392 4174 489 4226 missis
518 4175 636 4226 veniam
666 4175 829 4241 impetrare
857 4174 979 4235 studuit,
1008 4178 1042 4225 ut
1066 4189 1120 4242 pro
1145 4175 1237 4228 milite
1259 4176 1316 4227 sub
1335 4190 1371 4227 eo

209 4237 329 4313 22rege
352 4245 501 4298 militaret.
540 4244 645 4312 Neque
668 4260 742 4298 vero
768 4246 929 4313 quicquam
954 4245 1099 4313 legationi
1125 4243 1194 4298 truie
1217 4245 1374 4314 respondit

210 4309 245 4368 23
256 4313 457 4380 Constantius,
477 4315 529 4370 sed
550 4315 659 4368 dimisit
678 4316 804 4385 legatos,
825 4319 858 4370 ut
876 4331 909 4368 re
927 4316 1041 4369 infecta
1060 4315 1202 4370 redirent.
1232 4316 1309 4370 Tum
1323 4316 1373 4370 ille

256 4387 330 4448 abiit
350 4391 430 4445 moto
450 4387 588 4445 exercitu
606 4387 714 4458 multia
742 4389 794 4460 qui
812 4388 870 4444 sub
889 4387 1065 4459 Magnentio
1089 4393 1273 4458 meruerunt,
1302 4387 1372 4443 defi·
