3050 4775
284 426 338 491 302
560 427 696 491 ZONAR
715 428 815 489 nmu
834 426 888 489 XV
908 426 950 502 13,
968 428 1083 501 29-14,
1102 425 1127 489 9.

284 639 398 700 μηοαν,
432 616 485 681 καί
513 618 599 681 οὕτω
621 616 910 699 παραχωρηθέντες
932 616 976 687 εἰς
997 614 1033 679 τδ
1055 615 1136 697 μέγα
1159 614 1306 699 εἰσῆλθον
1328 614 1404 677 ἀνά-

240 728 407 801 3οκτορον.
451 718 515 783 εἶτα
539 716 578 782 δι’
602 721 699 801 αὐτῆς
716 725 772 802 τῆς
787 718 899 788 νυκτὸς
915 718 1010 801 ὄχλον
1025 718 1229 800 ἀθροίσαντες
1244 717 1404 798 σύγκλοδα

285 821 335 885 διά
357 822 461 903 πάσης
489 827 544 904 τῆς
562 823 696 903 Ἀγορᾶς
725 820 791 903 πρὸ
822 827 876 903 τῆς
902 822 1024 903 ἡμέρας
1051 821 1107 903 τὴν
1133 825 1189 885 τοῦ
1214 818 1404 903 Νικηφόρον

283 924 451 1006 πεποίηντο
482 923 687 1005 ἀναγόρευσιν
718 924 772 987 καλ
804 931 850 1005 τῷ
882 929 936 1006 τῆς
967 922 1107 1005 Εἰρήνης
1138 925 1229 1005 οἴκῳ,
1262 918 1339 987 καθ’
1368 924 1405 985 ὃν

240 1036 272 1089 31
285 1026 371 1109 διῆγε
392 1025 470 1107 τότε,
494 1026 641 1109 φρουράν
663 1028 874 1110 περιέστησαν.
919 1026 1041 1108 ἡμέρας
1060 1025 1095 1089 δὲ
1111 1026 1172 1109 ἤδη
1189 1025 1432 1107 ἐπιφαυούσηςδ

285 1130 328 1198 είς
350 1127 387 1191 τὰ
407 1128 489 1211 πρδς
503 1129 549 1191 ἔω
564 1128 702 1211 βασίλεια
717 1127 943 1210 μεταγαγόντες
959 1128 1057 1210 αὐτὴν
1072 1127 1125 1191 καί
1140 1128 1404 1207 κατακλείσαντες,

252 1240 275 1296 C
284 1232 327 1301 είς
345 1231 401 1314 τὴν
420 1231 559 1314 μεγάλην
573 1230 741 1313 ἐκκλησίαν
755 1231 917 1313 ἁφόωντα,
941 1227 978 1293 ἵν’
996 1232 1062 1295 ἐκεῖ
1073 1230 1251 1313 ταινιωθείη
1268 1230 1286 1293 δ
1302 1228 1403 1311 Νικη-

285 1334 388 1417 φόρος
409 1334 463 1397 καί
485 1334 695 1415 αὐτοκράτωρ
717 1333 929 1416 ἀναρρηθείη·
953 1335 972 1395 ὃ
996 1333 1035 1414 δι)
1059 1333 1113 1397 καὶ
1135 1334 1253 1415 γέγονε.

94 1446 222 1503 WIll99
235 1442 275 1505 14
379 1436 428 1521 Τῇ
451 1441 527 1519 γοῦν
553 1437 626 1519 ἑξῆς
653 1437 756 1518 ἡμέρη
783 1434 865 1517 πρδς
891 1435 947 1519 τὴν
978 1434 1158 1518 βασίλισσαν
1190 1432 1274 1517 ἧκεν,
1306 1431 1405 1497 οὖσαν

284 1538 349 1603 ὖπδ
373 1541 546 1623 φρουρούς,
578 1540 668 1603 ἄκων
699 1538 902 1621 προαχθῆναι
933 1538 1035 1619 λέγων
1066 1539 1109 1607 εἰς
1136 1536 1191 1618 τὴν
1220 1536 1321 1619 ἀρχὴν
1349 1536 1404 1619 τὴν
1417 1549 1451 1602 10

284 1642 449 1725 βασίλειον,
471 1642 554 1726 μηδὲ
576 1641 637 1723 γὰρ
660 1640 736 1705 εἶναι
757 1642 846 1723 αὐτῷ
868 1640 950 1722 πρὸς
971 1640 1099 1723 βουλῆς,
1122 1640 1176 1703 καὶ
1198 1640 1331 1721 θαρρεῖν
1346 1640 1403 1703 αὐ-

284 1745 341 1828 τὴν
365 1746 557 1818 ἀναπείθων,
589 1745 637 1815 ὡς
668 1742 799 1813 οὐδενὸς
830 1743 1049 1826 ἀτοχήσουσαν
1080 1746 1145 1805 τῶν
1171 1742 1258 1823 παρὰ
1286 1742 1403 1806 δούλου

285 1847 501 1929 ὀφειλομένων
527 1845 609 1927 πρδς
637 1846 803 1909 δέσποιναν
825 1846 975 1928 γίνεσθαι.
1022 1845 1110 1928 ἠξίου
1135 1845 1169 1909 δὲ
1191 1844 1265 1915 τοὺς
1286 1846 1403 1927 βασιλι-

257 1949 363 2020 eunuc
385 1950 546 2022 ὑποδεῖξαι
567 1948 685 2018 πάντας
708 1950 795 2031 αὐτῷ
817 1948 1012 2031 θησαυρούς.
1057 1948 1077 2030 ι)
1102 1948 1137 2011 δὲ
1159 1947 1218 2011 “τδ
1237 1946 1305 2010 κατ’
1322 1947 1404 2030 ἔμὲ”

285 2052 362 2135 φησὶ
388 2050 470 2134 πρὸς
496 2049 592 2113 αὐτὸν
613 2050 817 2133 “ἀναθεμε’νη
841 2052 910 2133 θεῷ
933 2049 988 2133 τὴν
1010 2051 1068 2133 μὲν
1091 2052 1246 2115 ἔκπτωσιν
1267 2056 1322 2133 τῆς
1343 2051 1402 2132 βα·
1416 2061 1449 2114 15

284 2258 303 2313 8
319 2258 436 2328 βασιλίδι
448 2258 612 2327 Νικηφόρον
624 2264 670 2313 τοῦ
682 2258 734 2313 άπδ
745 2264 857 2327 γενικῶν
876 2264 907 2323 (τ.
916 2258 961 2313 ἀπ.
970 2278 993 2329 γ.
1007 2272 1064 2313 om.
1075 2257 1109 2325 E)
1129 2258 1162 2325 R,
1179 2258 1298 2328 βασιλεία
1316 2259 1402 2327 Νικη-

285 2335 372 2400 φόρον
391 2329 502 2384 additis
521 2332 551 2383 in
571 2346 666 2401 marg.
685 2330 702 2400 ι)
722 2330 760 2396 (i)
779 2337 825 2385 τοῦ
844 2337 950 2400 γενικοῦ
970 2330 993 2383 Β
1082 2330 1099 2383 9
1117 2330 1165 2383 ὅσα
1181 2328 1248 2400 πρὸς
1267 2328 1314 2401 τὴν
1332 2330 1402 2400 (orn.

285 2402 320 2464 Ε)
338 2403 461 2471 βασιλίδα
479 2402 599 2472 Εἰρήνην
616 2403 632 2455 δ
649 2405 808 2471 Νικηφόρος
826 2405 918 2472 εἴρηκε
941 2403 967 2466 (δ
985 2403 1048 2456 Νικ.
1068 2403 1116 2470 ελρ.
1136 2417 1193 2456 om.
1215 2401 1261 2466 Ε)“
1290 2402 1335 2456 καί
1354 2404 1402 2456 ὅσα

284 2473 350 2542 πρός
367 2473 467 2528 ἐκεῖνον
485 2474 588 2543 ε’κείνη·
616 2475 661 2529 καί
683 2476 722 2527 ότι
745 2473 829 2528 πολλὰ
851 2474 984 2537 ὑπέδειξεν
1008 2473 1081 2542 αὐτῷ
1103 2474 1227 2543 χρήματα
1250 2474 1404 2543 τεθησαυρι·

284 2546 367 2614 σμὲνα
390 2548 459 2614 (om.
478 2545 513 2611 E)
532 2545 578 2600 καί
596 2545 634 2606 ὡς
651 2545 745 2601 αὐτίκα
764 2547 939 2616 ὗπερωρίσθη
959 2544 1007 2601 ci}

341 2736 412 2797 1είς
423 2734 453 2790 τό
463 2737 531 2805 μίγα
543 2752 605 2828 om..
612 2736 636 2794 0
690 2739 789 2830 ελςηλθ.
803 2739 842 2830 είς
852 2737 1065 2808 τὰἆνάκτορσΟ
1121 2737 1296 2829 4πεγιοίηντο
1314 2737 1406 2807 ἀναγό-

338 2829 429 2939 ρλῖῗ
446 2808 975 2950 λλζρλωφλλλῗόόμωόιλα
993 2808 1294 2941 ιιίιλὲίαίλ“λῖιΒ’
1312 2809 1406 2934 ‘miii

338 2901 465 3023 λίνλλῦἰ,
485 2922 542 3007 οη).
560 2901 622 3006 λλοῳ
678 2902 880 3021 ineolumi}
973 2953 1077 3022 δδδὴ
1095 2954 1140 3007 καί
1159 2954 1248 3022 γέγονε
1257 2897 1324 3007 ιδιο.
1344 2950 1404 3020 BD,

339 3023 410 3079 add.
430 3023 496 3083 Dw:
514 3025 531 3077 δ
547 3023 582 3093 δὴ
600 3024 646 3078 καί
663 3025 776 3094 γέγονεν,
797 3040 824 3078 v.
844 3024 884 3078 ad
903 3024 976 3079 XIII
997 3027 1020 3092 i,
1039 3025 1057 3079 5
1177 3026 1194 3079 9
1212 3033 1244 3094 τῇ
1264 3033 1327 3093 γοῦν
1344 3024 1405 3092 ἑξῆς

339 3095 400 3162 ΑΕ,
427 3097 498 3150 οὕτω
526 3095 555 3149 δὲ
577 3101 623 3164 τῆς
644 3096 786 3165 αὖτορχίας
810 3097 973 3164 δραξάμενος
995 3098 1010 3150 ό
1033 3099 1181 3166 νικηφόρος
1209 3098 1236 3161 (δ
1257 3098 1405 3163 νικηφόρος

339 3168 501 3236 δραξάμενος
519 3165 578 3231 ΒΟ)
601 3175 633 3237 ιη
654 3167 716 3237 ἑξῆς
735 3167 768 3235 Ο,
801 3169 839 3236 Tri
861 3169 931 3222 οὕτω
955 3167 985 3222 δὲ
1003 3176 1048 3237 τῆς
1065 3169 1208 3237 αὐταρχίας
1226 3169 1242 3221 ό
1258 3168 1406 3236 νικηφόρος

338 3240 502 3309 δραξάμενος
519 3239 580 3308 ίξῆς
598 3238 649 3306 w*,
671 3239 750 3294 Οὕτω
771 3246 815 3308 τῆς
835 3239 976 3308 αὗταρχίας
995 3241 1158 3308 δραξάμενος
1176 3241 1192 3293 δ
1208 3239 1358 3308 νικηφόρος
1376 3247 1407 3308 τῇ

337 3311 399 3380 ἑξῆς
418 3309 455 3380 p*
527 3309 610 3364 οὖσαν
627 3325 684 3363 om.
704 3309 740 3378 D,
760 3311 859 3380 suppl.
877 3310 929 3370 Dw
1004 3312 1038 3365 15
1055 3311 1118 3366 θεὸν
1137 3311 1173 3379 Ι),
1193 3325 1270 3366 corr.
1291 3310 1342 3370 Do

286 3521 354 3563 enm
374 3507 431 3562 illis
448 3505 650 3577 Nicephorum
669 3507 842 3562 salutarunt
860 3523 973 3578 regem,
1001 3513 1094 3577 atque
1113 3509 1155 3563 ite
1176 3507 1217 3562 illi
1236 3509 1267 3561 in
1290 3507 1407 3578 regiam

240 3580 409 3639 illiadmieei
428 3585 507 3634 siant.
555 3579 672 3634 Deinde
699 3594 737 3633 ea
759 3582 826 3649 ipsa
852 3588 941 3634 nocte
965 3581 1056 3634 turba
1080 3581 1252 3649 promiscua
1280 3579 1408 3634 collecta

286 3650 488 3720 Nicephorum
517 3651 709 3720 designatum
738 3667 793 3721 per
816 3657 912 3706 totum
935 3651 1046 3705 Forum
1070 3657 1141 3706 ente
1165 3651 1331 3705 diluculum
1355 3665 1407 3720 pu·

286 3723 439 3776 blicarunt
461 3734 492 3776 et
521 3721 624 3776 irenes
651 3722 789 3786 aedibus,
817 3724 848 3777 in
873 3724 984 3792 quibus
1003 3727 1067 3776 tum
1086 3722 1207 3792 agebat,
1238 3721 1406 3776 custodiam

241 3799 274 3854 31
287 3793 499 3848 adhibuerunt.
537 3793 593 3848 Die
612 3795 672 3846 lam
690 3795 884 3850 illucescente
903 3809 970 3848 cem
983 3795 1014 3848 in
1029 3795 1205 3849 orientalem
1219 3795 1334 3864 regiain
1348 3799 1407 3847 tra-

287 3865 408 3919 ductam
422 3866 648 3933 concluserunt3
668 3873 774 3934 postea
789 3881 930 3936 magnam
950 3865 1108 3920 ecclesiam
1128 3873 1198 3919 sunt
1217 3865 1354 3935 ingressi,
1374 3867 1405 3919 in

287 3952 348 4007 que
361 3935 548 4006 Nicephorue
561 3937 733 3991 diademate
747 3945 907 3993 ornaretur
922 3942 952 3991 et
969 3939 1133 4006 imperator
1152 3937 1405 4006 proclamaretur3

286 4009 380 4078 idque
398 4010 511 4062 linctum
533 4014 586 4062 cet.

379 4080 418 4134 lt.
455 4078 508 4134 lile
527 4080 671 4149 postridie
690 4080 730 4133 ad
749 4080 886 4149 reginam
907 4081 998 4146 venit,
1021 4095 1138 4149 quaec
1157 4079 1337 4134 satellitibus
1357 4094 1405 4132 cn·

286 4151 484 4220 stodiebatur,
509 4158 539 4204 et
558 4151 686 4206 dixitne
705 4153 833 4206 invitum
854 4152 892 4204 ad
913 4167 1042 4221 regnum
1062 4165 1129 4206 esse
1148 4159 1297 4218 evectum,
1324 4151 1407 4219 quod

286 4225 342 4279 eibi
364 4223 448 4276 cordi
467 4238 528 4276 non
547 4231 635 4289 emet,
654 4232 684 4276 et
705 4239 772 4276 enm
794 4224 873 4277 bono
889 4225 989 4276 animo
1005 4239 1071 4278 esse
1086 4224 1180 4290 iussit,
1200 4225 1313 4292 quippe
1327 4237 1407 4292 quae

286 4296 360 4349 nihil
373 4310 434 4348 non
448 4295 646 4363 impetratura
659 4301 747 4361 emet,
768 4295 851 4362 quod
868 4295 1007 4348 dominae
1022 4311 1143 4349 enervo
1158 4297 1306 4364 praestari
1320 4310 1407 4364 opor·

259 4369 372 4434 uteret,
388 4371 417 4420 et
432 4368 546 4437 pet-ivit,
565 4374 599 4420 ut
613 4367 690 4436 regii
706 4366 841 4420 thesauri
855 4382 959 4420 omnes
972 4367 1028 4420 eibi
1042 4373 1291 4422 monstrarentur.
1329 4365 1408 4420 'lum

287 4441 350 4498 illo:
379 4439 505 4497 “ltebue
527 4441 601 4496 mein
624 4438 682 4496 deo
706 4437 922 4496 commendetis
948 4445 977 4496 et
1000 4441 1142 4496 omissum
1162 4453 1229 4496 esse
1247 4439 1408 4514 imperium
