3050 4775
229 390 283 447 seo
514 388 652 447 aeuus.
672 388 772 446 mua
791 389 953 460 xv1u1a,
973 389 1068 445 1-14.

229 572 285 657 τήν
314 572 425 656 τριήρη
454 572 553 636 αὖτοῦ
582 572 762 655 περιίπτατο
793 570 846 636 καλ
878 572 938 635 οὐκ
971 573 1086 656 ἀπέστη
1118 576 1351 660 πτερυσσομένη

202 674 300 759 ἳπερλ
322 674 427 748 αι’πδν,
462 675 526 745 ἕως
553 673 672 745 ἐκεῖνος
699 679 765 745 ταῖς
793 672 898 758 χερσίν
929 676 1026 759 αάτής
1057 674 1231 759 ἐπελάβετο.
1277 678 1353 744 dol

228 778 344 861 ταύτην
365 784 403 861 τῇ
425 777 587 861 βασιλίσσῃ
611 777 827 861 έκπέπομφεν,
851 775 964 860 ἐκρίθη
989 777 1023 841 δὲ
1045 776 1081 840 τὸ
1100 785 1155 861 τῆς
1170 786 1352 864 περιστερᾶς

231 881 291 945 οὐκ
315 879 440 961 ἀγαθόν
461 904 489 942 τι
510 880 680 963 τεκμήριον
701 881 773 943 οὔτε
795 886 842 963 τῴ
863 880 978 964 ταύτην
1000 878 1097 943 ἑλόντι
1124 882 1195 945 οὔτε
1222 882 1288 965 μήν
1314 890 1352 967 τῇ

202 980 312 1063 3πρδς
333 984 373 1065 ἣν
395 981 530 1045 ἔσταλτο.
576 981 653 1046 ἀλλὰ
675 982 808 1047 καὶτοῦ
836 982 943 1065 ξύλου,
977 980 1007 1067 ιβ
1029 984 1128 1067 μέσον
1151 986 1307 1069 ἱσταμένῳ
1331 988 1379 1069 rid

229 1085 384 1168 βασίλειος
407 1083 507 1167 σκηνή
532 1084 730 1166 ἐπερείδεται,
754 1084 942 1167 αὐτομάτως
964 1084 1161 1167 κατεαγότος,
1184 1088 1352 1153 κατέπεσεν

163 1189 250 1271 04ή
274 1188 391 1270 σκηνή·
426 1186 480 1250 καὶ
506 1192 598 1251 τοῦτο
625 1186 661 1249 δέ
688 1187 849 1271 σύμβολον
877 1188 1029 1272 ἐνομίσθη
1058 1187 1212 1253 ἀπαίσιον.
1260 1189 1351 1272 ὅμως

232 1289 325 1353 οὐδὲν
347 1288 401 1352 τδν
423 1289 551 1373 βασιλέα
573 1294 629 1373 τῆς
649 1289 834 1373 προθυμίας
857 1288 1024 1371 ἀνέκοψεν,
1052 1287 1129 1351 ἀλλὰ
1152 1288 1265 1373 προῄει
1288 1292 1351 1361 ἕως

231 1397 287 1455 τοῦ
317 1392 458 1474 θέματος
484 1394 550 1455 τῶν
576 1391 781 1473 ἀνατολικῶν,
815 1390 985 1475 φειδωλίας
1014 1389 1165 1474 έχόμενος
1196 1390 1283 1475 παρὰ
1315 1392 1351 1458 τὸ

204 1494 359 1573 deludis.
394 1494 610 1577 έσκηνωμένφ
633 1494 670 1558 δέ
690 1518 754 1557 που
778 1494 811 1557 έν
834 1493 1005 1578 δωματίοις
1026 1500 1090 1577 πῦρ
1105 1495 1208 1559 ποθεν
1224 1495 1352 1579 ἐνεχθὲν
1364 1508 1401 1562 10

232 1597 311 1661 αὐτά
340 1621 372 1661 τε
400 1597 569 1680 κατέφλεξε
595 1595 633 1659 τὰ
663 1596 807 1679 δωμάτια
835 1596 889 1660 καί
917 1597 1032 1667 λ’ππους
1054 1596 1265 1679 ἡμιφλέκτους
1288 1599 1351 1680 είρ-

204 1778 206 1781 Ι
234 1699 351 1782 γάσατο
373 1704 438 1763 τῶν
460 1700 632 1782 βασιλικῶν
655 1699 709 1763 καί
731 1698 841 1782 χαλινὰ
864 1698 918 1763 καί
941 1698 1095 1781 ὀχήματα,
1131 1701 1150 1763 ὃ
1180 1699 1234 1763 καί
1261 1706 1392 1770 τοῦτοΙ)
1407 1716 1452 1770 lV
1466 1716 1517 1769 ‘212

206 1802 336 1866 6κακδν
359 1803 513 1885 οἰώνισμα
536 1802 652 1877 ἔδοξεν.
694 1802 816 1866 έκεῖθεν
837 1801 1001 1883 μετελθὼν
1023 1800 1077 1865 καὶ
1099 1800 1153 1865 τδν
1169 1802 1262 1866 Ἅλυν
1285 1803 1353 1867 δια-

233 1904 375 1987 περάσας
397 1903 452 1967 καλ
468 1904 642 1987 παρελθὼν
656 1903 712 1987 τήν
724 1903 916 1986 Καισάρειαν
931 1905 974 1974 είς
988 1902 1044 1985 τήν
1058 1904 1230 1987 λεγομένην
1243 1904 1354 1988 Κρύαν

232 2006 339 2090 πηγὴν
360 2004 416 2070 τὸν
437 2006 564 2090 χάρακα
587 2008 689 2089 ἔθετο,
713 2008 792 2071 ἔνθα
812 2006 869 2071 τισί
884 2011 948 2069 τῶν
963 2004 1130 2088 Νεμίτζων
1145 2006 1354 2089 ἀπηνέστερον
1365 2022 1401 2078 15

207 2110 439 2193 ’ίπροσηνέχθη
464 2107 503 2172 δι’
528 2109 717 2193 ἀδικήματα.
759 2115 814 2173 τοῦ
839 2109 874 2172 δὲ
895 2109 1053 2191 τάγματος
1073 2108 1194 2173 τούτων
1216 2110 1353 2173 ἀποστα-

197 2214 394 2296 Πτήσαντος,
418 2212 550 2295 ίππδτης
572 2210 667 2283 αὐτὸς
689 2213 800 2275 αὐτίκα
824 2210 983 2295 ἐπιφανεὶς
1005 2210 1059 2274 καί
1081 2210 1117 2274 τὸ
1136 2211 1355 2295 στρατιωτικόν

235 2315 432 2399 έπαγόμενος
453 2313 626 2398 κατέπληξέ
647 2338 680 2378 τε
700 2314 736 2377 τδ
759 2316 977 2399 ἀποοτατήοαν
999 2312 1053 2377 καί
1080 2312 1174 2385 αὖθις
1197 2336 1353 2400 συμμαχι-

236 2509 270 2563 13
287 2509 348 2578 περὶ
366 2517 412 2578 τῆς
430 2516 484 2562 τῶν
500 2511 642 2577 Νεμίτζων
660 2509 818 2569 ἀποστασίος
836 2509 881 2563 καὶ
900 2511 937 2562 δτι
957 2508 1051 2562 διεῖλεν
1068 2508 1220 2578 δάιογὲνης
1234 2509 1263 2562 τδ
1281 2511 1355 2579 στρά-

234 2601 326 2650 τευμα,
344 2581 390 2634 καὶ
408 2581 441 2635 οὗ
458 2579 525 2650 μετὰ
542 2581 648 2636 πολλῶν
666 2581 766 2641 ἐκεῖνος
783 2581 956 2651 περιελείφθη
976 2579 1155 2650 (περιελήφθη
1176 2578 1210 2646 G)
1229 2579 1252 2637 0

288 2777 306 2832 6
324 2777 494 2846 κατεαγέντος
512 2776 595 2847 pr,
614 2777 783 2846 κατεαγέντος
798 2781 947 2832 mutatum
961 2792 1000 2832 ex
1013 2780 1169 2847 κατεαγότος
1181 2777 1214 2846 Β,
1233 2781 1356 2847 κατεαγέν

289 2847 411 2918 scylitz.
431 2865 459 2918 p.
478 2849 540 2916 689,
560 2848 594 2903 17
710 2849 728 2903 8
746 2854 815 2918 posi
833 2848 898 2903 ἀλλὰ
917 2848 986 2902 add.
1005 2849 1051 2902 καὶ
1069 2849 1096 2902 D
1212 2850 1313 2919 περιήει
1333 2849 1356 2905 C

289 2921 307 2974 9
325 2927 372 2974 τοῦ
393 2936 450 2974 om.
469 2919 496 2972 D
570 2920 605 2974 10
622 2921 696 2980 εἶδός
716 2918 746 2987 C,
766 2921 837 2980 εἰκός
856 2919 976 2990 Scyllia.
996 2937 1026 2990 p.
1044 2919 1105 2988 690,
1126 2920 1141 2974 1
1226 2921 1259 2975 11
1279 2942 1355 2976 κατα·

289 2991 317 3044 τέ
339 2992 397 3054 λεξε
416 2991 443 3044 D
516 2991 626 3073 δώματα
646 2990 670 3044 Β
743 2991 777 3045 12
795 2991 918 3060 χαλινοὺς
931 2991 1003 3061 Ewp
1076 2993 1092 3045 δ
1110 3007 1167 3047 om.
1180 2991 1207 3044 D
1280 3001 1355 3046 τοῦτο

370 3064 455 3132 τούτῳ
473 3063 565 3132 wth
638 3062 672 3116 13
690 3063 877 3132 pastinantes
890 3063 959 3116 add.
973 3062 1003 3117 δὲ
1016 3061 1097 3132 Bwp,
1118 3080 1174 3118 orn.
1186 3062 1295 3119 ARWo
1306 3065 1356 3118 lat.

325 3135 390 3188 ἄλυν
403 3133 460 3201 ΒΟ,
478 3134 560 3203 ἄλλην
575 3136 580 3201 Ι
596 3133 632 3201 D,
651 3135 717 3202 ὅλην
734 3133 786 3202 w*,
805 3134 880 3202 Αλην
899 3133 935 3204 p*
1008 3135 1041 3188 14
1060 3135 1146 3202 κράαν
1163 3133 1216 3189 ΑΒ
1235 3135 1355 3205 Scyllia.

289 3222 319 3276 p.
329 3206 390 3273 691,
400 3204 425 3273 4,
444 3207 523 3274 ιιρίαν
532 3205 568 3272 Ι),
589 3225 675 3273 κρυαν
688 3205 739 3272 w*,
759 3205 846 3272 κρυὰν
859 3205 894 3274 ρ*
950 3205 983 3259 15
1001 3206 1210 3274 δπηνέστερονῙ)
1269 3207 1301 3260 16
1320 3207 1355 3260 δι’

288 3277 361 3331 ἀδικ.
376 3282 447 3331 ante
459 3277 628 3346 προςηνέχθη
642 3274 666 3329 Β
740 3277 774 3332 17
792 3275 923 3346 ε’πιφανοῦ
942 3276 979 3344 D,
997 3277 1133 3346 ἐπιφανεῖς
1151 3276 1189 3348 p*
1262 3279 1295 3333 18
1313 3277 1356 3332 ἒπ-

290 3350 418 3418 αγόμενον
436 3347 464 3401 D
539 3369 566 3402 τε
585 3363 642 3402 om.
662 3347 685 3404 C

209 3525 301 3580 κείω
321 3527 440 3596 agitare
459 3525 555 3595 desiit,
576 3525 674 3581 donec
691 3528 833 3582 manibus
852 3527 1100 3596 comprehensam
1120 3529 1248 3598 reginae
1267 3529 1355 3596 misit,

238 3597 321 3667 quod
339 3598 562 3667 inauspicatum
581 3614 670 3652 omen
689 3604 734 3653 est
748 3601 846 3653 visum
866 3605 927 3652 tam
947 3599 974 3652 ei
994 3600 1046 3669 qui
1066 3599 1202 3668 cepisset,
1223 3615 1313 3669 quam
1327 3601 1356 3654 ei

209 3669 318 3739 aquae
336 3669 511 3738 accepisset.
548 3668 608 3725 Sed
628 3674 659 3725 et
677 3671 796 3740 regium
815 3670 1046 3724 tabernaculum
1065 3670 1157 3739 ligno,
1177 3686 1238 3741 quo
1255 3671 1356 3726 media

237 3756 309 3811 pars
327 3741 459 3808 fulcitur,
486 3755 543 3795 sua
562 3746 670 3811 sponte
689 3743 846 3796 confracto
865 3741 1011 3810 concidit3
1040 3741 1070 3795 id
1096 3757 1219 3812 qnoque
1244 3744 1355 3798 omino-

209 3812 304 3867 4sum
324 3817 370 3868 est
388 3813 532 3867 habitum.
569 3811 675 3882 Neque
694 3828 768 3868 vero
790 3814 954 3882 quicquam
972 3814 1054 3884 regis
1073 3813 1260 3869 alacritatem
1282 3814 1356 3868 inhi-

238 3885 313 3952 buit,
333 3883 495 3953 quominus
513 3899 611 3953 usque
630 3885 670 3938 ad
689 3883 851 3940 orientales
871 3884 1044 3954 provincias
1061 3887 1244 3954 perveniret,
1263 3887 1356 3956 parsi-

210 3955 359 4010 dmoniae
372 3959 493 4025 praeter
506 3963 619 4010 morem
632 3971 721 4011 suum
734 3957 876 4010 intentus.
914 3954 989 4010 Cum
1003 3961 1105 4022 autem
1120 3957 1150 4009 in
1165 3957 1356 4012 domunculis

238 4024 421 4097 quibusdam
440 4027 663 4096 deversaretur,
685 4028 766 4098 ignis
785 4027 887 4082 nescio
903 4026 986 4082 unde
1004 4028 1129 4097 illapsus
1148 4042 1201 4083 eas
1220 4043 1357 4084 consum-

239 4099 306 4168 psit,
334 4113 430 4167 eqnos
448 4099 551 4169 regios
570 4104 600 4154 et
618 4100 707 4153 frena
726 4105 756 4154 ct
776 4097 915 4154 vehicula
939 4097 1063 4166 adussit,
1092 4099 1174 4168 quod
1201 4105 1231 4155 et
1258 4102 1356 4170 ipsum

211 4169 337 4225 ἀνίεται]
361 4175 406 4224 est
429 4169 541 4224 malum
567 4171 740 4240 augurium.
778 4169 853 4226 Inde
873 4170 1029 4240 digressus
1047 4170 1126 4240 Haly
1149 4177 1293 4242 superato
1313 4187 1358 4226 re-

238 4240 370 4310 lictaque
389 4240 540 4296 Caesarea
559 4241 598 4296 ad
618 4243 725 4307 locum,
776 4243 806 4295 ui
824 4243 903 4311 Κρύσ
920 4241 992 4310 πηγὴ
1012 4240 1129 4308 dicitur,
1159 4243 1272 4297 vallum
1295 4259 1357 4297 mu·

212 4312 329 4379 inivit3
356 4313 410 4367 ubi
435 4327 502 4368 cum
530 4314 569 4368 ob
596 4313 743 4384 quosdam
793 4315 917 4368 cmitzos
942 4314 1078 4368 severius
1104 4313 1142 4367 de
1170 4315 1355 4369 facinoribus

238 4383 381 4441 multatos
400 4398 507 4442 eorum
525 4384 606 4455 legio
626 4383 795 4454 defecisset,
823 4387 888 4455 ipse
914 4385 1015 4440 statim
1042 4385 1075 4440 in
1103 4399 1181 4456 equo
1208 4385 1357 4442 advolans
