3050 4775
261 358 296 423 32
569 354 705 426 ZONAR.
725 357 824 424 ΕΡΙΤ.
844 357 917 423 xm
935 362 960 436 6,
978 351 1076 423 2-15.

260 550 442 632 συνίστορας
465 550 553 635 adrui
575 556 630 615 τοῦ
653 555 786 633 σκοποῦ,
810 549 883 622 τοὺς
902 550 1005 615 δὲκαὶ
1020 550 1266 634 άμειόχουςτοῦ
1281 548 1377 636 σκέμ-

232 660 251 717 3
258 676 368 735 ματος.
414 653 467 717 καί
488 654 646 737 παρέτεινε
668 653 722 717 τόν
744 653 841 717 πότον
868 655 930 724 ἕως
956 655 1100 737 ἑσπέρας.
1146 654 1316 729 ἐξαναστὰς
1343 655 1378 719 δέ

258 759 314 819 τοῦ
337 755 513 838 συμποσίου
537 757 651 839 αἴφνης
673 756 716 827 είς
738 754 792 819 τδν
815 760 950 819 κοιτῶνα
974 756 1138 839 εἰσέδραμε
1160 757 1214 820 καὶ
1239 756 1377 839 πρόεισιν

259 856 380 921 ἐκεῖθεν
402 856 479 939 μετὰ
502 857 606 941 βραχὺ
630 858 663 921 έν
685 858 820 941 σχήματι
841 859 997 940 βασιλείας
1019 858 1076 922 σὺν
1092 858 1286 942 δορυφόροις
1300 860 1376 923 πολ-

191 960 333 1042 estote,
357 961 376 1023 ὃ
398 960 471 1031 τοὺς
492 960 537 1042 μὴ
561 960 738 1031 συνειδότας
754 962 842 1042 αι’ντῴ
857 960 912 1043 τὴν
927 964 1041 1042 πρᾶξιν
1056 961 1213 1043 ἐτάραξεν.
1260 962 1404 1031 ἐκεῖνοςῦ

259 1064 293 1127 δὲ
318 1062 489 1146 διαλεχθείς
512 1068 574 1133 τοῖς
600 1069 737 1144 παροῦσι
766 1063 838 1133 τοὺς
864 1062 924 1145 μέν
951 1064 1050 1127 ἔπεισε
1078 1063 1251 1127 συνθέσθαι
1279 1065 1376 1145 αὐτῷ,

231 1166 359 1235 ὃένίους
382 1166 418 1229 δέ
440 1166 549 1247 γεκαὶ
572 1166 726 1248 ἐβιάσατο.
773 1167 827 1229 καί
850 1166 1110 1249 συμπαραλαβὼν
1138 1165 1253 1236 αὐτοὺς
1279 1167 1413 1237 εδθὺςΙ)
1428 1177 1469 1233 ill
1482 1155 1518 1234 re

258 1270 301 1341 εἰς
323 1267 359 1330 τά
382 1269 520 1351 βασίλεια
547 1268 647 1331 άπεισι
674 1269 727 1331 καὶ
755 1268 909 1350 διανομάς
936 1269 1109 1352 χρημάτων
1135 1269 1284 1352 πεποίητο
1310 1275 1376 1340 ταῖς

257 1395 288 1434 τε
310 1371 422 1441 πύλαις
444 1376 498 1454 τῆς
519 1370 643 1441 πόλεως
666 1371 813 1454 ἐπέστησε
835 1372 990 1453 φύλακας,
1015 1372 1218 1443 ένταλθέντας
1239 1378 1303 1443 τοῖς
1316 1372 1376 1455 μέν

257 1474 383 1537 εἰσιοῦσι
405 1472 461 1556 τὴν
484 1472 606 1537 εἴσοδον
629 1479 814 1557 συγχωρεῖν,
839 1474 949 1547 ἐξιέναι
973 1474 1007 1537 δέ
1024 1474 1146 1557 μηδένα
1161 1481 1374 1557 παραχωρεῖν,
1387 1484 1421 1536 10

230 1577 305 1643 tiro
328 1576 373 1659 μὴ
396 1578 478 1647 τέως
499 1574 535 1637 τδ
561 1574 706 1657 τόλμημα
736 1576 897 1659 κηρυχθῇ.
943 1577 997 1640 καί
1025 1577 1136 1640 αὐτίκα
1164 1577 1276 1640 στέλλει
1304 1576 1376 1648 τοὺς

255 1678 309 1742 τόν
324 1678 516 1743 Κώνσταντα
540 1677 776 1761 ἀναιρήσοντας,
798 1679 872 1760 πρὶν
895 1681 913 1761 ἢ
939 1679 1025 1761 γνοίη
1048 1678 1084 1742 τδ
1107 1679 1260 1763 τόλμημα.
1307 1680 1376 1744 δδὲ

230 1780 326 1862 ῖπερῖ
353 1780 461 1863 θήραν
489 1781 654 1863 ἠσχόλητο.
700 1780 753 1844 καί
783 1780 843 1863 γὰρ
873 1781 1019 1864 ἐμεμήνει
1045 1781 1117 1864 περὶ
1144 1781 1181 1844 τὰ
1208 1784 1374 1865 κυνηγέσια

256 1884 309 1947 καί
330 1888 426 1947 ταῦτα
450 1884 603 1967 ἀρθρίτιδι
625 1884 853 1965 προσπαλαίων
876 1884 1019 1966 διηνεκεῖ,
1042 1887 1082 1966 ἣν
1105 1884 1139 1957 έξ
1156 1884 1282 1967 ἡδονῶν
1297 1886 1373 1968 δμε-

187 1986 341 2067 Ῑ)8τρίας
364 1986 510 2069 ἐνόσησεν
533 1986 716 2056 ἀκολάστως
743 1986 845 2069 βιούς·
874 1989 893 2069 η
917 1987 971 2049 καί
993 1987 1028 2049 έν
1048 1989 1247 2071 προσχήματι
1270 1989 1375 2072 θήρας
1387 1996 1420 2049 lb

256 2089 298 2159 είς
324 2088 401 2159 ὕλας
429 2089 630 2170 ἕγκατεδόετο
656 2090 733 2171 μετὰ
764 2094 828 2153 τῶν
856 2090 928 2171 περὶ
956 2088 1052 2152 αι’ντδν
1079 2090 1294 2172 μειρακίσκων
1321 2090 1375 2153 καί

255 2191 437 2273 νεανίσκων,
471 2194 504 2255 οῖ
532 2192 642 2273 ἐκείνῳ
671 2192 721 2255 διὰ
755 2192 870 2263 κάλλος
899 2192 1098 2273 συνελέγοντο
1129 2193 1183 2255 καί
1214 2193 1375 2275 ᾠκείωντο

255 2292 504 2367 έκαλλωπίζαντά
530 2318 563 2358 τε
589 2295 825 2379 περιεργότερον
851 2294 905 2359 καί
930 2294 1044 2378 λίχνοις
1071 2294 1151 2378 ἦσαν
1183 2294 1374 2378 ὀφθαλμοῖς,

255 2396 424 2468 ἀκολασίας
447 2398 643 2481 έμπύρευμα,
666 2399 804 2482 κάκείνην
820 2399 998 2483 ἐτύγχανον,
1022 2399 1070 2469 ὡς
1083 2399 1209 2482 λέγεται,
1234 2398 1373 2463 παιδικά.

308 2645 323 2698 1
343 2645 424 2702 αὐτοῦ
443 2652 481 2700 τῶ
499 2653 593 2702 σκοπῶ
613 2647 644 2714 Ε,
664 2662 691 2701 v.
711 2647 785 2702 Xlll
804 2648 829 2715 8,
849 2648 882 2703 31
962 2647 979 2702 3
998 2653 1070 2702 ante
1088 2647 1186 2716 αἴφνης
1205 2659 1325 2702 erasum
1343 2645 1373 2709 ίξ

307 2717 338 2770 in
357 2716 381 2770 B
518 2719 534 2772 4
552 2719 685 2790 punctetur
705 2717 831 2790 prDi,
851 2735 907 2775 om.
928 2718 955 2772 A
1094 2719 1126 2772 ll
1148 2717 1279 2787 τολμηθὲν
1297 2717 1371 2789 pr

308 2843 341 2896 12
358 2842 438 2912 πριυὴ
458 2841 484 2897 Α
571 2843 605 2896 14
623 2793 732 2912 άρδρίδί
751 2844 773 2898 Β
792 2846 817 2898 δι
836 2845 876 2898 ab
895 2843 932 2898 al.
952 2860 1039 2912 man„
1058 2843 1175 2912 ἇθρίτιδι
1195 2843 1219 2898 Ε
1306 2863 1371 2913 προ·

305 2915 423 2968 παλαίων
443 2914 478 2982 D,
499 2931 574 2970 corr.
595 2913 646 2972 Dw
719 2918 840 2986 ἀμέτρων
859 2914 886 2969 Ι)
969 2917 1002 2969 15
1022 2917 1149 2984 ἐνόμησεν
1168 2914 1203 2983 Ι),
1224 2931 1300 2969 corr.
1320 2914 1371 2972 Do·

307 2987 341 3039 15
353 2985 468 3057 βίουςΙ)
543 2987 575 3041 16
588 2987 675 3041 αὐτῶν
688 2987 764 3058 pr
839 2986 1171 3058 l'lpostoi'add.xut'E
1245 2988 1278 3040 18
1290 2987 1371 3056 όφαλ·

304 3067 364 3126 μοῖς
385 3057 407 3113 C

252 3297 362 3360 rantes,
383 3293 455 3362 quid
475 3293 636 3347 moliretur.
675 3289 824 3346 Produxit
843 3292 1016 3347 convivium
1035 3305 1133 3360 usque
1148 3290 1187 3346 ad
1201 3306 1368 3361 vesperam.

224 3364 330 3423 3Tum
349 3379 416 3419 cum
436 3365 617 3420 surrexisset
636 3379 653 3418 e
673 3365 823 3432 convivio,
853 3379 982 3433 propere.
1010 3364 1183 3418 cubiculum
1211 3364 1368 3433 ingressus

252 3435 353 3506 paullo
373 3442 441 3506 post
461 3436 566 3490 babitu
583 3437 668 3506 regio
683 3449 751 3490 cum
764 3435 866 3489 multis
879 3434 1058 3490 satellitibus
1071 3434 1151 3488 illinc
1165 3433 1368 3504 progreditur.

224 3507 337 3571 4Qoae
356 3509 549 3576 resignatos
568 3508 641 3576 quid
654 3508 746 3561 animi
760 3507 887 3561 baberet
899 3507 1115 3561 consternavit.
1152 3504 1212 3561 Sed
1232 3507 1369 3560 oratione

252 3579 291 3632 ad
311 3580 434 3647 eosqui
454 3579 583 3633 aderent
602 3579 714 3646 habita,
743 3578 818 3631 alios
838 3578 939 3631 verbis
958 3579 989 3630 in
1008 3592 1079 3630 suas
1099 3582 1201 3646 partes
1223 3577 1368 3642 traduxit,

225 3650 327 3709 salios
345 3651 436 3704 ctiam
455 3651 494 3703 ri.
532 3649 614 3714 Quos
634 3664 701 3704 cum
721 3663 824 3704 secum
844 3649 988 3716 duxisset,
1018 3648 1096 3702 illico
1116 3649 1147 3702 in
1166 3649 1283 3718 regiam
1304 3649 1369 3701 abit

252 3727 282 3775 ct
301 3723 461 3790 pecuniam
482 3721 702 3791 dilargiebatur
722 3726 750 3774 et
771 3721 865 3789 portis
886 3719 1027 3775 custodes
1046 3719 1185 3773 adhibuit
1203 3721 1302 3773 iussos
1326 3721 1368 3772 in·

252 3793 402 3846 trantibus
425 3793 580 3847 introitum
605 3791 782 3858 concedere,
811 3791 865 3846 eed
888 3793 1003 3846 exitum
1026 3791 1100 3845 nulli
1120 3791 1302 3860 permittere,
1330 3806 1369 3845 ne

225 3865 368 3921 (iinterca
387 3863 517 3918 audacio
536 3865 736 3918 nuntiaretur.
775 3861 880 3918 Statim
900 3864 997 3929 mittit,
1017 3863 1068 3931 qui
1088 3861 1297 3916 Constantium
1316 3863 1369 3915 tol·

225 3935 356 4001 flerent,
386 3941 549 4004 antequam
578 3939 680 3990 nosset
708 3933 878 3988 andaciam.
919 3934 992 3987 Erat
1017 3934 1066 3988 ille
1090 3934 1254 3988 venatione
1282 3947 1368 3986 occu·

251 4013 349 4076 patus.
388 4007 503 4061 Etenim
530 4007 615 4061 rabie
639 4007 801 4060 tenebatur
826 4005 959 4060 venandi
983 4006 1082 4074 idque,
1111 4019 1180 4058 cum
1206 4019 1274 4058 cum
1300 4005 1368 4057 arti·

252 4079 347 4132 culari
366 4079 471 4131 morbo
488 4083 641 4148 pugnaret
660 4083 817 4147 perpetuo,
838 4091 898 4146 quo
912 4092 950 4131 ex
965 4076 1123 4130 libidinum
1136 4077 1368 4145 intemperantia

225 4155 409 4218 scon-aptus
433 4157 499 4203 erat
522 4165 558 4204 ac
584 4151 646 4203 vito
671 4149 830 4217 dissoluta;
859 4153 913 4201 aut
936 4148 1026 4202 etiam
1050 4162 1105 4217 per
1127 4148 1257 4216 speeiem
1278 4161 1369 4200 vena-

252 4223 342 4275 tionis
360 4222 391 4274 in
411 4220 502 4274 silvas
521 4237 587 4276 sese
610 4221 743 4275 abdebat
766 4234 834 4273 cum
858 4219 920 4273 suis
945 4220 1047 4288 pueris
1071 4225 1101 4272 et
1126 4217 1368 4286 adolescentulis,

252 4306 328 4362 quos
348 4293 387 4346 ob
407 4293 533 4347 sormam
554 4293 739 4362 conquisitos
759 4298 789 4346 et
807 4291 997 4346 familiariter
1015 4304 1118 4345 secum
1143 4291 1319 4344 coniunctos
1339 4297 1369 4344 et

251 4365 339 4422 nimis
358 4363 555 4420 immoderate
575 4365 671 4420 cultos
690 4364 719 4420 in
742 4362 858 4420 deliciis
876 4362 1020 4418 habuisse
1039 4361 1157 4431 dicitur,
1182 4376 1251 4417 cum
1271 4361 1369 4417 aridis
