3050 4775
248 417 417 482 IOANNES
437 413 661 482 S'YNOELLVS
679 421 862 483 Lunares
880 421 935 482 AD
955 419 1172 482 AGARENOS.
1228 423 1281 483 863

158 614 250 673 τοῦτο
280 615 358 691 χοῦν
390 609 516 692 ἀμελῶς
547 610 690 693 κείμενον
724 607 823 690 (οὕτω
853 609 913 692 γὰρ
941 617 1068 694 ποιήσαι
1096 617 1160 682 τοῖς
1183 609 1325 674 αὐτοῦῖθ

159 712 354 794 θεράπουσιν
381 713 557 794 ἐνετείλατο,
590 713 628 776 ἵν’
652 712 817 797 ἀπόληται)
850 714 938 798 παρά
968 738 1025 778 του
1057 714 1187 798 έκλάπη.
1235 713 1325 784 ώςῖλ

159 815 194 880 δὲ
219 815 411 900 ζητούμενον
443 817 503 879 οὐκ
537 815 586 899 ήν,
620 818 650 879 ολ
676 817 836 900 βάρβαροι
861 819 966 901 θροῦν
993 820 1131 902 ἤγειραν,
1163 818 1218 881 καὶ
1244 816 1280 880 τὸ

158 919 329 1002 πολύτιμον
352 919 472 982 ἐκείνου
496 919 549 983 καὶ
571 919 606 984 τδ
629 919 745 992 κάλλος
759 921 986 1003 θαυμάζοντες.
1032 920 1102 985 δδὲ
1116 921 1162 1004 μή
1178 920 1326 1002 percivit

131 1021 247 1104 δαύτῴ
269 1021 340 1103 περὶ
362 1027 418 1086 τοῦ
442 1022 643 1106 ἀπολομένου
666 1023 764 1088 εἰπὼν
786 1029 851 1094 τοῖς
869 1022 928 1106 μέν
943 1023 1119 1107 βαρβάροις
1133 1023 1281 1106 ἔκπληξιν

158 1124 328 1208 ἐνεποίησε,
351 1125 494 1189 τοιούτου
516 1126 678 1210 χρήματος
694 1125 747 1189 καὶ
762 1126 1025 1209 ἀφροντιστοῦντσ
1041 1126 1160 1208 ὁρῶσιν
1174 1125 1280 1206 αὐτόν,

157 1233 222 1298 τοῖς
250 1223 278 1290 δ’
303 1228 416 1292 ἑαυτοῦ
443 1229 619 1312 θεράπουσι
645 1229 681 1293 τδ
709 1231 817 1310 ἕτερον
848 1230 982 1311 ἐνεγκεῖν
1012 1231 1229 1312 προετρέπετο,
1262 1229 1325 1292 629

158 1329 313 1412 κομισθὲν
333 1333 376 1402 εἰς
390 1331 486 1396 πλέον
500 1332 630 1414 θάμβος
645 1331 717 1403 τοὺς
733 1332 919 1415 βαρβάρους
934 1333 1052 1416 ἐνῆκεν.
1098 1333 1279 1414 ἀντιφιλοτι-
1290 1333 1326 1388 30
1344 1332 1371 1387 Ι)

158 1433 319 1515 μαύμενας
347 1433 381 1498 δὲ
408 1433 462 1498 καὶ
485 1435 504 1498 δ
527 1440 590 1498 τῶν
609 1435 795 1518 Ἀγαρνχνῶν
822 1434 962 1518 ἀρχηγὸς
989 1435 1116 1506 πολλοῖς
1137 1435 1192 1498 τὸν
1210 1432 1279 1498 Ἰω-

113 1541 148 1596 10
159 1536 256 1618 άννην
279 1535 434 1610 ἐδεξιοῦτο
459 1537 626 1620 δωρήμασι
654 1537 707 1601 καλ
736 1538 786 1602 ἐπὶ
817 1543 910 1602 πᾶσιν
942 1538 1030 1620 αὐτῷ
1061 1539 1281 1621 αἰχμαλώτους

158 1641 330 1722 παρέσχετο
361 1639 481 1714 ἑκατόν,
515 1641 676 1723 ἀμφιάσας
704 1640 818 1711 αὐτοὺς
845 1640 1074 1722 λαμπροτέροις
1096 1642 1279 1724 έσδήμασιν.

158 1742 344 1806 ἐπανελθὼν
366 1741 424 1806 οὖν
445 1743 567 1807 ἐκεῖθεν
582 1743 601 1806 δ
615 1742 766 1826 Ἰωάννης
781 1743 835 1806 καὶ
856 1750 903 1825 τῷ
925 1743 1046 1824 βασιλεῖ
1065 1743 1102 1806 τά
1126 1745 1193 1806 ἐκεῖ
1212 1743 1483 1826 den-31W111118

158 1845 312 1927 peripteroe
339 1845 393 1909 καλ
420 1851 485 1909 τῶν
512 1846 653 1929 ἀρχικῶν
681 1847 791 1909 οἰκιῶν
818 1846 962 1928 σχήματά
985 1868 1016 1908 τε
1039 1845 1093 1909 καὶ
1114 1845 1277 1926 ποικιλίαν,

158 1949 200 2018 εἰς
223 1950 325 2030 ἔρωτα
350 1950 494 2032 κεκίνηκε
517 1955 640 2013 τοιαῦτα
666 1949 879 2032 δομήσασδαι.
925 1949 979 2012 καὶ
1004 1950 1110 2030 μέντοι
1134 1949 1278 2022 ἐπέταξεν
1287 1950 1323 2007 32

117 2051 192 2114 lber
214 2058 260 2133 τῴ
282 2050 421 2133 Βρύαντι
445 2051 615 2134 δείμασδαί
636 2053 666 2114 οἱ
689 2051 849 2132 ἀνάκτορα
871 2057 935 2121 ταῖς
963 2051 996 2115 έν
1019 2051 1123 2134 Συρίᾳ
1155 2050 1278 2114 ἐοικότα

158 2153 192 2216 ἐν
215 2155 322 2217 ἅπασι·
355 2153 409 2217 καὶ
437 2156 472 2224 ὃς
501 2155 671 2218 ἐπιστατῶν
699 2161 762 2224 ταῖς
785 2154 906 2217 τούτων
930 2153 1102 2237 δυμήεορσι
1125 2152 1178 2217 καὶ
1201 2153 1277 2236 σχή-

157 2279 241 2338 ματα
275 2257 435 2320 διδάσκων
467 2257 520 2320 καὶ
552 2259 650 2339 μέτρα
679 2259 793 2339 εὔρους
820 2256 928 2322 τεκαὶ
949 2257 1076 2340 μήκους
1098 2256 1151 2319 καὶ
1175 2257 1438 2338 ὕψουςΡῙΙΙδθΑ

157 2359 236 2445 ταχὺ
259 2360 313 2433 τὰς
337 2359 510 2445 οἰκοδομάς
534 2361 725 2443 ἒξεπέρσνεν.

213 2619 226 2670 1
247 2618 351 2686 cipitur
363 2618 399 2686 Ι),
419 2634 495 2673 εονν.
508 2620 558 2678 Dw
631 2620 768 2688 2ἕκλάιιη
782 2618 841 2685 ΑΟ,
862 2618 963 2688 δκλάπη
982 2618 1005 2673 Ε
1024 2618 1076 2673 sed
1098 2623 1158 2672 tam
1178 2618 1279 2687 negle-

212 2696 320 2757 genter
340 2695 508 2758 exaratum,
528 2696 562 2745 ut
582 2692 642 2761 legi
661 2692 755 2761 possit
775 2691 893 2759 ἐκλώπη,
912 2692 995 2745 unde
1013 2690 1124 2759 ἔκλώπη
1145 2705 1192 2758 wp

212 2762 229 2814 4
246 2762 348 2829 μέλλειν
368 2760 428 2827 All,
449 2778 524 2816 corr.
546 2760 691 2833 wapDi
762 2763 780 2817 δ
798 2763 979 2830 ἀπολλυμένου
999 2762 1030 2826 Ε,
1050 2762 1232 2830 ἀπολλυμένου
1251 2759 1278 2813 D

212 2833 229 2886 6
247 2833 291 2923 efai
311 2849 367 2888 οῐη.
388 2833 461 2903 pr
544 2834 560 2887 'l
580 2836 743 2923 ήεράπαυσιν
763 2834 844 2903 Ewp,
864 2850 892 2922 v:
913 2834 952 2887 ad
971 2833 1043 2921 {illl
1065 2833 1142 2923 1,5Ι
1201 2852 1278 2899 προε-

212 2904 486 3057 ttuttlttu
505 2906 668 3047 tritt·
690 2906 712 2961 ⁰
771 2906 998 3047 ιλῖλλλρλέλι
1020 2903 1278 3045 τιλῖλλλςιοιρ

213 3048 246 3102 17
265 3046 359 3116 εὔρους
378 3046 454 3111 ODt,
473 3049 566 3117 εὔρους
586 3048 739 3119 Atinae-p

155 3300 297 3353 manibus
316 3298 395 3353 illius
414 3300 592 3355 affunderet.
629 3301 716 3365 Quod
737 3317 804 3355 eum
818 3300 1010 3369 negligenter
1023 3297 1134 3352 alieubi
1148 3292 1324 3367 postumii

157 3376 236 3424 esset
262 3372 314 3433 (ita
341 3373 420 3425 enim
448 3373 591 3426 ministris
616 3374 678 3427 suis
702 3372 832 3427 loannes
851 3371 1019 3437 mandarat,
1049 3376 1082 3423 ut
1101 3370 1232 3437 periret),
1261 3384 1279 3422 a

157 3441 289 3509 quodam
301 3448 346 3495 est
359 3448 530 3511 surreptum
545 3446 777 3512 quaesitumque
790 3458 945 3511 nurrquam
960 3443 1142 3511 comparuit3
1156 3440 1278 3493 barbari
1289 3435 1324 3490 27

156 3513 251 3581 igitur
274 3520 501 3568 murmurarunt
525 3519 556 3567 et
578 3517 707 3584 pretium
731 3515 809 3568 illius
834 3520 863 3568 et
882 3515 1065 3582 elegantiam
1088 3527 1279 3581 exaggeran-

152 3588 208 3637 tes.
243 3582 312 3653 lpse
333 3601 405 3639 vero
425 3600 491 3638 cum
513 3602 577 3639 eam
599 3588 746 3640 lucturam
765 3587 822 3639 sibi
842 3601 936 3640 curae
958 3599 1019 3637 non
1039 3598 1106 3637 esse
1125 3580 1324 3653 professus28

157 3662 243 3722 esset,
264 3670 316 3709 eos
334 3657 543 3724 obstupefecit,
564 3672 652 3725 quern
674 3664 788 3710 tantam
808 3672 871 3711 rem
891 3657 981 3709 etiam
1001 3656 1159 3724 negligere
1179 3670 1279 3708 cerne-

156 3731 232 3789 rent,
253 3734 282 3779 et
300 3742 318 3779 a
334 3728 476 3781 ministris
497 3728 623 3781 alterurn
643 3729 744 3781 afferri
765 3730 860 3793 iussit,
880 3743 941 3796 que
960 3727 1051 3779 allato
1070 3729 1169 3795 magis
1189 3722 1324 3778 etiam29

157 3797 280 3851 barbari
305 3798 444 3851 admirati
469 3804 546 3853 sunt.
585 3798 643 3853 Sed
668 3807 697 3854 et
717 3800 929 3868 Agar-enorum
954 3800 1094 3867 princeps
1113 3812 1200 3850 suam
1219 3795 1325 3849 ina-30

156 3869 361 3937 guilicentiam
377 3876 531 3922 ostentans
545 3870 689 3924 loannem
710 3872 829 3937 magnis
846 3869 1023 3922 muneribus
1043 3868 1142 3921 affecit
1163 3875 1192 3921 et
1211 3873 1279 3937 post

157 3942 367 3994 cetaraomnia
377 3946 495 3994 centurn
511 3941 537 3993 ei
553 3940 1095 4010 captivosdeditsplendidisrestibus
1105 3943 1278 3992 exornatos.

157 4009 287 4064 Ioannes
316 4012 410 4078 igitur
439 4027 506 4064 eum
535 4028 572 4065 ox
603 4028 639 4065 ειι
667 4013 820 4080 legatione
849 4027 990 4065 reversus
1016 4011 1082 4079 regi
1109 4025 1188 4078 quae
1210 4009 1321 4062 acta3l

157 4086 257 4136 essent
276 4084 467 4151 exposuisset
487 4098 523 4135 ae
542 4084 750 4152 principalium
772 4084 892 4136 aedium
915 4084 1031 4144 figuras
1050 4087 1080 4135 et
1099 4082 1278 4133 varietatem

157 4159 319 4219 narrasset,
347 4154 541 4223 cupiditatem
571 4155 636 4207 eius
666 4156 812 4208 excitavit
836 4154 1019 4207 eiuscemodi
1046 4152 1151 4220 regiae
1177 4151 1278 4204 aedifi-

158 4224 289 4291 cnnrlne3
317 4230 410 4293 atqne
435 4227 519 4277 iussu
540 4226 618 4279 illius
639 4225 769 4279 loannes
794 4227 823 4278 in
844 4224 978 4293 Bryante
997 4226 1113 4293 regiam
1133 4222 1278 4291 Syriacae
1287 4221 1323 4275 32

157 4312 211 4363 per
231 4297 333 4349 omnia
352 4298 475 4350 similem
496 4298 672 4365 arrspicatus
692 4305 737 4351 est
756 4303 786 4350 et
805 4298 977 4349 architectis
998 4297 1103 4364 liguris
1119 4295 1277 4347 mensuris·

157 4380 216 4435 que
242 4368 409 4421 latitudinis
435 4374 464 4421 et
491 4367 689 4439 longitudinis
715 4376 744 4427 et
771 4368 937 4424 altitudinis
964 4366 1176 4422 demonstratis
1201 4379 1278 4437 opus

156 4439 295 4495 celeriter
313 4440 450 4495 absolvit.
