3050 4775
261 378 312 433 204
562 378 697 435 ZONAR.
718 373 816 435 ΕΡΓΓ,
835 378 903 434 XJV
924 378 967 444 15,
986 377 1081 431 1-18.

235 566 320 641 ‘ipat’
343 562 396 624 καὶ
418 562 552 643 βασιλεῖς
575 563 676 645 άμηιιο
699 562 886 645 χρηματίσαι
914 561 1029 632 αι’·τσδς
1056 561 1110 624 καὶ
1138 560 1303 643 νυμφίους.
1350 559 1380 622 ολ

261 666 297 727 δέ
320 688 353 745 γε
378 664 498 745 Πέρσαι
521 664 576 747 τὴν
599 665 683 746 ἑιβιιν
709 666 894 746 κατέτρεχον
920 664 974 727 καί
1001 663 1056 733 τὰς
1084 663 1143 745 μὲν
1170 668 1234 727 τῶν
1261 666 1380 745 χωρῶν

263 766 317 849 ὑφ’
333 766 464 837 ἑαυτοὺς
479 768 651 841 ἐποιοῦντο,
666 766 721 837 τὰς
737 768 772 831 δὲ
787 768 957 849 ἐληίζοντο
973 768 1027 831 καὶ
1042 768 1062 849 ἡ
1078 766 1238 849 Ῥωμαϊκὴ
1255 763 1379 846 στρατιὰ

260 871 503 953 προσβάλλουσα
537 871 656 941 τούτοις
690 872 799 953 ἥττητο
833 871 886 933 καί
921 870 1072 934 διώλλυτο
1106 870 1255 951 βραχέων
1288 871 1380 929 τινῶν

234 973 504 1053 βπερισωθέιτων
536 980 633 1056 φυγῇ.
679 974 732 1036 καί
763 974 820 1056 τὴν
851 971 1016 1055 Εὐρώπην
1047 974 1078 1036 οῖ
1102 973 1234 1055 Ἄβαροι
1265 970 1319 1033 καὶ
1350 970 1406 1034 oto

235 1074 390 1138 4Σκύθαι
413 1076 598 1157 ἠρήμωσαν.
644 1074 693 1138 διὸ
716 1078 769 1139 καί
786 1076 896 1158 ἠπόρει
911 1076 931 1139 ὁ
945 1076 1088 1158 βασιλεὺς
1102 1074 1286 1156 Ἡράκλειος
1301 1072 1329 1151 δ,
1353 1095 1380 1133 τι

261 1177 314 1240 καί
333 1178 448 1258 δράσει.
495 1179 742 1261 ἐπισκεψάμενος
760 1179 820 1261 γὰρ
835 1179 908 1249 τοὺς
926 1177 1164 1260 στρατιωτικοὺς
1186 1176 1380 1257 καταλόγους

227 1280 344 1343 Βπάνυ
367 1281 495 1351 τούτους
518 1278 590 1363 είιρε
617 1284 752 1364 βραχεῖς,
786 1282 934 1345 ἁπάντων
956 1281 1070 1364 σχεδὸν
1092 1281 1126 1343 ἒν
1147 1286 1211 1349 τοῖς
1232 1279 1381 1359 πολέμοις

235 1383 500 1447 ὂάναλωθέντων.
547 1385 582 1447 ἔκ
612 1384 672 1465 γὰρ
700 1390 764 1448 τῶν
792 1385 841 1447 ἐπὶ
865 1384 1046 1465 Μαυροιίου
1075 1383 1129 1446 τὸν
1156 1382 1276 1445 Φωκᾶν
1304 1381 1418 1443 ἀνα-Ι)
1433 1383 1515 1438 1113

263 1487 480 1567 γορευσάντων
495 1488 538 1557 εἰς
553 1486 670 1557 πολλὰς
685 1488 825 1570 χιλιάδας
841 1487 1090 1569 ἀριθμουμένων
1105 1486 1165 1549 δύο
1180 1484 1273 1567 μόνοι
1288 1506 1380 1565 στρα-
1394 1488 1428 1542 10

236 1594 252 1645 11
262 1593 367 1651 τιιῦται
388 1589 636 1671 περιλειφθέντες
658 1590 843 1672 εὑρέθησαν,
889 1590 1140 1671 οτρατολογήσας
1162 1586 1220 1652 οὖν
1239 1587 1382 1668 Κρίσπον

263 1690 435 1774 στρατηγὸν
459 1690 692 1763 Καππαδοκίας
714 1692 920 1774 προβάλλεται
942 1691 997 1755 καὶ
1019 1691 1131 1755 στέλλει
1153 1696 1263 1753 τοῦτον
1285 1690 1356 1752 ἐκεῖ.

237 1800 252 1852 t
352 1792 376 1854 I
379 1792 472 1856 ίνεται
504 1793 539 1857 δὲ
571 1794 659 1875 αὐτῷ
691 1795 726 1857 ἐκ
758 1801 813 1876 τῆς
842 1794 1026 1878 Αὐγούστης
1054 1792 1225 1873 Εὗδοκίας,
1258 1795 1297 1875 ἣν
1328 1791 1382 1854 καί

236 1895 391 1976 ὃΦαβίαν
413 1895 571 1978 ὠνόμασε,
594 1896 737 1978 θυγάτηρ
757 1896 929 1979 Ἐπιφανία.
975 1895 1037 1959 εἶτα
1060 1896 1114 1959 καί
1137 1896 1204 1965 υίὸς
1226 1895 1339 1977 ἐτέχθη
1363 1894 1381 1957 ὁ

262 1997 376 2079 μικρὸς
395 1996 580 2077 Ἡράκλειος
603 1999 656 2061 καί
679 2000 749 2069 νέος
772 2000 1008 2069 Κωνσταντῖνος
1030 1998 1167 2081 κληθείς,
1200 1997 1254 2061 καὶ
1279 1997 1381 2079 ἄμφω
1393 2001 1426 2055 15

237 2100 298 2163 aab
321 2099 366 2162 τὼ
389 2100 481 2163 παῖδε
503 2101 655 2182 βασιλικῷ
679 2101 845 2183 διαδήματι
874 2102 1056 2165 ιεταινίιυκε.
1102 2102 1155 2165 καὶ
1182 2099 1249 2184 μετ’
1278 2100 1382 2182 ὀλίγον

220 2208 255 2262 10
265 2203 282 2284 ip
308 2201 423 2284 γαμετὴ
447 2202 544 2265 αὐτοῦ
567 2204 587 2285 ἡ
612 2204 778 2284 Αὐγούστα
798 2202 940 2267 Etitouio
962 2203 1017 2267 τδν
1038 2205 1108 2287 βίον
1131 2204 1284 2268 ἀπέλιπεν.
1330 2203 1381 2266 έκ-

266 2413 276 2462 1
298 2413 336 2463 δἐι
354 2411 483 2464 πάντοθεν
503 2421 534 2480 τῇ
552 2413 692 2478 Ῥωμαίων
710 2413 780 2480 ἀρχῇ
798 2413 912 2480 ἐγίνοντο
924 2412 1111 2480 δυστυχήματα
1131 2411 1154 2467 C
1228 2412 1261 2466 13
1279 2413 1317 2464 ὅτι
1332 2411 1381 2466 δύο

262 2483 354 2540 παῖδες
373 2491 410 2550 τῷ
426 2484 578 2550 Ἡρακλείῳ
595 2483 626 2536 ἐκ
646 2491 691 2552 τῆς
711 2483 866 2550 Αὐγούστης
879 2484 1014 2543 Εὐδοκίας
1032 2483 1177 2552 ἐτέχθησαν
1196 2483 1219 2539 C
1293 2483 1326 2536 16
1344 2503 1382 2535 τε·

263 2552 340 2622 λευτὴ
360 2561 405 2622 τῆς
424 2553 575 2620 Αθγούστας
593 2555 726 2614 Εὐδοκίσς
746 2553 793 2610 ΟΕ
868 2554 900 2609 17
919 2557 1064 2623 σημείωσαι
1084 2555 1108 2608 Ε

319 2750 331 2801 1
352 2751 438 2819 ἄμφω
456 2752 614 2818 χρηματίσαι
634 2751 728 2810 αὐτοὺς
747 2752 793 2804 καί
812 2754 944 2819 νυμφίους
962 2751 1072 2820 AEwp,
1091 2751 1136 2806 καί
1151 2766 1284 2820 νυμφίους
1296 2752 1381 2819 άμητισ

317 2823 475 2890 χρηματίσαι
493 2821 587 2881 αὐτούς
606 2822 639 2888 R,
658 2822 703 2875 καί
721 2823 853 2891 νυμφίους
871 2825 1030 2891 χρηματίσαι
1049 2822 1144 2882 αὐτοὺς
1164 2822 1187 2878 C
1284 2824 1302 2875 9
1319 2822 1381 2876 ἀνα-

317 2893 499 2961 γορευσάντιον
512 2890 595 2962 Altp,
614 2893 849 2960 ἀναδορευσάντσιν
867 2893 911 2946 w*
977 2895 1008 2947 11
1028 2895 1242 2964 περιλειφθέντες
1256 2892 1381 2964 prDt',

316 2965 521 3034 περιληφθέντες
540 2963 575 3032 Α,
596 2981 624 3017 v.
644 2965 683 3018 ad
702 2963 771 3019 XIV
792 2965 833 3031 16,
847 2965 902 3019 ab
969 2967 1117 3034 εὑρέθησαν
1134 2965 1381 3034 περιλειφθέντεςΕ

320 3035 352 3089 14
370 3037 513 3104 θυγάτριον
531 3035 568 3102 Ι),
588 3035 721 3090 filiolam:
746 3037 797 3090 Wo
817 3037 872 3102 lat,
895 3038 1026 3105 θυγατέρα
1045 3037 1069 3090 Ε
1158 3038 1200 3091 ἐπὶ
1219 3037 1304 3106 φανέα
1325 3036 1347 3089 Ε

319 3108 352 3162 16
372 3107 401 3161 δὲ
421 3123 477 3162 om.
496 3107 520 3160 B
638 3113 705 3178 post
722 3109 801 3162 παῖδε
820 3108 890 3162 add.
909 3109 994 3162 τούτω
1013 3108 1087 3178 pr
1208 3109 1241 3164 17
1259 3108 1382 3161 ἀπέλιπεν

318 3176 445 3249 prDt',
464 3179 571 3233 ἀπέλιπε
589 3176 624 3244 Α,
645 3196 672 3232 t'.
692 3179 730 3233 ad
750 3177 823 3233 XIII
844 3180 867 3248 1,
886 3179 904 3234 5

238 3371 383 3446 iperunt,
403 3377 509 3431 codam
530 3376 579 3430 die
598 3381 628 3431 et
646 3393 735 3447 roges
755 3383 786 3431 ct
804 3378 903 3431 mariti
919 3378 1070 3448 appellati.
1106 3376 1268 3432 AtPcrsae
1287 3378 1382 3431 oricn·

264 3447 339 3502 tales
353 3449 526 3516 provincias
538 3450 736 3515 incursantes,
756 3449 831 3503 alias
844 3449 1036 3519 subigebant,
1056 3449 1131 3503 alias
1142 3449 1382 3517 praedabantur3

265 3518 481 3590 Romanaeque
496 3519 631 3589 legiones
646 3521 685 3573 ab
706 3521 741 3573 iis
761 3521 861 3574 victae
879 3534 1048 3590 caesaeque
1067 3527 1161 3586 crant,
1181 3521 1287 3590 paucis
1306 3521 1382 3589 suga

193 3586 218 3639 3.
237 3585 383 3658 4elapsis.
423 3591 573 3660 Europam
593 3588 711 3645 Avares
740 3596 770 3645 et
797 3590 928 3661 Scythae
954 3597 1162 3646 vastaverunt.
1200 3591 1316 3655 Quibus
1344 3590 1382 3645 dc

265 3662 357 3715 rebus
377 3677 432 3716 rox
445 3662 614 3729 dubitabat,
634 3662 707 3732 quid
727 3663 784 3717 sibi
804 3662 1074 3717 essettaciendum.
1111 3663 1187 3716 Nam
1205 3663 1236 3716 in
1251 3662 1383 3716 militari·

267 3733 323 3786 bus
337 3733 484 3804 catalogis
506 3748 622 3802 paucos
642 3735 763 3789 omnino
782 3734 963 3804 reperiebat,
982 3749 1080 3803 paene
1093 3733 1321 3788 omnibusbello
1332 3733 1382 3788 ab·

238 3801 399 3873 bsumptis.
427 3805 470 3858 Ex
482 3805 582 3858 multis
593 3807 671 3859 enim
683 3820 788 3860 eorum
799 3806 927 3872 milibus,
948 3807 999 3875 qni
1017 3807 1074 3859 sub
1094 3804 1240 3859 Mauricio
1250 3805 1381 3858 Phocam

265 3877 478 3944 imperatorem
499 3878 734 3942 consalutarant,
754 3876 816 3931 duo
835 3877 890 3931 soli
909 3877 1018 3931 milites
1037 3878 1144 3946 reliqui
1168 3882 1239 3930 sunt
1257 3877 1381 3930 inventi.

238 3945 377 4001 6Verum
398 3948 516 4002 delectu
536 3947 753 4018 actoCrispum
773 3963 841 4002 curn
855 3948 893 4001 im
917 3949 981 4003 erio
1000 3949 1031 4001 in
1042 3947 1265 4017 Cappadociam
1284 3948 1382 4001 mittit.

240 4017 255 4070 7
356 4020 399 4072 lix
414 4019 549 4073 Eudocia
562 4019 711 4089 Augusta,
732 4035 822 4088 quam
843 4025 873 4072 et
910 4019 1009 4074 abiam
1024 4020 1199 4084 nominavit,
1219 4018 1310 4072 filiam
1321 4034 1383 4072 sus-

239 4090 346 4160 ticepit
357 4090 563 4160 Epiphaniam,
585 4090 695 4145 deinde
714 4090 808 4144 filium
828 4106 950 4160 quoque
963 4089 1136 4144 Heraclium
1156 4091 1311 4155 minorem,
1331 4091 1383 4158 qui

267 4167 297 4216 et
316 4163 413 4216 minor
429 4161 644 4217 Constantinus
665 4163 763 4217 dictus
783 4168 841 4227 cst3
860 4163 965 4216 ambos
987 4161 1278 4230 puerosdiadematc
1298 4177 1384 4215 orna-

177 4229 202 4282 a.
223 4229 257 4282 10
268 4233 317 4286 vit.
357 4231 462 4302 Neque
472 4233 565 4287 multo
586 4239 654 4302 post
665 4235 776 4288 coniux
797 4233 1009 4287 einsEudocia
1029 4233 1162 4287 moritur.
1188 4232 1384 4287 Cuiusiunus

267 4319 336 4358 curn
356 4309 466 4358 ornatu
485 4305 571 4374 regio
592 4320 646 4375 per
663 4306 763 4358 forum
775 4305 941 4371 efferretur,
961 4304 1062 4374 puella
1081 4304 1232 4373 quaedam
1253 4304 1384 4357 barbara

266 4381 464 4445 prospectans
483 4381 605 4446 sputum
625 4376 655 4429 in
676 4376 828 4444 feretrum,
848 4376 879 4429 in
899 4374 1314 4446 qquugustaeffcrebatur,
1333 4376 1384 4428 im·
