3050 4775
236 407 290 470 552
537 411 671 470 ZONAR.
692 411 792 468 EPIT.
809 411 895 468 XVII
912 411 937 482 7,
955 411 1052 469 3-16.

236 620 329 680 χοιεν,
359 598 463 680 ἐαυτῷ
488 595 547 678 μὲν
572 593 628 678 τὴν
655 595 799 678 βασιλίδα
826 599 890 660 τῶν
911 595 1036 660 πόλεων
1059 595 1193 677 ἀπένεμε
1215 591 1355 656 καὶτῶν

235 699 389 763 πλειόνων
412 698 518 762 ἐθνῶν
540 697 594 760 καί
616 703 736 781 χωρῶν
757 697 794 762 τὸ
817 699 941 781 κράτος,
964 706 1011 781 τῴ
1034 698 1069 763 oi
1090 697 1233 781 Σκληρῴ
1254 717 1353 778 προσ-

236 802 373 884 εκλήρου
400 800 456 885 τὴν
479 800 665 884 Ἀντιόχειαν
696 801 753 884 τήν
779 825 812 864 τε
837 801 956 884 Κοίλην
977 800 1101 883 Συρίαν
1126 799 1180 863 καί
1206 798 1355 880 Φοινίκην

236 903 290 967 καὶ
313 903 521 986 Παλαιστίνην
542 903 596 967 καί
619 902 868 986 Μεσοποταμίαν
894 905 947 968 καί
974 903 1029 975 τὰς
1055 903 1220 986 συνθήκας
1246 901 1355 982 ὅρκοις

208 1001 312 1070 4καθ’
337 1008 431 1089 ἱερῶν
454 1006 685 1088 ἐμπεπέύωκεν.
732 1005 782 1070 ἐπί
804 1005 924 1077 τούτοις
946 1005 1156 1089 τεθαρρηκὼς
1173 1004 1192 1067 ὁ
1207 1002 1382 1085 Σκληρός-5

210 1108 375 1192 ὀπρόσεισι
396 1116 443 1191 τῷ
469 1108 580 1190 Φωκᾷ.
626 1109 645 1172 ὁ
669 1104 697 1172 θ’
722 1107 809 1180 ἐντὸς
831 1109 963 1191 ἀρκύων
985 1114 1095 1172 τοῦτον
1122 1106 1232 1190 λαβὼν
1259 1106 1353 1188 ἀφαι-

237 1217 330 1294 ρεῖται
352 1211 410 1294 μὲν
439 1211 535 1275 αὐτού
562 1210 597 1274 τὸ
625 1218 731 1294 σχῆμα
760 1211 800 1294 ὀὴ
826 1210 862 1274 τὸ
889 1211 1053 1292 βασίλειον,
1084 1210 1287 1291 καθείργνυσι
1320 1206 1355 1272 δὲ

209 1313 290 1377 enai
318 1311 464 1397 φρουρὰν
496 1313 584 1396 αὐτῷ
614 1314 807 1396 περιίστησιν.
853 1314 909 1396 ὑφ’
937 1312 1050 1377 ἑαυτὸν
1078 1313 1113 1377 il
1139 1311 1194 1376 καί
1219 1310 1275 1394 τὴν
1298 1309 1355 1374 σὺν

203 1415 347 1498 Βέκείνφ
379 1414 522 1498 στρατιὰν
553 1415 764 1498 ποιησάμενος
791 1421 848 1478 τοῦ
876 1415 1072 1497 τυραννεύειν
1102 1416 1199 1498 εἴχετο
1227 1435 1354 1495 κραται-

210 1518 353 1599 Ίότερον.
399 1519 418 1582 ύ
445 1519 551 1602 μέντοι
578 1517 726 1602 Σκληρός
753 1519 1041 1602 προμηθευόμενος
1072 1519 1176 1599 ἐαυτῷ
1207 1515 1289 1598 πρὸς
1319 1513 1392 1579 τὸΙ)
1407 1525 1449 1579 lv
1464 1526 1516 1578 114

235 1621 350 1704 μέλλον
378 1621 413 1694 ἐξ
444 1621 614 1704 ἀποτυχίας
646 1621 803 1703 σωτηρίαν
834 1621 909 1694 τινά,
941 1619 1005 1703 πρὸ
1036 1625 1093 1684 τού
1123 1619 1356 1701 κατασχεθῆναι

236 1722 318 1804 πρὸς
332 1729 388 1786 τοῦ
405 1722 508 1788 Φωκᾶ
522 1722 576 1787 τὸν
592 1721 662 1787 υἱὸν
673 1722 840 1805 Ῥωμανὸν
854 1724 960 1806 λάθρᾳ
981 1729 1092 1806 φυγεῖν
1112 1721 1354 1804 παρεσκεύασεν,

210 1826 284 1897 δὼς
306 1825 540 1908 αὐτομολοῦντα
564 1833 610 1908 τῷ
632 1827 762 1908 βασιλεῖ·
787 1827 824 1896 ὃς
838 1825 892 1890 καὶ
906 1830 1087 1909 περιχαρῶς
1101 1823 1188 1907 παρὰ
1204 1829 1260 1888 τοῦ
1275 1845 1354 1907 κρα-

236 1933 363 1999 τοῦντος
386 1928 502 2011 ἐδέχθη
526 1928 579 1992 καλ
601 1929 771 2012 μάγιστρος
794 1929 926 2012 ἐτιμήθη
950 1929 1057 2000 εὐθύς.

210 2037 228 2092 9
322 2029 363 2095 ‘O
389 2030 508 2102 Φωκᾶς
535 2030 570 2094 δὲ
598 2030 778 2114 ἀπόμοιράν
803 2054 868 2095 τινα
891 2038 946 2115 τῆς
968 2035 1110 2112 στρατιᾶς
1131 2030 1196 2093 ὑπὸ
1218 2029 1272 2094 τὸν
1293 2053 1354 2092 πα·
1366 2034 1400 2089 15

236 2134 353 2216 τρίκιον
375 2135 470 2207 τάξας
491 2131 546 2197 τὸν
568 2133 722 2217 Δελφινᾶν
744 2135 787 2204 είς
809 2133 866 2216 τὴν
887 2131 1015 2215 ἀντικρύ
1036 2139 1092 2216 τῆς
1116 2133 1276 2216 βασιλίδος
1301 2133 1354 2196 ἐκ-

236 2237 350 2319 πέμπει
373 2234 584 2318 Χρυσόπολιν,
616 2235 712 2307 αύιὸς
739 2235 774 2300 ύέ
800 2235 858 2300 σύν
883 2243 921 2319 τῇ
948 2236 1041 2319 λοιπῇ
1069 2235 1199 2318 ὁυνάμει
1226 2236 1356 2318 ἀφίκετο

195 2347 229 2402 10
237 2339 319 2422 πρὸς
341 2337 397 2423 τὴν
412 2338 558 2422 'Apiados
602 2345 649 2421 τῴ
671 2339 776 2419 μέντοι
799 2338 936 2423 Δελφινᾷ
958 2337 1250 2421 ἐστρατοιτεόευκότι
1275 2335 1355 2401 κατὰ

239 2441 442 2525 Χρυσόπολιν
464 2442 619 2526 αἰφνίδιον
641 2442 779 2526 ἐπῆλθεν
801 2443 819 2505 ὁ
842 2442 986 2526 βασιλεὺς
1007 2441 1085 2525 μετὰ
1107 2442 1187 2505 λαοῦ
1203 2441 1355 2505 Ῥωσικού

240 2637 275 2690 10
292 2638 331 2690 ὅτι
348 2635 401 2705 πρὸ
418 2644 464 2690 τοῦ
483 2636 648 2706 ύεσμηθῆναι
670 2638 757 2707 λάθρᾳ
778 2637 816 2696 ὡς
834 2636 980 2705 σύτόμολον
1003 2637 1107 2706 ἔπεμψε
1128 2635 1173 2690 τόν
1195 2635 1253 2691 oth
1275 2634 1356 2690 αύτοῢ

237 2706 303 2775 πρός
321 2708 489 2777 τὸνβασιλέα
507 2709 523 2762 ὀ
541 2707 665 2777 Σκληρός
684 2706 706 2763 C
780 2708 814 2763 15
830 2708 890 2777 περὶ
908 2715 955 2762 τού
973 2708 1090 2777 Δελφινᾶ
1109 2706 1157 2763 ΟΕ
1229 2708 1264 2761 18
1283 2709 1356 2766 ὅπως

238 2779 307 2833 ἑάλω
327 2779 372 2833 καί
392 2778 602 2849 ἀνεσκολοπίσθη
622 2778 670 2835 ΟΕ

292 2960 306 3011 1
326 2954 437 3025 ύπίνεμε
450 2964 521 3013 ante
534 2957 618 3027 τὴνΟ
690 2957 813 3024 ἀπένειμε
831 2956 894 3027 w*p
914 2958 1017 3012 invitis
1030 2956 1084 3012 AR
1154 2957 1173 3010 4
1192 2961 1260 3027 post
1277 2977 1356 3024 μεσο-

290 3050 348 3084 ποτ.
361 3030 430 3084 add.
441 3030 486 3083 καί
498 3031 623 3097 αίχυπτον
633 3029 705 3100 Ewp
759 3028 778 3083 5
789 3029 980 3097 ἐμπαιόόωκαν
990 3029 1018 3082 D
1072 3029 1089 3082 6
1101 3037 1140 3098 τῷ
1150 3026 1192 3097 Φ.]
1202 3028 1246 3083 τὸν
1257 3025 1261 3099 Ι
1272 3036 1357 3097 φωκᾶ

291 3100 319 3154 D
409 3102 426 3155 8
444 3102 605 3169 περιίατασιν
623 3099 650 3155 D
741 3100 784 3155 10.
805 3101 836 3155 11
856 3102 989 3170 σωτηρίαν
1006 3100 1072 3168 πρὸς
1091 3121 1112 3155 τ.
1129 3099 1225 3169 μέλλον
1243 3099 1299 3154 τινὰ
1315 3100 1356 3164 ἐξ·

290 3172 432 3242 αποτυχίας
451 3171 479 3226 D
554 3172 587 3227 16
606 3172 715 3241 ἅντικρυ
735 3172 798 3242 w*p
818 3172 921 3227 invitis
940 3170 994 3226 AR

238 3346 268 3396 et
286 3342 460 3397 societatem
480 3343 638 3411 amplexus
657 3347 703 3396 est·
722 3346 759 3411 et,
785 3343 811 3395 si
830 3349 970 3397 votorum
990 3346 1145 3412 compotes
1163 3342 1278 3409 flerent,
1297 3341 1355 3396 sihi

237 3412 342 3467 urbem
358 3414 473 3483 regiam
487 3419 517 3467 et
530 3413 660 3482 plurium
674 3415 811 3483 gentium
824 3428 861 3467 ao
874 3414 1101 3484 provinciamm
1119 3414 1279 3483 imperium
1292 3413 1355 3467 vin·

238 3483 327 3551 dicat,
346 3482 447 3539 Sclero
466 3482 666 3552 Antiochiam,
686 3483 896 3553 coelesyriam,
916 3484 1118 3553 Phoenicium,
1143 3484 1354 3550 Palaestinam,

209 3553 483 3625 lMesopotamlam
510 3556 648 3609 attribuit
673 3570 771 3625 eaque
794 3561 884 3625 pacta
909 3556 1106 3611 iureiurando
1135 3558 1241 3610 sancit
1287 3555 1354 3619 Quo

209 3623 357 3679 hSolerus
376 3628 472 3681 fretus
492 3640 559 3679 cum
579 3626 619 3680 ad
629 3626 761 3681 Phocum
780 3642 813 3681 se
832 3627 1008 3683 contulisset
1027 3643 1064 3683 ao
1081 3630 1141 3683 iam
1160 3629 1241 3682 intra
1254 3642 1355 3682 casses

237 3702 323 3763 esset,
344 3698 472 3765 primum
492 3697 598 3752 habitu
616 3699 701 3768 regio
717 3700 862 3767 privatur,
881 3698 992 3753 deinde
1004 3699 1036 3753 in
1050 3714 1203 3754 carcerem
1216 3700 1354 3753 coniecto

209 3768 375 3822 houstodia
399 3768 574 3835 adhibetur3
607 3775 637 3824 sl
662 3770 756 3838 copiis
781 3770 860 3823 illius
883 3770 993 3837 ascitis,
1020 3770 1137 3823 Phooas
1161 3769 1354 3839 tyrannidem

209 3838 321 3893 'isuam
340 3840 446 3894 firmat.
485 3840 646 3894 Enimvero
661 3838 781 3896 Sclerus
799 3841 976 3910 priusquam
993 3841 1032 3895 ab
1045 3840 1148 3895 Phoea
1160 3841 1353 3911 eomprehen-

237 3910 367 3976 deretur‚
387 3914 429 3975 ut,
455 3912 478 3964 si
498 3925 546 3965 res
565 3910 644 3965 male
663 3913 809 3977 cessisset,
837 3918 993 3982 receptum
1013 3912 1144 3982 aliquem
1166 3912 1293 3967 haberet
1316 3928 1354 3966 ao

237 3997 319 4051 spem
340 3982 453 4048 salutis,
473 3989 602 4049 curarat,
622 3987 656 4037 ut
675 3982 753 4037 lilius
772 3998 846 4038 auus
861 3982 1024 4051 Romanus,
1044 3984 1119 4038 elam
1133 3990 1255 4053 arrepta
1269 3985 1353 4052 iuga,

209 4052 275 4107 {lad
294 4068 398 4122 regem
418 4053 569 4123 deiiceret,
588 4070 606 4107 a
626 4069 687 4125 quo
706 4059 736 4108 et
754 4069 823 4108 euin
841 4055 956 4125 gaudio
976 4060 1123 4124 exceptus
1141 4060 1188 4109 est
1207 4058 1353 4109 utstatim

235 4124 380 4194 magister
399 4125 586 4194 designatus.

208 4195 225 4248 9
325 4194 441 4251 Phocus
460 4202 561 4251 autem
576 4196 726 4266 Delphina
745 4198 872 4265 patricio
893 4214 960 4252 cum
980 4204 1067 4267 parte
1086 4198 1242 4267 copiarum
1261 4195 1353 4267 Chry·

235 4267 369 4337 sopolim,
390 4273 528 4337 quaeest
547 4282 563 4320 s
583 4268 709 4335 regione
722 4268 807 4322 urbis
819 4269 932 4338 regiae,
951 4270 1051 4337 misso,
1071 4270 1135 4339 ipso
1148 4284 1217 4323 cum
1234 4268 1352 4338 reliquo

190 4338 225 4390 10
234 4340 370 4393 exercitu
396 4337 538 4408 Abydum
564 4339 773 4407 proficiscitur.
810 4339 876 4393 Rex
901 4356 974 4394 vero
1000 4334 1191 4409 Delphinum,
1220 4353 1288 4394 cum
1313 4340 1353 4393 ad

234 4408 442 4481 Chrysopolim
462 4414 562 4464 castra
582 4410 710 4477 fecisset,
730 4410 831 4465 subito
851 4426 919 4465 oum
935 4411 1062 4466 Russioo
1077 4414 1212 4467 exercitu
1225 4412 1353 4466 adortus
