3050 4775
367 414 442 485 cve
460 416 537 486 inu
557 412 598 483 IN
618 411 807 482 mamitus
826 408 1041 481 sustineri.
1211 414 1265 481 τοι

142 604 180 681 ὃς
202 611 333 693 ὄμνυσιν
355 608 376 695 ή
399 610 465 695 μὴν
486 618 541 695 τῆς
563 610 720 693 βασιλείας
740 608 847 692 τυχὼν
870 608 974 691 ένιελῆ
1001 608 1107 673 αὐτῶν
1137 614 1264 691 ποιήσαι

141 713 199 795 τήν
221 714 346 796 αἴτησιν.
393 714 412 779 ό
434 715 493 799 μὲν
516 712 575 777 οὖν
597 715 635 777 ὃν
657 714 773 795 εἴρηται
795 711 914 793 τρόπον
936 718 990 795 τῆς
1012 717 1076 774 τῶν
1095 710 1264 792 Ῥωμαίων

141 816 313 897 ἡγεμονίας
344 817 521 900 ἐκράτησεν.
568 818 598 879 οί
621 815 655 878 δὲ
681 814 784 896 τούτῳ
811 814 925 897 ταύτην
953 814 1291 897 προμαντευσάμενοι8

142 920 271 981 ἔννατον
293 919 355 1002 ἤδη
379 920 447 990 ἔτος
469 927 524 1003 τῆς
547 919 716 1001 αὐταρχίας
740 917 865 979 άνόσντι
892 918 1079 1000 προσῆλθον
1102 918 1189 999 αὐτῷ
1211 916 1265 979 καί

115 1023 240 1103 ὃῇτσυν
268 1021 443 1085 ἀποδοῦναι
470 1022 575 1091 αὐτοῖς
601 1028 656 1103 τῆς
681 1021 892 1102 προρρήσεως
920 1018 974 1083 τὸν
996 1018 1123 1101 μισθόν.
1170 1019 1223 1082 καὶ
1246 1018 1292 1081 δ9
1312 1026 1459 1081 P11104A

143 1123 241 1187 Λέων
263 1125 385 1207 ἕτοιμος
407 1124 448 1208 ήν
469 1124 550 1207 πρὸς
572 1130 665 1187 τοῦτο
687 1122 742 1186 καί
760 1123 859 1204 λέγειν
874 1123 963 1205 ἠξίου
979 1123 1008 1187 τί
1020 1122 1056 1186 τό
1071 1122 1264 1205 αἰτούμενον.

142 1226 198 1290 καί
220 1229 240 1310 ή
264 1226 398 1311 βέβηλος
421 1228 522 1311 ἐκείνη
545 1233 610 1291 τῶν
621 1226 786 1290 Ἰουδαίων
803 1225 881 1295 δυὰς
899 1226 994 1289 “orire
1016 1226 1178 1289 πλοῦτον”
1201 1224 1265 1288 είπε
1276 1234 1310 1289 10

142 1330 303 1413 “δαθῆναι
325 1331 401 1413 ήμῖν
423 1330 632 1412 ἐξαιτούμεθα
655 1330 727 1392 οὔτε
746 1328 828 1408 πρὸς
845 1328 940 1410 δόξης
956 1329 1134 1411 ἀναχθῆναι
1148 1350 1264 1410 περιω-
1312 1342 1315 1349 “

143 1432 208 1515 πήν
230 1429 304 1496 οὔθ’
328 1433 433 1515 ἔτερόν
455 1458 483 1495 τι
504 1438 569 1495 τῶν
590 1438 645 1515 τής
667 1432 823 1514 βασιλείας
845 1430 1011 1514 λαμπρῶν,
1036 1432 1101 1494 ἀλλ’
1126 1434 1145 1514 ἢ
1164 1431 1266 1512 μόνον

100 1534 179 1598 1οτδ
201 1534 239 1597 τά
262 1541 318 1599 τοῦ
340 1535 538 1618 Ναζωραίου
561 1534 615 1598 καί
642 1542 698 1617 τῆς
726 1534 823 1597 αὐτὸν
848 1534 1000 1617 τεκούσης
1031 1534 1266 1617 περιαιρεθῆναι

143 1637 302 1700 πάντοθεν
324 1638 566 1720 έιπυπώματα.”
609 1637 663 1700 καί
686 1639 723 1707 ὃς
745 1638 894 1720 ἀβέβαιος
917 1638 965 1699 ὢν
987 1636 1057 1717 περί
1080 1636 1135 1719 τήν
1157 1636 1308 1718 πίστιν,11
1330 1645 1467 1701 witisi

144 1740 254 1822 ὥσπερ
276 1763 303 1803 τι
327 1746 393 1804 τῶν
421 1740 550 1803 είκαίων
577 1739 631 1802 καλ
663 1739 790 1822 ῥᾴστων
821 1746 912 1802 τοῦτο
944 1746 1071 1821 ποιήσαι
1103 1739 1265 1802 συνέθετο·

144 1842 199 1905 καί
220 1848 277 1905 τοῦ
301 1843 434 1906 δεκάτου
457 1844 525 1924 ἄρτι
548 1842 689 1905 ἐνιαυτοῦ
707 1850 762 1925 ιής
777 1843 874 1905 αὐτοῦ
890 1842 1073 1923 τυραννίδος
1089 1841 1266 1923 ἀρξάμενος
1276 1852 1310 1906 12

144 1945 277 2009 καὶτοῦ
305 1946 477 2029 θεομαχεῖν
504 1947 623 2029 ἤρξατο
649 1946 703 2009 καί
733 1944 811 2027 μετὰ
844 1945 1031 2027 φρικώδους
1061 1946 1266 2027 βρυχήματος

101 2052 136 2105 15
144 2047 225 2111 κατὰ
247 2053 312 2111 τῶν
339 2054 462 2112 σετιτῶν
490 2047 625 2112 εόιόνων
655 2049 799 2132 ἐχώρησε
830 2047 884 2111 καὶ
917 2047 1059 2131 διωγμόν
1089 2048 1299 2130 βαρύτατονΒ

143 2152 250 2233 ἤγειρε
276 2151 413 2222 πολλούς
443 2175 475 2215 τε
507 2150 739 2234 ἀνθεστηκότας
770 2156 807 2233 τῇ
840 2150 990 2231 ἒξαγίστῳ
1023 2150 1134 2233 γνώμῃ
1168 2150 1265 2212 αὐτοῦ

144 2252 277 2316 ἐκόλασε
307 2252 361 2316 καί
387 2253 550 2335 μάρτυρας
577 2254 795 2335 ἀπειργάσατο.
841 2252 923 2334 πρὸς
950 2252 985 2315 δὲ
1007 2258 1070 2322 τοῖς
1093 2252 1196 2322 ἄλλοις
1220 2246 1266 2321 οίς

144 2354 225 2421 κατὰ
247 2360 313 2421 τῶν
335 2357 550 2441 εὐσεβούντων
573 2357 737 2439 εἰργάσατο
760 2354 932 2420 καὶτοῦτο
955 2356 1132 2439 πεποίηκεν.
1179 2353 1310 2425 οίκος13

145 2458 186 2542 ήν
209 2460 243 2523 έν
264 2466 303 2544 τῇ
324 2460 504 2543 καλουμένη
528 2459 681 2543 Βασιλικῇ
703 2461 824 2541 ἔγγιστα
846 2464 912 2522 τῶν
930 2457 1184 2540 Χαλκοπρατίων
1206 2459 1265 2540 βα-

148 2618 183 2672 18
208 2616 269 2686 περί
296 2625 342 2673 τοῦ
363 2619 474 2688 πλησίον
497 2625 551 2674 τῶν
575 2619 789 2686 Χαλκοπρατίων
818 2617 1044 2688 (χαλκοπρατείων
1064 2617 1097 2684 C)
1125 2619 1265 2688 βασιλικοῦ

146 2692 224 2744 οἴκου
243 2689 289 2744 καί
306 2697 351 2762 τῆς
369 2691 398 2744 ἓν
416 2691 488 2760 αὐτῷ
506 2691 686 2762 βιβλιοθήκης
704 2690 749 2744 καί
768 2697 821 2743 τῶν
839 2691 867 2744 r'v
886 2690 959 2759 αὐτῷ
979 2691 1149 2744 διδασκάλων
1168 2689 1215 2745 ΟΕ

201 2851 217 2904 r
236 2849 255 2921 t,
273 2852 339 2917 (οι)
357 2850 408 2907 ac
479 2851 498 2907 4
515 2852 619 2907 stan
636 2850 748 2922 nawa
767 2818 858 2907 όιιιι
870 2851 903 2921 ε,
922 2853 1011 2906 aare
1023 2849 1074 2920 οι,
1094 2867 1122 2905 v.
1132 2849 1187 2907 xv
1198 2852 1267 2921 ras

201 2923 219 2977 9
236 2929 291 2977 τῶν
309 2939 367 2978 om.
385 2924 410 2978 Ε
481 2924 601 2992 λαμπρόν
620 2923 692 2993 Ewp
767 2923 801 2977 10
819 2923 859 2992 τὰ]
879 2923 947 2978 κατὰ
966 2924 993 2977 Ι)
1064 2924 1152 2979 αὐτῶν
1165 2922 1268 2989 (εἰα)Α

201 2995 234 3048 11
254 2995 422 3056 κάκτῖνοςΟ
498 2996 530 3049 12
547 3003 653 3064 ποιήσαι
673 3003 749 3050 τοῦτο
768 2995 792 3048 Β
865 2995 957 3049 13.14
974 2994 1265 3064 ἀρξάμενος-ἤρξατο]

199 3082 229 3120 v.
249 3067 290 3120 ad
307 3066 380 3120 XIII
398 3065 423 3135 ὅ,
443 3067 478 3121 29
608 3067 641 3121 16
658 3067 753 3135 γνώμη
773 3065 853 3121 αὐτοῦ
871 3065 981 3136 AEwp,
1000 3067 1080 3120 αὐτοῦ
1098 3065 1222 3135 βουλήσει
1242 3066 1266 3121 Ο

202 3139 236 3192 18
254 3138 390 3206 εἰργάσατο
405 3137 440 3205 Α,
458 3139 596 3208 ελργάαατσ
607 3136 683 3205 Elii,
702 3139 829 3207 ἐτόλμησε
842 3138 915 3208 pr
990 3137 1023 3191 19
1042 3138 1267 3204 Χαλκσπρατείων

199 3206 243 3262 Di
262 3210 365 3264 invitis
383 3208 494 3280 Apr,
514 3226 543 3264 v.
563 3210 603 3264 ad
622 3209 691 3265 XIV
709 3210 734 3276 2,
753 3211 789 3263 22
860 3209 994 3280 βασιλικὸς
1014 3209 1038 3262 Ε

146 3375 245 3430 regno
264 3361 378 3430 potitus
401 3361 458 3414 sibi
479 3360 668 3425 concederet,
697 3375 901 3430 quaeeunque
929 3361 1172 3430 postulavissent.
1210 3359 1294 3425 Quid

147 3433 229 3486 iurat
252 3447 286 3485 se
310 3447 406 3502 regno
427 3434 555 3502 potitum
578 3433 751 3502 petentibus
777 3433 813 3487 iis
832 3447 898 3486 esse
917 3433 1152 3487 satisfacturum.
1189 3430 1268 3487 Poti-

147 3509 211 3558 tum
229 3505 334 3573 igitur‚
352 3503 510 3557 ntdictum
530 3509 583 3570 est,
603 3504 739 3558 Romano
749 3505 923 3574 principatu
933 3518 1064 3572 eumque
1083 3504 1142 3557 ium
1153 3507 1295 3558 nonum8

147 3590 262 3629 annum
287 3579 439 3629 tenentem
458 3575 488 3642 ii,
517 3576 569 3644 qui
588 3577 615 3629 ei
636 3591 703 3629 eum
723 3576 880 3629 vaticinati
900 3579 995 3642 erant,
1024 3575 1164 3630 adierunt
1183 3591 1268 3644 prae·

148 3647 289 3700 dictionis
308 3646 479 3700 mercedem
497 3651 643 3716 petentes.
681 3646 787 3716 Neque
815 3652 936 3701 recusat
956 3645 1018 3700 Leo
1039 3646 1196 3701 aedicere
1215 3649 1295 3702 eost)

147 3719 241 3782 iubet,
261 3717 335 3787 quid
354 3721 468 3787 petant.
505 3715 544 3772 At
563 3719 683 3787 profani
702 3718 744 3771 illi
770 3718 831 3772 duo
851 3716 957 3771 Iudaei
976 3718 1105 3787 “Neque
1125 3717 1314 3773 divitias''10

148 3791 235 3843 aiunt
252 3788 473 3858 “postulamus
501 3805 602 3859 neque
621 3789 740 3844 eulmen
759 3790 916 3859 dignitatis
937 3790 1102 3844 ascendere
1131 3790 1268 3858 cupimus

148 3875 249 3930 neque
267 3860 362 3914 ulium
390 3861 478 3930 regni
506 3861 707 3930 splendorem,
733 3861 788 3916 sed
814 3861 887 3914 iliud
912 3865 1037 3927 tantum,
1066 3866 1100 3914 ut
1119 3859 1268 3914 Nazareni

149 3934 277 4001 eiusque
289 3933 393 3986 matris
405 3933 555 4001 imagines
575 3933 688 4001 ubique
701 3932 873 3987 tollantur.”
909 3932 987 3986 Tum
1006 3933 1054 3986 iile
1065 3947 1171 4002 parum
1183 3933 1311 3987 firmali

148 4003 208 4057 iide
227 4002 393 4073 praeditus,
413 4004 501 4072 quasi
519 4019 568 4058 res
587 4005 662 4058 ieris
681 4009 761 4058 esset
780 4019 816 4058 ae
836 4005 985 4071 facillima,
1005 4019 1037 4058 se
1056 4005 1098 4056 ita
1117 4003 1267 4056 facturum

149 4073 400 4144 essepollieetur3
418 4077 523 4143 itaque
543 4075 690 4130 decimum
710 4075 801 4129 modo
816 4077 985 4146 tyrannidis
1005 4088 1117 4128 annum
1132 4075 1268 4142 auspiea·
1279 4077 1313 4130 12

149 4152 198 4200 tus
215 4160 279 4199 una
299 4146 389 4200 etiarn
407 4145 519 4200 beilum
539 4152 646 4201 eontra
670 4147 760 4202 deum
780 4149 956 4216 auspicatus
976 4151 1020 4200 est
1041 4152 1070 4200 et
1099 4160 1167 4198 cum
1185 4145 1268 4198 terri-

149 4216 201 4271 bili
229 4217 335 4286 rugitn
363 4217 556 4271 venerandas
578 4219 728 4287 imagines
752 4220 865 4272 invasit
893 4223 924 4272 et
942 4217 1181 4288 persecutionem
1201 4231 1269 4284 grn-

148 4289 304 4342 vissimarn
322 4289 470 4343 excitavit
497 4294 527 4343 et
544 4290 655 4343 multos
674 4290 874 4344 adversantes
893 4288 1091 4344 detestandae
1110 4301 1185 4340 suae
1204 4302 1268 4340 sen-

148 4361 263 4415 tentiae
287 4361 408 4431 punivit
431 4365 462 4415 et
487 4366 636 4431 martyres
661 4363 740 4416 fecit.
778 4360 823 4417 Ae
848 4367 970 4433 praeter
989 4365 1098 4427 cetera,
1128 4373 1207 4428 quae
1237 4361 1268 4412 in

148 4432 217 4506 pios
234 4432 315 4504 iecit,
343 4430 417 4488 illud
436 4433 526 4489 etiem
546 4432 728 4506 designavit.
764 4433 881 4490 Domus
899 4439 963 4490 erat
983 4433 1014 4489 in
1034 4429 1170 4502 Basilica,
1190 4446 1269 4502 quae
1281 4434 1314 4492 iu
