<?xml version="1.0" encoding="UTF-8"?>
<!DOCTYPE html PUBLIC "-//W3C//DTD XHTML 1.0 Transitional//EN"
    "http://www.w3.org/TR/xhtml1/DTD/xhtml1-transitional.dtd">
<html xmlns="http://www.w3.org/1999/xhtml" xml:lang="en" lang="en">
 <head>
  <title>
</title>
<meta http-equiv="Content-Type" content="text/html;charset=utf-8" />
  <meta name='ocr-system' content='tesseract 3.04.00' />
  <meta name='ocr-capabilities' content='ocr_page ocr_carea ocr_par ocr_line ocrx_word'/>
</head>
<body>
  <div class='ocr_page' id='page_1' title='image "./corpusscriptoru01theogoog/corpusscriptoru01theogoog_0716.png"; bbox 0 0 3050 4775; ppageno 0'>
   <div class='ocr_carea' id='block_1_1' title="bbox 245 392 1070 463">
    <p class='ocr_par' dir='ltr' id='par_1_1' title="bbox 245 392 1070 463">
     <span class='ocr_line' id='line_1_1' title="bbox 245 392 1070 463; baseline 0 -14"><span class='ocrx_word' id='word_1_1' title='bbox 245 392 298 449; x_wconf 91' lang='grc'><strong>666</strong></span> <span class='ocrx_word' id='word_1_2' title='bbox 538 392 674 451; x_wconf 82' lang='grc' dir='ltr'><strong>ΖΟΝΑΒ.</strong></span> <span class='ocrx_word' id='word_1_3' title='bbox 695 392 792 449; x_wconf 81' lang='grc' dir='ltr'>ΕΡΙΤ.</span> <span class='ocrx_word' id='word_1_4' title='bbox 812 392 911 449; x_wconf 83' lang='lat' dir='ltr'>XVIII</span> <span class='ocrx_word' id='word_1_5' title='bbox 929 393 955 463; x_wconf 81' lang='lat'><strong>4,</strong></span> <span class='ocrx_word' id='word_1_6' title='bbox 974 393 1070 449; x_wconf 77' lang='lat'>2-10.</span> 
     </span>
    </p>
   </div>
   <div class='ocr_carea' id='block_1_2' title="bbox 213 576 1517 2312">
    <p class='ocr_par' dir='ltr' id='par_1_2' title="bbox 213 576 1517 2312">
     <span class='ocr_line' id='line_1_2' title="bbox 244 576 1364 663; baseline -0.002 -20"><span class='ocrx_word' id='word_1_7' title='bbox 244 578 301 663; x_wconf 73' lang='grc' dir='ltr'><strong><em>τὴν</em></strong></span> <span class='ocrx_word' id='word_1_8' title='bbox 322 578 436 661; x_wconf 77' lang='grc' dir='ltr'><em>ταύτης</em></span> <span class='ocrx_word' id='word_1_9' title='bbox 458 577 615 660; x_wconf 76' lang='grc' dir='ltr'><strong><em>ἐπιτυχίαν</em></strong></span> <span class='ocrx_word' id='word_1_10' title='bbox 637 576 692 641; x_wconf 86' lang='grc' dir='ltr'><strong><em>καλ</em></strong></span> <span class='ocrx_word' id='word_1_11' title='bbox 713 577 752 641; x_wconf 83' lang='grc' dir='ltr'><strong>οὔ</strong></span> <span class='ocrx_word' id='word_1_12' title='bbox 776 585 822 660; x_wconf 79' lang='grc' dir='ltr'><strong>τῷ</strong></span> <span class='ocrx_word' id='word_1_13' title='bbox 850 578 920 661; x_wconf 75' lang='grc' dir='ltr'><strong>θεῷ</strong></span> <span class='ocrx_word' id='word_1_14' title='bbox 948 576 1159 661; x_wconf 78' lang='grc' dir='ltr'><strong><em>ἀπεγράψατο,</em></strong></span> <span class='ocrx_word' id='word_1_15' title='bbox 1191 576 1245 641; x_wconf 86' lang='grc' dir='ltr'><strong><em>καῖ</em></strong></span> <span class='ocrx_word' id='word_1_16' title='bbox 1273 584 1364 643; x_wconf 84' lang='grc' dir='ltr'><strong><em>τοῦτο</em></strong></span> 
     </span>
     <span class='ocr_line' id='line_1_3' title="bbox 246 678 1365 767; baseline 0 -22"><span class='ocrx_word' id='word_1_17' title='bbox 246 682 343 767; x_wconf 79' lang='grc' dir='ltr'><strong><em>όῆλον</em></strong></span> <span class='ocrx_word' id='word_1_18' title='bbox 366 682 411 745; x_wconf 86' lang='grc' dir='ltr'><strong>ὅτι</strong></span> <span class='ocrx_word' id='word_1_19' title='bbox 433 687 480 763; x_wconf 79' lang='grc' dir='ltr'><strong>τῷ</strong></span> <span class='ocrx_word' id='word_1_20' title='bbox 501 679 667 763; x_wconf 72' lang='grc' dir='ltr'><strong><em>νομίσματι</em></strong></span> <span class='ocrx_word' id='word_1_21' title='bbox 689 679 807 764; x_wconf 82' lang='grc' dir='ltr'><strong><em>ξιφήρη</em></strong></span> <span class='ocrx_word' id='word_1_22' title='bbox 831 678 943 745; x_wconf 81' lang='grc' dir='ltr'><strong><em>ἑαυτὸν</em></strong></span> <span class='ocrx_word' id='word_1_23' title='bbox 965 681 1141 765; x_wconf 72' lang='grc' dir='ltr'><strong><em>ἐνεχάραξε,</em></strong></span> <span class='ocrx_word' id='word_1_24' title='bbox 1169 680 1271 764; x_wconf 89' lang='grc' dir='ltr'><strong><em>μόνον</em></strong></span> <span class='ocrx_word' id='word_1_25' title='bbox 1294 680 1365 765; x_wconf 83' lang='grc' dir='ltr'><strong><em>οὐχί</em></strong></span> 
     </span>
     <span class='ocr_line' id='line_1_4' title="bbox 245 781 1364 869; baseline 0 -20"><span class='ocrx_word' id='word_1_26' title='bbox 245 786 335 869; x_wconf 80' lang='grc' dir='ltr'><strong><em>βοῶν</em></strong></span> <span class='ocrx_word' id='word_1_27' title='bbox 357 784 402 848; x_wconf 86' lang='grc' dir='ltr'><strong>ὅτι</strong></span> <span class='ocrx_word' id='word_1_28' title='bbox 424 782 538 847; x_wconf 42' lang='grc' dir='ltr'><strong><em>ε’τοιῖτό</em></strong></span> <span class='ocrx_word' id='word_1_29' title='bbox 560 806 615 865; x_wconf 90' lang='grc' dir='ltr'><strong>μοι</strong></span> <span class='ocrx_word' id='word_1_30' title='bbox 638 781 693 866; x_wconf 83' lang='grc' dir='ltr'><strong><em>τὴν</em></strong></span> <span class='ocrx_word' id='word_1_31' title='bbox 713 784 880 866; x_wconf 77' lang='grc' dir='ltr'><strong><em>βασιλείαν,</em></strong></span> <span class='ocrx_word' id='word_1_32' title='bbox 905 784 964 869; x_wconf 83' lang='grc' dir='ltr'><strong>οὐχ</strong></span> <span class='ocrx_word' id='word_1_33' title='bbox 979 784 1085 867; x_wconf 78' lang='grc' dir='ltr'><strong><em>ἕτερόν</em></strong></span> <span class='ocrx_word' id='word_1_34' title='bbox 1100 808 1127 847; x_wconf 91' lang='grc' dir='ltr'><strong>τι</strong></span> <span class='ocrx_word' id='word_1_35' title='bbox 1140 785 1364 869; x_wconf 79' lang='grc' dir='ltr'><strong><em>προυξένησε.”</em></strong></span> 
     </span>
     <span class='ocr_line' id='line_1_5' title="bbox 218 885 1363 971; baseline 0.001 -21"><span class='ocrx_word' id='word_1_36' title='bbox 218 886 318 959; x_wconf 70' lang='grc' dir='ltr'><strong><em>θεοὺς</em></strong></span> <span class='ocrx_word' id='word_1_37' title='bbox 353 887 388 952; x_wconf 82' lang='grc' dir='ltr'><strong>όὲ</strong></span> <span class='ocrx_word' id='word_1_38' title='bbox 421 887 659 969; x_wconf 83' lang='grc' dir='ltr'><strong><em>συναραμένους</em></strong></span> <span class='ocrx_word' id='word_1_39' title='bbox 693 887 783 969; x_wconf 79' lang='grc' dir='ltr'><strong><em>αὐτῷ</em></strong></span> <span class='ocrx_word' id='word_1_40' title='bbox 815 885 1034 970; x_wconf 74' lang='grc' dir='ltr'><strong><em>φιλοτιμότατα</em></strong></span> <span class='ocrx_word' id='word_1_41' title='bbox 1067 888 1280 971; x_wconf 81' lang='grc' dir='ltr'><strong><em>ἀντημείιματο</em></strong></span> <span class='ocrx_word' id='word_1_42' title='bbox 1310 888 1363 951; x_wconf 85' lang='grc' dir='ltr'><strong>καί</strong></span> 
     </span>
     <span class='ocr_line' id='line_1_6' title="bbox 245 988 1390 1074; baseline 0.001 -20"><span class='ocrx_word' id='word_1_43' title='bbox 245 992 393 1055; x_wconf 80' lang='grc' dir='ltr'><strong><em>ἔσπευσεν</em></strong></span> <span class='ocrx_word' id='word_1_44' title='bbox 424 990 548 1072; x_wconf 80' lang='grc' dir='ltr'><strong><em>ἑκάστῳ</em></strong></span> <span class='ocrx_word' id='word_1_45' title='bbox 575 988 631 1060; x_wconf 86' lang='grc' dir='ltr'><strong><em>τὰς</em></strong></span> <span class='ocrx_word' id='word_1_46' title='bbox 657 989 794 1074; x_wconf 85' lang='grc' dir='ltr'><strong><em>ἀμοιβάς</em></strong></span> <span class='ocrx_word' id='word_1_47' title='bbox 822 988 964 1062; x_wconf 85' lang='grc' dir='ltr'><strong><em>ἀποόσὺς</em></strong></span> <span class='ocrx_word' id='word_1_48' title='bbox 990 990 1098 1055; x_wconf 65' lang='lat' dir='ltr'><strong>obrude</strong></span> <span class='ocrx_word' id='word_1_49' title='bbox 1126 990 1390 1073; x_wconf 76' lang='grc' dir='ltr'><strong><em>παρασκευάσαιὸ</em></strong></span> 
     </span>
     <span class='ocr_line' id='line_1_7' title="bbox 246 1093 1361 1177; baseline 0 -20"><span class='ocrx_word' id='word_1_50' title='bbox 246 1094 436 1175; x_wconf 78' lang='grc' dir='ltr'><strong><em>ἀποχωρεῖν,</em></strong></span> <span class='ocrx_word' id='word_1_51' title='bbox 468 1094 518 1155; x_wconf 80' lang='grc' dir='ltr'><strong><em>ἵνα</em></strong></span> <span class='ocrx_word' id='word_1_52' title='bbox 548 1093 595 1175; x_wconf 86' lang='grc' dir='ltr'><strong>μή</strong></span> <span class='ocrx_word' id='word_1_53' title='bbox 626 1116 653 1155; x_wconf 91' lang='grc' dir='ltr'><strong>τι</strong></span> <span class='ocrx_word' id='word_1_54' title='bbox 680 1093 908 1176; x_wconf 78' lang='grc' dir='ltr'><strong><em>ἀορυβήσωσιν</em></strong></span> <span class='ocrx_word' id='word_1_55' title='bbox 930 1096 950 1177; x_wconf 79' lang='grc' dir='ltr'><em>ἢ</em></span> <span class='ocrx_word' id='word_1_56' title='bbox 974 1100 1029 1159; x_wconf 86' lang='grc' dir='ltr'><strong>τοῦ</strong></span> <span class='ocrx_word' id='word_1_57' title='bbox 1058 1094 1164 1177; x_wconf 80' lang='grc' dir='ltr'><strong><em>όήμου</em></strong></span> <span class='ocrx_word' id='word_1_58' title='bbox 1192 1096 1361 1167; x_wconf 82' lang='grc' dir='ltr'><strong><em>κατεξανα-</em></strong></span> 
     </span>
     <span class='ocr_line' id='line_1_8' title="bbox 218 1193 1364 1281; baseline 0 -20"><span class='ocrx_word' id='word_1_59' title='bbox 218 1196 359 1261; x_wconf 81' lang='grc' dir='ltr'><strong><em>4στῶσιν</em></strong></span> <span class='ocrx_word' id='word_1_60' title='bbox 381 1196 633 1267; x_wconf 85' lang='grc' dir='ltr'><strong><em>ἀστυπολοῦντες.</em></strong></span> <span class='ocrx_word' id='word_1_61' title='bbox 678 1194 732 1260; x_wconf 85' lang='grc' dir='ltr'><strong><em>τόν</em></strong></span> <span class='ocrx_word' id='word_1_62' title='bbox 753 1196 949 1281; x_wconf 88' lang='grc' dir='ltr'><strong><em>πατριάρχην</em></strong></span> <span class='ocrx_word' id='word_1_63' title='bbox 972 1196 1006 1261; x_wconf 86' lang='grc' dir='ltr'><strong>ἀὲ</strong></span> <span class='ocrx_word' id='word_1_64' title='bbox 1030 1193 1069 1261; x_wconf 81' lang='grc' dir='ltr'><strong><em>όί</em></strong></span> <span class='ocrx_word' id='word_1_65' title='bbox 1089 1196 1199 1269; x_wconf 71' lang='lat' dir='ltr'><strong>alderia</strong></span> <span class='ocrx_word' id='word_1_66' title='bbox 1221 1196 1295 1280; x_wconf 79' lang='grc' dir='ltr'><strong><em>ἦγεν</em></strong></span> <span class='ocrx_word' id='word_1_67' title='bbox 1318 1198 1364 1261; x_wconf 89' lang='grc' dir='ltr'><strong>ὅτι</strong></span> 
     </span>
     <span class='ocr_line' id='line_1_9' title="bbox 244 1297 1362 1383; baseline 0.002 -22"><span class='ocrx_word' id='word_1_68' title='bbox 244 1299 363 1383; x_wconf 80' lang='grc' dir='ltr'><strong><em>πολλῆς</em></strong></span> <span class='ocrx_word' id='word_1_69' title='bbox 393 1298 447 1363; x_wconf 85' lang='grc' dir='ltr'><strong><em>καλ</em></strong></span> <span class='ocrx_word' id='word_1_70' title='bbox 477 1297 551 1369; x_wconf 83' lang='grc' dir='ltr'><strong><em>τοὺς</em></strong></span> <span class='ocrx_word' id='word_1_71' title='bbox 582 1300 679 1363; x_wconf 80' lang='grc' dir='ltr'><strong><em>αὐτοῦ</em></strong></span> <span class='ocrx_word' id='word_1_72' title='bbox 707 1298 944 1383; x_wconf 85' lang='grc' dir='ltr'><strong><em>ἀόελφόπαιόας</em></strong></span> <span class='ocrx_word' id='word_1_73' title='bbox 971 1297 1010 1364; x_wconf 72' lang='lat' dir='ltr'><strong>ta*</strong></span> <span class='ocrx_word' id='word_1_74' title='bbox 1034 1300 1153 1365; x_wconf 79' lang='grc' dir='ltr'><strong><em>ἐκεῖνον</em></strong></span> <span class='ocrx_word' id='word_1_75' title='bbox 1180 1299 1234 1365; x_wconf 81' lang='grc' dir='ltr'><strong>καί</strong></span> <span class='ocrx_word' id='word_1_76' title='bbox 1261 1305 1362 1383; x_wconf 83' lang='grc' dir='ltr'><strong><em>τιμαῖς</em></strong></span> 
     </span>
     <span class='ocr_line' id='line_1_10' title="bbox 219 1400 1361 1487; baseline 0 -21"><span class='ocrx_word' id='word_1_77' title='bbox 219 1402 369 1486; x_wconf 73' lang='grc' dir='ltr'><strong><em>ὖέιίμησε</em></strong></span> <span class='ocrx_word' id='word_1_78' title='bbox 383 1403 502 1485; x_wconf 80' lang='grc' dir='ltr'><strong><em>μείζοσι</em></strong></span> <span class='ocrx_word' id='word_1_79' title='bbox 522 1400 577 1465; x_wconf 85' lang='grc' dir='ltr'><strong>καί</strong></span> <span class='ocrx_word' id='word_1_80' title='bbox 599 1402 711 1484; x_wconf 80' lang='grc' dir='ltr'><strong><em>ἀρχαῖς</em></strong></span> <span class='ocrx_word' id='word_1_81' title='bbox 732 1404 933 1485; x_wconf 75' lang='grc' dir='ltr'><strong><em>περιφανέσιν</em></strong></span> <span class='ocrx_word' id='word_1_82' title='bbox 956 1403 1110 1486; x_wconf 72' lang='grc' dir='ltr'><strong><em>ἐπέστησε.</em></strong></span> <span class='ocrx_word' id='word_1_83' title='bbox 1154 1402 1361 1487; x_wconf 80' lang='grc' dir='ltr'><strong><em>χαριζόμενος</em></strong></span> 
     </span>
     <span class='ocr_line' id='line_1_11' title="bbox 213 1501 1517 1593; baseline 0.003 -28"><span class='ocrx_word' id='word_1_84' title='bbox 213 1501 275 1569; x_wconf 81' lang='lat' dir='ltr'><strong>Cd&#39;</strong></span> <span class='ocrx_word' id='word_1_85' title='bbox 299 1507 342 1569; x_wconf 86' lang='grc' dir='ltr'><strong>ἔτι</strong></span> <span class='ocrx_word' id='word_1_86' title='bbox 363 1514 410 1589; x_wconf 79' lang='grc' dir='ltr'><strong>τῷ</strong></span> <span class='ocrx_word' id='word_1_87' title='bbox 431 1505 607 1587; x_wconf 85' lang='grc' dir='ltr'><strong><em>πατριάρχη</em></strong></span> <span class='ocrx_word' id='word_1_88' title='bbox 630 1504 684 1568; x_wconf 84' lang='grc' dir='ltr'><strong>καί</strong></span> <span class='ocrx_word' id='word_1_89' title='bbox 706 1504 850 1588; x_wconf 81' lang='grc' dir='ltr'><strong><em>τὴντῶν</em></strong></span> <span class='ocrx_word' id='word_1_90' title='bbox 876 1505 1140 1589; x_wconf 81' lang='grc' dir='ltr'><strong><em>ἔκκλησιαστικῶν</em></strong></span> <span class='ocrx_word' id='word_1_91' title='bbox 1166 1507 1398 1593; x_wconf 67' lang='grc' dir='ltr'><strong><em>πραγμάτωνλ)</em></strong></span> <span class='ocrx_word' id='word_1_92' title='bbox 1413 1515 1454 1571; x_wconf 81' lang='lat' dir='ltr'><strong>IV</strong></span> <span class='ocrx_word' id='word_1_93' title='bbox 1467 1515 1517 1569; x_wconf 77' lang='lat'><strong>192</strong></span> 
     </span>
     <span class='ocr_line' id='line_1_12' title="bbox 246 1608 1361 1693; baseline 0.001 -21"><span class='ocrx_word' id='word_1_94' title='bbox 246 1609 429 1691; x_wconf 77' lang='grc' dir='ltr'><strong><em>οἰκονομίαν</em></strong></span> <span class='ocrx_word' id='word_1_95' title='bbox 443 1616 481 1693; x_wconf 82' lang='grc' dir='ltr'><strong>τῇ</strong></span> <span class='ocrx_word' id='word_1_96' title='bbox 497 1608 645 1692; x_wconf 76' lang='grc' dir='ltr'><strong><em>ἐκκλησίᾳ</em></strong></span> <span class='ocrx_word' id='word_1_97' title='bbox 663 1608 817 1692; x_wconf 83' lang='grc' dir='ltr'><strong><em>ἀπένειμε,</em></strong></span> <span class='ocrx_word' id='word_1_98' title='bbox 840 1609 933 1692; x_wconf 73' lang='grc' dir='ltr'><strong><em>μέχρι</em></strong></span> <span class='ocrx_word' id='word_1_99' title='bbox 948 1608 1014 1673; x_wconf 88' lang='grc' dir='ltr'><strong><em>τότε</em></strong></span> <span class='ocrx_word' id='word_1_100' title='bbox 1036 1614 1092 1673; x_wconf 84' lang='grc' dir='ltr'><strong>τοῦ</strong></span> <span class='ocrx_word' id='word_1_101' title='bbox 1114 1609 1253 1693; x_wconf 78' lang='grc' dir='ltr'><strong><em>μεγάλου</em></strong></span> <span class='ocrx_word' id='word_1_102' title='bbox 1277 1610 1361 1673; x_wconf 82' lang='grc' dir='ltr'><strong><em>οἰκο-</em></strong></span> 
     </span>
     <span class='ocr_line' id='line_1_13' title="bbox 245 1710 1363 1795; baseline 0 -19"><span class='ocrx_word' id='word_1_103' title='bbox 245 1712 347 1795; x_wconf 89' lang='grc' dir='ltr'><strong><em>νόμου</em></strong></span> <span class='ocrx_word' id='word_1_104' title='bbox 369 1712 648 1795; x_wconf 77' lang='grc' dir='ltr'><strong><em>προχειριζομίνου</em></strong></span> <span class='ocrx_word' id='word_1_105' title='bbox 670 1710 759 1794; x_wconf 86' lang='grc' dir='ltr'><strong><em>παρὰ</em></strong></span> <span class='ocrx_word' id='word_1_106' title='bbox 781 1716 836 1776; x_wconf 85' lang='grc' dir='ltr'><strong>τοῦ</strong></span> <span class='ocrx_word' id='word_1_107' title='bbox 859 1712 1087 1795; x_wconf 75' lang='grc' dir='ltr'><strong><em>βασιλεύοντος,</em></strong></span> <span class='ocrx_word' id='word_1_108' title='bbox 1119 1710 1197 1777; x_wconf 83' lang='grc' dir='ltr'><strong><em>ἀλλὰ</em></strong></span> <span class='ocrx_word' id='word_1_109' title='bbox 1223 1712 1288 1795; x_wconf 80' lang='grc' dir='ltr'><strong><em>μὴν</em></strong></span> <span class='ocrx_word' id='word_1_110' title='bbox 1310 1712 1363 1776; x_wconf 84' lang='grc' dir='ltr'><strong><em>καὶ</em></strong></span> 
     </span>
     <span class='ocr_line' id='line_1_14' title="bbox 245 1812 1361 1897; baseline -0.002 -19"><span class='ocrx_word' id='word_1_111' title='bbox 245 1821 300 1879; x_wconf 88' lang='grc' dir='ltr'><strong>τοῦ</strong></span> <span class='ocrx_word' id='word_1_112' title='bbox 329 1815 580 1897; x_wconf 89' lang='grc' dir='ltr'><strong><em>σκευσφύλακος,</em></strong></span> <span class='ocrx_word' id='word_1_113' title='bbox 613 1814 730 1883; x_wconf 77' lang='grc' dir='ltr'><strong><em>ἐκεῖνος</em></strong></span> <span class='ocrx_word' id='word_1_114' title='bbox 753 1812 789 1877; x_wconf 88' lang='grc' dir='ltr'><strong>όὲ</strong></span> <span class='ocrx_word' id='word_1_115' title='bbox 811 1812 865 1877; x_wconf 81' lang='grc' dir='ltr'><strong>καί</strong></span> <span class='ocrx_word' id='word_1_116' title='bbox 888 1814 989 1897; x_wconf 75' lang='grc' dir='ltr'><strong><em>ἄμφω</em></strong></span> <span class='ocrx_word' id='word_1_117' title='bbox 1012 1812 1075 1879; x_wconf 77' lang='grc' dir='ltr'><strong><em>ὑπὸ</em></strong></span> <span class='ocrx_word' id='word_1_118' title='bbox 1098 1814 1154 1897; x_wconf 82' lang='grc' dir='ltr'><strong><em>τὴν</em></strong></span> <span class='ocrx_word' id='word_1_119' title='bbox 1175 1819 1232 1878; x_wconf 87' lang='grc' dir='ltr'><strong>τοῦ</strong></span> <span class='ocrx_word' id='word_1_120' title='bbox 1254 1837 1361 1895; x_wconf 83' lang='grc' dir='ltr'><strong><em>πατρι-</em></strong></span> 
     </span>
     <span class='ocr_line' id='line_1_15' title="bbox 218 1916 1362 2002; baseline 0.003 -26"><span class='ocrx_word' id='word_1_121' title='bbox 218 1919 347 2002; x_wconf 88' lang='grc' dir='ltr'><strong><em>6άρχου</em></strong></span> <span class='ocrx_word' id='word_1_122' title='bbox 370 1919 461 1981; x_wconf 78' lang='grc' dir='ltr'><strong><em>ἔθετο</em></strong></span> <span class='ocrx_word' id='word_1_123' title='bbox 484 1916 638 1997; x_wconf 77' lang='grc' dir='ltr'><strong><em>ἐξουσίαν,</em></strong></span> <span class='ocrx_word' id='word_1_124' title='bbox 665 1916 871 1989; x_wconf 83' lang='grc' dir='ltr'><strong><em>ἀποξενώσας</em></strong></span> <span class='ocrx_word' id='word_1_125' title='bbox 893 1916 1013 1999; x_wconf 86' lang='grc' dir='ltr'><strong><em>ἀμφοῖν</em></strong></span> <span class='ocrx_word' id='word_1_126' title='bbox 1035 1916 1071 1981; x_wconf 88' lang='grc' dir='ltr'><strong>τό</strong></span> <span class='ocrx_word' id='word_1_127' title='bbox 1094 1916 1255 2001; x_wconf 85' lang='grc' dir='ltr'><strong><em>όημόσιον.</em></strong></span> <span class='ocrx_word' id='word_1_128' title='bbox 1300 1916 1362 1981; x_wconf 74' lang='grc' dir='ltr'><strong><em>εἶτα</em></strong></span> 
     </span>
     <span class='ocr_line' id='line_1_16' title="bbox 243 2017 1408 2107; baseline 0 -24"><span class='ocrx_word' id='word_1_129' title='bbox 243 2021 301 2107; x_wconf 79' lang='grc' dir='ltr'><strong><em>την</em></strong></span> <span class='ocrx_word' id='word_1_130' title='bbox 322 2022 381 2103; x_wconf 82' lang='grc' dir='ltr'><strong><em>μὲν</em></strong></span> <span class='ocrx_word' id='word_1_131' title='bbox 402 2026 459 2086; x_wconf 84' lang='grc' dir='ltr'><strong>τοῦ</strong></span> <span class='ocrx_word' id='word_1_132' title='bbox 481 2020 553 2103; x_wconf 80' lang='grc' dir='ltr'><strong><em>βίου</em></strong></span> <span class='ocrx_word' id='word_1_133' title='bbox 577 2021 664 2103; x_wconf 74' lang='grc' dir='ltr'><strong><em>αὐτῷ</em></strong></span> <span class='ocrx_word' id='word_1_134' title='bbox 686 2017 842 2084; x_wconf 87' lang='grc' dir='ltr'><strong><em>κοινωνόν</em></strong></span> <span class='ocrx_word' id='word_1_135' title='bbox 864 2019 1051 2102; x_wconf 79' lang='grc' dir='ltr'><strong><em>Αὕγοόσταν</em></strong></span> <span class='ocrx_word' id='word_1_136' title='bbox 1077 2019 1278 2104; x_wconf 86' lang='grc' dir='ltr'><strong><em>ἀνηγόρευσε,</em></strong></span> <span class='ocrx_word' id='word_1_137' title='bbox 1308 2020 1362 2083; x_wconf 88' lang='grc' dir='ltr'><strong><em>τὸν</em></strong></span> <span class='ocrx_word' id='word_1_138' title='bbox 1373 2026 1408 2083; x_wconf 86' lang='grc'><strong>15</strong></span> 
     </span>
     <span class='ocr_line' id='line_1_17' title="bbox 246 2120 1363 2209; baseline -0.001 -21"><span class='ocrx_word' id='word_1_139' title='bbox 246 2120 274 2188; x_wconf 88' lang='grc' dir='ltr'><strong>ό’</strong></span> <span class='ocrx_word' id='word_1_140' title='bbox 291 2123 431 2208; x_wconf 89' lang='grc' dir='ltr'><strong><em>άόελφόν</em></strong></span> <span class='ocrx_word' id='word_1_141' title='bbox 444 2123 597 2208; x_wconf 76' lang='grc' dir='ltr'><strong><em>Ἰωάννην</em></strong></span> <span class='ocrx_word' id='word_1_142' title='bbox 611 2122 853 2207; x_wconf 86' lang='grc' dir='ltr'><strong><em>κουροπαλάτην</em></strong></span> <span class='ocrx_word' id='word_1_143' title='bbox 867 2124 1008 2206; x_wconf 84' lang='grc' dir='ltr'><strong><em>τετίμηκε</em></strong></span> <span class='ocrx_word' id='word_1_144' title='bbox 1023 2123 1077 2188; x_wconf 84' lang='grc' dir='ltr'><strong>καί</strong></span> <span class='ocrx_word' id='word_1_145' title='bbox 1100 2124 1249 2208; x_wconf 84' lang='grc' dir='ltr'><strong><em>ὠνόμασε</em></strong></span> <span class='ocrx_word' id='word_1_146' title='bbox 1263 2124 1363 2209; x_wconf 74' lang='grc' dir='ltr'><strong><em>μέγαν</em></strong></span> 
     </span>
     <span class='ocr_line' id='line_1_18' title="bbox 245 2222 438 2312; baseline -0.01 -19"><span class='ocrx_word' id='word_1_147' title='bbox 245 2222 438 2312; x_wconf 77' lang='grc' dir='ltr'><strong><em>όομίοτικον.</em></strong></span> 
     </span>
    </p>
   </div>
   <div class='ocr_carea' id='block_1_3' title="bbox 244 2459 1363 2674">
    <p class='ocr_par' dir='ltr' id='par_1_3' title="bbox 244 2459 1363 2674">
     <span class='ocr_line' id='line_1_19' title="bbox 245 2459 1363 2530; baseline 0.002 -16"><span class='ocrx_word' id='word_1_148' title='bbox 245 2461 263 2514; x_wconf 85' lang='grc'>9</span> <span class='ocrx_word' id='word_1_149' title='bbox 281 2463 319 2515; x_wconf 87' lang='grc' dir='ltr'><strong>ότι</strong></span> <span class='ocrx_word' id='word_1_150' title='bbox 337 2462 433 2530; x_wconf 81' lang='grc' dir='ltr'><strong><em>πρῴην</em></strong></span> <span class='ocrx_word' id='word_1_151' title='bbox 451 2461 603 2529; x_wconf 78' lang='grc' dir='ltr'><strong><em>οἰκονόμων</em></strong></span> <span class='ocrx_word' id='word_1_152' title='bbox 621 2460 666 2514; x_wconf 81' lang='grc' dir='ltr'><strong>καί</strong></span> <span class='ocrx_word' id='word_1_153' title='bbox 688 2459 900 2528; x_wconf 67' lang='grc' dir='ltr'><strong><em>σκηνοφυλάκων</em></strong></span> <span class='ocrx_word' id='word_1_154' title='bbox 923 2467 969 2529; x_wconf 81' lang='grc' dir='ltr'><strong><em>τῆς</em></strong></span> <span class='ocrx_word' id='word_1_155' title='bbox 990 2460 1105 2530; x_wconf 75' lang='grc' dir='ltr'><strong><em>μεγάλης</em></strong></span> <span class='ocrx_word' id='word_1_156' title='bbox 1126 2460 1269 2530; x_wconf 74' lang='grc' dir='ltr'><strong><em>ἐκκλησίας</em></strong></span> <span class='ocrx_word' id='word_1_157' title='bbox 1290 2461 1363 2530; x_wconf 79' lang='grc' dir='ltr'><strong><em>παρὰ</em></strong></span> 
     </span>
     <span class='ocr_line' id='line_1_20' title="bbox 244 2529 1363 2604; baseline 0.002 -18"><span class='ocrx_word' id='word_1_158' title='bbox 244 2540 291 2587; x_wconf 83' lang='grc' dir='ltr'><strong>τοῦ</strong></span> <span class='ocrx_word' id='word_1_159' title='bbox 314 2533 444 2603; x_wconf 74' lang='grc' dir='ltr'><strong><em>βασιλέως</em></strong></span> <span class='ocrx_word' id='word_1_160' title='bbox 465 2531 687 2602; x_wconf 73' lang='grc' dir='ltr'><strong><em>προβαλλομένων</em></strong></span> <span class='ocrx_word' id='word_1_161' title='bbox 704 2533 720 2588; x_wconf 86' lang='grc' dir='ltr'><strong><em>ό</em></strong></span> <span class='ocrx_word' id='word_1_162' title='bbox 740 2529 882 2602; x_wconf 84' lang='grc' dir='ltr'><strong><em>Κομνηνός</em></strong></span> <span class='ocrx_word' id='word_1_163' title='bbox 901 2531 939 2601; x_wconf 83' lang='grc' dir='ltr'><strong>(ολ</strong></span> <span class='ocrx_word' id='word_1_164' title='bbox 955 2531 1085 2604; x_wconf 86' lang='grc' dir='ltr'><strong><em>κομνηνσί</em></strong></span> <span class='ocrx_word' id='word_1_165' title='bbox 1103 2531 1137 2602; x_wconf 84' lang='lat' dir='ltr'><strong>C)</strong></span> <span class='ocrx_word' id='word_1_166' title='bbox 1155 2533 1202 2590; x_wconf 82' lang='grc' dir='ltr'><strong>καί</strong></span> <span class='ocrx_word' id='word_1_167' title='bbox 1223 2534 1309 2604; x_wconf 76' lang='grc' dir='ltr'><strong><em>ἄμφω</em></strong></span> <span class='ocrx_word' id='word_1_168' title='bbox 1331 2543 1363 2604; x_wconf 82' lang='grc' dir='ltr'><strong>τῇ</strong></span> 
     </span>
     <span class='ocr_line' id='line_1_21' title="bbox 244 2603 595 2674; baseline 0.003 -16"><span class='ocrx_word' id='word_1_169' title='bbox 244 2603 373 2674; x_wconf 71' lang='grc' dir='ltr'><strong><em>ἐκκλησίᾳ</em></strong></span> <span class='ocrx_word' id='word_1_170' title='bbox 390 2603 529 2674; x_wconf 77' lang='grc' dir='ltr'><strong><em>ἀπένειμεν</em></strong></span> <span class='ocrx_word' id='word_1_171' title='bbox 547 2603 595 2659; x_wconf 79' lang='grc' dir='ltr'><strong>ΟΕ</strong></span> 
     </span>
    </p>
   </div>
   <div class='ocr_carea' id='block_1_4' title="bbox 296 2817 1362 3249">
    <p class='ocr_par' dir='ltr' id='par_1_4' title="bbox 297 2817 1362 2890">
     <span class='ocr_line' id='line_1_22' title="bbox 297 2817 1362 2890; baseline 0 -16"><span class='ocrx_word' id='word_1_172' title='bbox 297 2819 315 2874; x_wconf 87' lang='grc'><strong>3</strong></span> <span class='ocrx_word' id='word_1_173' title='bbox 333 2824 403 2890; x_wconf 80' lang='lat' dir='ltr'><strong>post</strong></span> <span class='ocrx_word' id='word_1_174' title='bbox 419 2821 553 2890; x_wconf 79' lang='grc' dir='ltr'><strong><em>βασιλείαν</em></strong></span> <span class='ocrx_word' id='word_1_175' title='bbox 573 2819 642 2873; x_wconf 79' lang='lat' dir='ltr'><strong>add.</strong></span> <span class='ocrx_word' id='word_1_176' title='bbox 661 2819 802 2889; x_wconf 72' lang='grc' dir='ltr'><strong><em>ἐχαρίσατο</em></strong></span> <span class='ocrx_word' id='word_1_177' title='bbox 822 2817 844 2876; x_wconf 84' lang='lat' dir='ltr'>C</span> <span class='ocrx_word' id='word_1_178' title='bbox 933 2825 1004 2875; x_wconf 79' lang='lat' dir='ltr'><strong>ante</strong></span> <span class='ocrx_word' id='word_1_179' title='bbox 1023 2819 1072 2889; x_wconf 77' lang='grc' dir='ltr'><strong>οὐχ</strong></span> <span class='ocrx_word' id='word_1_180' title='bbox 1092 2820 1160 2874; x_wconf 83' lang='lat' dir='ltr'><strong>add.</strong></span> <span class='ocrx_word' id='word_1_181' title='bbox 1179 2820 1225 2875; x_wconf 85' lang='grc' dir='ltr'><strong>καί</strong></span> <span class='ocrx_word' id='word_1_182' title='bbox 1244 2819 1362 2890; x_wconf 77' lang='lat' dir='ltr'><strong>prDr&#39;</strong></span> 
     </span>
    </p>

    <p class='ocr_par' dir='ltr' id='par_1_5' title="bbox 296 2891 1362 2961">
     <span class='ocr_line' id='line_1_23' title="bbox 296 2891 1362 2961; baseline 0.002 -17"><span class='ocrx_word' id='word_1_183' title='bbox 296 2891 529 2960; x_wconf 71' lang='grc' dir='ltr'><strong><em>ἀφιλοτιμώτατα</em></strong></span> <span class='ocrx_word' id='word_1_184' title='bbox 548 2891 621 2961; x_wconf 83' lang='lat' dir='ltr'><strong>Ewp</strong></span> <span class='ocrx_word' id='word_1_185' title='bbox 694 2891 711 2946; x_wconf 79' lang='grc'><strong>6</strong></span> <span class='ocrx_word' id='word_1_186' title='bbox 729 2892 854 2946; x_wconf 79' lang='grc' dir='ltr'><strong><em>ἔσπευόεν</em></strong></span> <span class='ocrx_word' id='word_1_187' title='bbox 873 2891 896 2945; x_wconf 93' lang='grc' dir='ltr'>Β</span> <span class='ocrx_word' id='word_1_188' title='bbox 979 2897 1049 2945; x_wconf 82' lang='lat' dir='ltr'><strong>ante</strong></span> <span class='ocrx_word' id='word_1_189' title='bbox 1067 2893 1159 2946; x_wconf 84' lang='grc' dir='ltr'><strong><em>οίκαόε</em></strong></span> <span class='ocrx_word' id='word_1_190' title='bbox 1178 2892 1246 2946; x_wconf 78' lang='lat' dir='ltr'><strong>add.</strong></span> <span class='ocrx_word' id='word_1_191' title='bbox 1264 2893 1362 2952; x_wconf 88' lang='grc' dir='ltr'><strong><em>πάντας</em></strong></span> 
     </span>
    </p>

    <p class='ocr_par' dir='ltr' id='par_1_6' title="bbox 298 2963 1361 3033">
     <span class='ocr_line' id='line_1_24' title="bbox 298 2963 1361 3033; baseline -0.001 -16"><span class='ocrx_word' id='word_1_192' title='bbox 298 2963 372 3032; x_wconf 86' lang='lat' dir='ltr'><strong>pr</strong></span> <span class='ocrx_word' id='word_1_193' title='bbox 444 2964 461 3018; x_wconf 87' lang='grc'><strong>6</strong></span> <span class='ocrx_word' id='word_1_194' title='bbox 479 2964 681 3032; x_wconf 72' lang='grc' dir='ltr'><strong><em>ἀωρυβὴσωσιν</em></strong></span> <span class='ocrx_word' id='word_1_195' title='bbox 693 2963 757 3033; x_wconf 76' lang='lat' dir='ltr'><strong>w*p</strong></span> <span class='ocrx_word' id='word_1_196' title='bbox 831 2963 847 3017; x_wconf 80' lang='grc'><strong>7</strong></span> <span class='ocrx_word' id='word_1_197' title='bbox 867 2963 896 3017; x_wconf 76' lang='grc' dir='ltr'><strong>ἀὲ</strong></span> <span class='ocrx_word' id='word_1_198' title='bbox 910 2966 980 3016; x_wconf 76' lang='lat' dir='ltr'><strong>ante</strong></span> <span class='ocrx_word' id='word_1_199' title='bbox 991 2983 1067 3032; x_wconf 83' lang='grc' dir='ltr'><strong><em>πατρ.</em></strong></span> <span class='ocrx_word' id='word_1_200' title='bbox 1082 2963 1183 3033; x_wconf 82' lang='lat' dir='ltr'><strong>DEwp</strong></span> <span class='ocrx_word' id='word_1_201' title='bbox 1255 2963 1361 3033; x_wconf 84' lang='grc' dir='ltr'><strong><em>είχενΙ)</em></strong></span> 
     </span>
    </p>

    <p class='ocr_par' dir='ltr' id='par_1_7' title="bbox 297 3032 1362 3106">
     <span class='ocr_line' id='line_1_25' title="bbox 297 3032 1362 3106; baseline -0.002 -16"><span class='ocrx_word' id='word_1_202' title='bbox 297 3037 315 3090; x_wconf 90' lang='grc'>8</span> <span class='ocrx_word' id='word_1_203' title='bbox 332 3035 413 3090; x_wconf 78' lang='grc' dir='ltr'><strong><em>αὐτοῦ</em></strong></span> <span class='ocrx_word' id='word_1_204' title='bbox 432 3032 543 3106; x_wconf 81' lang='lat' dir='ltr'><strong>Apr,</strong></span> <span class='ocrx_word' id='word_1_205' title='bbox 561 3035 635 3103; x_wconf 75' lang='grc' dir='ltr'><strong><em>αὐτῷ</em></strong></span> <span class='ocrx_word' id='word_1_206' title='bbox 655 3034 697 3089; x_wconf 83' lang='lat' dir='ltr'><strong>Di</strong></span> <span class='ocrx_word' id='word_1_207' title='bbox 774 3035 819 3090; x_wconf 86' lang='grc' dir='ltr'><strong>καί</strong></span> <span class='ocrx_word' id='word_1_208' title='bbox 839 3039 911 3088; x_wconf 79' lang='lat' dir='ltr'><strong>ante</strong></span> <span class='ocrx_word' id='word_1_209' title='bbox 929 3043 1014 3101; x_wconf 85' lang='grc' dir='ltr'><strong><em>τιμαῖς</em></strong></span> <span class='ocrx_word' id='word_1_210' title='bbox 1035 3050 1091 3090; x_wconf 91' lang='lat' dir='ltr'><strong>om.</strong></span> <span class='ocrx_word' id='word_1_211' title='bbox 1111 3034 1184 3104; x_wconf 85' lang='lat' dir='ltr'><strong>Ewp</strong></span> <span class='ocrx_word' id='word_1_212' title='bbox 1256 3035 1273 3089; x_wconf 86' lang='grc'>9</span> <span class='ocrx_word' id='word_1_213' title='bbox 1291 3057 1362 3102; x_wconf 87' lang='grc' dir='ltr'><strong><em>περι-</em></strong></span> 
     </span>
    </p>

    <p class='ocr_par' dir='ltr' id='par_1_8' title="bbox 298 3105 1362 3249">
     <span class='ocr_line' id='line_1_26' title="bbox 298 3105 1362 3177; baseline 0.003 -17"><span class='ocrx_word' id='word_1_214' title='bbox 298 3108 407 3177; x_wconf 83' lang='grc' dir='ltr'><strong><em>φανίσιν</em></strong></span> <span class='ocrx_word' id='word_1_215' title='bbox 424 3105 460 3172; x_wconf 83' lang='grc' dir='ltr'><strong><em>Α,</em></strong></span> <span class='ocrx_word' id='word_1_216' title='bbox 478 3107 661 3175; x_wconf 78' lang='grc' dir='ltr'><strong><em>ὑπερηφάνοις</em></strong></span> <span class='ocrx_word' id='word_1_217' title='bbox 679 3107 753 3175; x_wconf 86' lang='lat' dir='ltr'><strong>pr</strong></span> <span class='ocrx_word' id='word_1_218' title='bbox 834 3107 868 3158; x_wconf 84' lang='lat'><strong>14</strong></span> <span class='ocrx_word' id='word_1_219' title='bbox 886 3105 1219 3176; x_wconf 84' lang='grc' dir='ltr'><strong><em>ἀπσξενώσας-όημόσιον</em></strong></span> <span class='ocrx_word' id='word_1_220' title='bbox 1238 3123 1294 3163; x_wconf 88' lang='lat' dir='ltr'><strong>om.</strong></span> <span class='ocrx_word' id='word_1_221' title='bbox 1314 3105 1362 3163; x_wconf 83' lang='lat' dir='ltr'><strong>BC</strong></span> 
     </span>
     <span class='ocr_line' id='line_1_27' title="bbox 332 3176 1225 3249; baseline -0.001 -15"><span class='ocrx_word' id='word_1_222' title='bbox 332 3179 370 3249; x_wconf 82' lang='grc' dir='ltr'><strong>τό]</strong></span> <span class='ocrx_word' id='word_1_223' title='bbox 389 3176 475 3233; x_wconf 82' lang='grc' dir='ltr'><strong><em>τόνΕ</em></strong></span> <span class='ocrx_word' id='word_1_224' title='bbox 548 3178 582 3233; x_wconf 82' lang='lat' dir='ltr'><strong>lt</strong></span> <span class='ocrx_word' id='word_1_225' title='bbox 600 3177 730 3234; x_wconf 87' lang='grc' dir='ltr'><strong><em>κοινωνόν</em></strong></span> <span class='ocrx_word' id='word_1_226' title='bbox 748 3177 820 3232; x_wconf 77' lang='grc' dir='ltr'><strong><em>αὐτῶ</em></strong></span> <span class='ocrx_word' id='word_1_227' title='bbox 839 3177 863 3232; x_wconf 95' lang='grc' dir='ltr'><strong>Β</strong></span> <span class='ocrx_word' id='word_1_228' title='bbox 936 3177 970 3232; x_wconf 87' lang='grc'><strong>16</strong></span> <span class='ocrx_word' id='word_1_229' title='bbox 988 3177 1012 3233; x_wconf 76' lang='grc' dir='ltr'><strong>δ’</strong></span> <span class='ocrx_word' id='word_1_230' title='bbox 1032 3177 1122 3245; x_wconf 81' lang='lat' dir='ltr'>ARW,</span> <span class='ocrx_word' id='word_1_231' title='bbox 1141 3176 1171 3233; x_wconf 73' lang='lat' dir='ltr'><strong>tt</strong></span> <span class='ocrx_word' id='word_1_232' title='bbox 1188 3177 1225 3249; x_wconf 79' lang='lat' dir='ltr'><strong>p*</strong></span> 
     </span>
    </p>
   </div>
   <div class='ocr_carea' id='block_1_5' title="bbox 216 3410 1363 4469">
    <p class='ocr_par' dir='ltr' id='par_1_9' title="bbox 216 3410 1363 4469">
     <span class='ocr_line' id='line_1_28' title="bbox 244 3410 1363 3482; baseline -0.001 -15"><span class='ocrx_word' id='word_1_233' title='bbox 244 3412 437 3482; x_wconf 80' lang='lat' dir='ltr'><strong>adeptionem</strong></span> <span class='ocrx_word' id='word_1_234' title='bbox 455 3427 518 3466; x_wconf 92' lang='lat' dir='ltr'><strong>non</strong></span> <span class='ocrx_word' id='word_1_235' title='bbox 538 3411 604 3479; x_wconf 84' lang='lat' dir='ltr'><strong>deo,</strong></span> <span class='ocrx_word' id='word_1_236' title='bbox 624 3410 677 3466; x_wconf 86' lang='lat' dir='ltr'><strong>sed</strong></span> <span class='ocrx_word' id='word_1_237' title='bbox 695 3411 752 3465; x_wconf 88' lang='lat' dir='ltr'><strong>sibi</strong></span> <span class='ocrx_word' id='word_1_238' title='bbox 772 3411 946 3466; x_wconf 81' lang='lat' dir='ltr'><strong>attribuisse</strong></span> <span class='ocrx_word' id='word_1_239' title='bbox 965 3427 1004 3466; x_wconf 90' lang='lat' dir='ltr'><strong>ex</strong></span> <span class='ocrx_word' id='word_1_240' title='bbox 1017 3425 1053 3465; x_wconf 90' lang='lat' dir='ltr'><strong>eo</strong></span> <span class='ocrx_word' id='word_1_241' title='bbox 1074 3415 1210 3481; x_wconf 86' lang='lat' dir='ltr'><strong>apparet,</strong></span> <span class='ocrx_word' id='word_1_242' title='bbox 1230 3411 1312 3480; x_wconf 91' lang='lat' dir='ltr'><strong>quod</strong></span> <span class='ocrx_word' id='word_1_243' title='bbox 1331 3413 1363 3466; x_wconf 95' lang='lat' dir='ltr'><strong>in</strong></span> 
     </span>
     <span class='ocr_line' id='line_1_29' title="bbox 244 3482 1363 3553; baseline -0.001 -15"><span class='ocrx_word' id='word_1_244' title='bbox 244 3485 343 3538; x_wconf 90' lang='lat' dir='ltr'><strong>numis</strong></span> <span class='ocrx_word' id='word_1_245' title='bbox 362 3499 449 3538; x_wconf 82' lang='lat' dir='ltr'><strong>suurn</strong></span> <span class='ocrx_word' id='word_1_246' title='bbox 467 3484 631 3548; x_wconf 67' lang='lat' dir='ltr'><strong>imaginem</strong></span> <span class='ocrx_word' id='word_1_247' title='bbox 645 3483 748 3536; x_wconf 83' lang='lat' dir='ltr'><strong>stricto</strong></span> <span class='ocrx_word' id='word_1_248' title='bbox 762 3497 835 3536; x_wconf 89' lang='lat' dir='ltr'><strong>ense</strong></span> <span class='ocrx_word' id='word_1_249' title='bbox 850 3482 1078 3553; x_wconf 84' lang='lat' dir='ltr'><strong>insculpendam</strong></span> <span class='ocrx_word' id='word_1_250' title='bbox 1099 3483 1226 3550; x_wconf 86' lang='lat' dir='ltr'><strong>curarit,</strong></span> <span class='ocrx_word' id='word_1_251' title='bbox 1245 3488 1363 3538; x_wconf 88' lang='lat' dir='ltr'><strong>tautum</strong></span> 
     </span>
     <span class='ocr_line' id='line_1_30' title="bbox 216 3549 1362 3624; baseline -0.001 -15"><span class='ocrx_word' id='word_1_252' title='bbox 216 3549 305 3609; x_wconf 84' lang='lat' dir='ltr'><strong>3non</strong></span> <span class='ocrx_word' id='word_1_253' title='bbox 318 3555 489 3609; x_wconf 83' lang='lat' dir='ltr'><strong>clamitans:</strong></span> <span class='ocrx_word' id='word_1_254' title='bbox 507 3554 588 3608; x_wconf 87' lang='lat' dir='ltr'><strong>“Hie</strong></span> <span class='ocrx_word' id='word_1_255' title='bbox 606 3554 677 3608; x_wconf 91' lang='lat' dir='ltr'><strong>mihi</strong></span> <span class='ocrx_word' id='word_1_256' title='bbox 690 3569 828 3622; x_wconf 80' lang='lat' dir='ltr'><strong>regnum,</strong></span> <span class='ocrx_word' id='word_1_257' title='bbox 848 3554 889 3608; x_wconf 89' lang='lat' dir='ltr'><strong>nil</strong></span> <span class='ocrx_word' id='word_1_258' title='bbox 909 3554 992 3608; x_wconf 84' lang='lat' dir='ltr'><strong>aliud</strong></span> <span class='ocrx_word' id='word_1_259' title='bbox 1010 3555 1136 3624; x_wconf 87' lang='lat' dir='ltr'><strong>peperit.</strong></span> <span class='ocrx_word' id='word_1_260' title='bbox 1143 3553 1160 3574; x_wconf 68' lang='lat'><strong>&#39;³</strong></span> <span class='ocrx_word' id='word_1_261' title='bbox 1195 3553 1254 3608; x_wconf 85' lang='lat' dir='ltr'><strong>Eos</strong></span> <span class='ocrx_word' id='word_1_262' title='bbox 1268 3569 1286 3608; x_wconf 92' lang='lat' dir='ltr'><strong>a</strong></span> <span class='ocrx_word' id='word_1_263' title='bbox 1300 3557 1362 3623; x_wconf 87' lang='lat' dir='ltr'><strong>qui-</strong></span> 
     </span>
     <span class='ocr_line' id='line_1_31' title="bbox 243 3624 1362 3693; baseline -0.003 -12"><span class='ocrx_word' id='word_1_264' title='bbox 243 3626 302 3681; x_wconf 90' lang='lat' dir='ltr'><strong>bus</strong></span> <span class='ocrx_word' id='word_1_265' title='bbox 325 3626 448 3680; x_wconf 88' lang='lat' dir='ltr'><strong>adiutus</strong></span> <span class='ocrx_word' id='word_1_266' title='bbox 472 3631 546 3693; x_wconf 87' lang='lat' dir='ltr'><strong>erat,</strong></span> <span class='ocrx_word' id='word_1_267' title='bbox 574 3624 784 3681; x_wconf 78' lang='lat' dir='ltr'><strong>liberalissime</strong></span> <span class='ocrx_word' id='word_1_268' title='bbox 807 3631 853 3680; x_wconf 88' lang='lat' dir='ltr'><strong>est</strong></span> <span class='ocrx_word' id='word_1_269' title='bbox 872 3631 1082 3680; x_wconf 87' lang='lat' dir='ltr'><strong>remuneratus</strong></span> <span class='ocrx_word' id='word_1_270' title='bbox 1106 3625 1264 3693; x_wconf 75' lang='lat' dir='ltr'><strong>relataque</strong></span> <span class='ocrx_word' id='word_1_271' title='bbox 1283 3626 1362 3680; x_wconf 83' lang='lat' dir='ltr'><strong>iesti-</strong></span> 
     </span>
     <span class='ocr_line' id='line_1_32' title="bbox 243 3697 1362 3766; baseline 0 -14"><span class='ocrx_word' id='word_1_272' title='bbox 243 3702 353 3753; x_wconf 83' lang='lat' dir='ltr'><strong>nanter</strong></span> <span class='ocrx_word' id='word_1_273' title='bbox 380 3699 520 3752; x_wconf 88' lang='lat' dir='ltr'><strong>omnibus</strong></span> <span class='ocrx_word' id='word_1_274' title='bbox 542 3698 642 3765; x_wconf 73' lang='lat' dir='ltr'><strong>gratIa</strong></span> <span class='ocrx_word' id='word_1_275' title='bbox 668 3711 791 3766; x_wconf 89' lang='lat' dir='ltr'><strong>operam</strong></span> <span class='ocrx_word' id='word_1_276' title='bbox 812 3697 902 3764; x_wconf 84' lang='lat' dir='ltr'><strong>dedit,</strong></span> <span class='ocrx_word' id='word_1_277' title='bbox 931 3702 964 3751; x_wconf 91' lang='lat' dir='ltr'><strong>ut</strong></span> <span class='ocrx_word' id='word_1_278' title='bbox 983 3697 1105 3752; x_wconf 88' lang='lat' dir='ltr'><strong>domum</strong></span> <span class='ocrx_word' id='word_1_279' title='bbox 1125 3711 1211 3751; x_wconf 87' lang='lat' dir='ltr'><strong>suam</strong></span> <span class='ocrx_word' id='word_1_280' title='bbox 1233 3698 1362 3766; x_wconf 76' lang='lat' dir='ltr'><strong>quitque</strong></span> 
     </span>
     <span class='ocr_line' id='line_1_33' title="bbox 243 3767 1362 3836; baseline -0.003 -12"><span class='ocrx_word' id='word_1_281' title='bbox 243 3768 364 3836; x_wconf 81' lang='lat' dir='ltr'><strong>rediret,</strong></span> <span class='ocrx_word' id='word_1_282' title='bbox 384 3785 424 3823; x_wconf 87' lang='lat' dir='ltr'><strong>ue</strong></span> <span class='ocrx_word' id='word_1_283' title='bbox 442 3770 473 3823; x_wconf 91' lang='lat' dir='ltr'><strong>in</strong></span> <span class='ocrx_word' id='word_1_284' title='bbox 492 3769 569 3823; x_wconf 90' lang='lat' dir='ltr'><strong>urbe</strong></span> <span class='ocrx_word' id='word_1_285' title='bbox 588 3769 749 3823; x_wconf 84' lang='lat' dir='ltr'><strong>volitantes</strong></span> <span class='ocrx_word' id='word_1_286' title='bbox 768 3769 817 3822; x_wconf 86' lang='lat' dir='ltr'><strong>vel</strong></span> <span class='ocrx_word' id='word_1_287' title='bbox 837 3768 997 3822; x_wconf 90' lang='lat' dir='ltr'><strong>tumultum</strong></span> <span class='ocrx_word' id='word_1_288' title='bbox 1011 3769 1180 3824; x_wconf 77' lang='lat' dir='ltr'><strong>excitarent</strong></span> <span class='ocrx_word' id='word_1_289' title='bbox 1195 3767 1243 3822; x_wconf 88' lang='lat' dir='ltr'><strong>vel</strong></span> <span class='ocrx_word' id='word_1_290' title='bbox 1256 3773 1362 3823; x_wconf 86' lang='lat' dir='ltr'><strong>contra</strong></span> 
     </span>
     <span class='ocr_line' id='line_1_34' title="bbox 216 3837 1362 3911; baseline 0.002 -19"><span class='ocrx_word' id='word_1_291' title='bbox 216 3837 390 3911; x_wconf 85' lang='lat' dir='ltr'><strong>4popuium</strong></span> <span class='ocrx_word' id='word_1_292' title='bbox 408 3841 611 3910; x_wconf 81' lang='lat' dir='ltr'><strong>Insurgerent.</strong></span> <span class='ocrx_word' id='word_1_293' title='bbox 650 3840 856 3894; x_wconf 85' lang='lat' dir='ltr'><strong>Patriaroham</strong></span> <span class='ocrx_word' id='word_1_294' title='bbox 875 3855 987 3909; x_wconf 77' lang='lat' dir='ltr'><strong>magno</strong></span> <span class='ocrx_word' id='word_1_295' title='bbox 1011 3855 1062 3895; x_wconf 88' lang='lat' dir='ltr'><strong>ere</strong></span> <span class='ocrx_word' id='word_1_296' title='bbox 1076 3844 1241 3894; x_wconf 85' lang='lat' dir='ltr'><strong>veneratus</strong></span> <span class='ocrx_word' id='word_1_297' title='bbox 1261 3840 1362 3894; x_wconf 87' lang='lat' dir='ltr'><strong>fratris</strong></span> 
     </span>
     <span class='ocr_line' id='line_1_35' title="bbox 244 3857 1362 3981; baseline 0 -15"><span class='ocrx_word' id='word_1_298' title='bbox 244 3913 309 3966; x_wconf 87' lang='lat' dir='ltr'><strong>eius</strong></span> <span class='ocrx_word' id='word_1_299' title='bbox 327 3912 405 3967; x_wconf 88' lang='lat' dir='ltr'><strong>filios</strong></span> <span class='ocrx_word' id='word_1_300' title='bbox 423 3917 453 3966; x_wconf 93' lang='lat' dir='ltr'><strong>et</strong></span> <span class='ocrx_word' id='word_1_301' title='bbox 474 3913 594 3981; x_wconf 79' lang='lat' dir='ltr'><strong>magnis</strong></span> <span class='ocrx_word' id='word_1_302' title='bbox 612 3912 779 3967; x_wconf 83' lang='lat' dir='ltr'><strong>honoribus</strong></span> <span class='ocrx_word' id='word_1_303' title='bbox 794 3911 895 3965; x_wconf 79' lang='lat' dir='ltr'><strong>affecit</strong></span> <span class='ocrx_word' id='word_1_304' title='bbox 908 3916 938 3966; x_wconf 90' lang='lat' dir='ltr'><strong>et</strong></span> <span class='ocrx_word' id='word_1_305' title='bbox 951 3857 1115 3980; x_wconf 58' lang='lat' dir='ltr'><strong>spssndidis</strong></span> <span class='ocrx_word' id='word_1_306' title='bbox 1133 3911 1362 3981; x_wconf 84' lang='lat' dir='ltr'><strong>magistratibus</strong></span> 
     </span>
     <span class='ocr_line' id='line_1_36' title="bbox 216 3980 1362 4053; baseline -0.001 -18"><span class='ocrx_word' id='word_1_307' title='bbox 216 3980 399 4053; x_wconf 71' lang='lat' dir='ltr'><strong>tpraefeoit.</strong></span> <span class='ocrx_word' id='word_1_308' title='bbox 444 3984 607 4038; x_wconf 89' lang='lat' dir='ltr'><strong>Praeterea</strong></span> <span class='ocrx_word' id='word_1_309' title='bbox 631 3984 663 4037; x_wconf 91' lang='lat' dir='ltr'><strong>in</strong></span> <span class='ocrx_word' id='word_1_310' title='bbox 688 3982 880 4053; x_wconf 83' lang='lat' dir='ltr'><strong>patriarchae</strong></span> <span class='ocrx_word' id='word_1_311' title='bbox 908 3985 1038 4052; x_wconf 83' lang='lat' dir='ltr'><strong>gratiam</strong></span> <span class='ocrx_word' id='word_1_312' title='bbox 1066 3983 1156 4037; x_wconf 88' lang='lat' dir='ltr'><strong>etiam</strong></span> <span class='ocrx_word' id='word_1_313' title='bbox 1185 3982 1362 4038; x_wconf 83' lang='lat' dir='ltr'><strong>eeclesiasti-</strong></span> 
     </span>
     <span class='ocr_line' id='line_1_37' title="bbox 244 4053 1362 4125; baseline -0.001 -16"><span class='ocrx_word' id='word_1_314' title='bbox 244 4070 348 4109; x_wconf 87' lang='lat' dir='ltr'><strong>carum</strong></span> <span class='ocrx_word' id='word_1_315' title='bbox 368 4069 468 4109; x_wconf 88' lang='lat' dir='ltr'><strong>rerum</strong></span> <span class='ocrx_word' id='word_1_316' title='bbox 488 4055 735 4125; x_wconf 83' lang='lat' dir='ltr'><strong>procurationem</strong></span> <span class='ocrx_word' id='word_1_317' title='bbox 753 4053 900 4108; x_wconf 85' lang='lat' dir='ltr'><strong>ecelesiae</strong></span> <span class='ocrx_word' id='word_1_318' title='bbox 919 4055 1068 4123; x_wconf 82' lang='lat' dir='ltr'><strong>attribuit3</strong></span> <span class='ocrx_word' id='word_1_319' title='bbox 1088 4069 1158 4108; x_wconf 87' lang='lat' dir='ltr'><strong>nam</strong></span> <span class='ocrx_word' id='word_1_320' title='bbox 1177 4069 1246 4108; x_wconf 88' lang='lat' dir='ltr'><strong>euru</strong></span> <span class='ocrx_word' id='word_1_321' title='bbox 1265 4069 1362 4124; x_wconf 87' lang='lat' dir='ltr'><strong>usque</strong></span> 
     </span>
     <span class='ocr_line' id='line_1_38' title="bbox 243 4125 1362 4196; baseline 0.001 -16"><span class='ocrx_word' id='word_1_322' title='bbox 243 4126 282 4180; x_wconf 89' lang='lat' dir='ltr'><strong>ad</strong></span> <span class='ocrx_word' id='word_1_323' title='bbox 311 4125 342 4180; x_wconf 92' lang='lat' dir='ltr'><strong>id</strong></span> <span class='ocrx_word' id='word_1_324' title='bbox 370 4127 514 4196; x_wconf 87' lang='lat' dir='ltr'><strong>temporis</strong></span> <span class='ocrx_word' id='word_1_325' title='bbox 542 4131 572 4180; x_wconf 91' lang='lat' dir='ltr'><strong>et</strong></span> <span class='ocrx_word' id='word_1_326' title='bbox 599 4140 730 4195; x_wconf 81' lang='lat' dir='ltr'><strong>magnus</strong></span> <span class='ocrx_word' id='word_1_327' title='bbox 759 4140 945 4180; x_wconf 82' lang='lat' dir='ltr'><strong>oeconomus</strong></span> <span class='ocrx_word' id='word_1_328' title='bbox 972 4131 1002 4179; x_wconf 89' lang='lat' dir='ltr'><strong>et</strong></span> <span class='ocrx_word' id='word_1_329' title='bbox 1021 4125 1229 4195; x_wconf 80' lang='lat' dir='ltr'><strong>sceuophylax</strong></span> <span class='ocrx_word' id='word_1_330' title='bbox 1251 4141 1270 4178; x_wconf 84' lang='lat' dir='ltr'><strong>a</strong></span> <span class='ocrx_word' id='word_1_331' title='bbox 1288 4140 1362 4181; x_wconf 90' lang='lat' dir='ltr'><strong>ree</strong></span> 
     </span>
     <span class='ocr_line' id='line_1_39' title="bbox 243 4197 1362 4268; baseline -0.001 -16"><span class='ocrx_word' id='word_1_332' title='bbox 243 4198 399 4268; x_wconf 79' lang='lat' dir='ltr'><strong>designari</strong></span> <span class='ocrx_word' id='word_1_333' title='bbox 417 4198 557 4264; x_wconf 87' lang='lat' dir='ltr'><strong>solerent,</strong></span> <span class='ocrx_word' id='word_1_334' title='bbox 577 4202 741 4266; x_wconf 87' lang='lat' dir='ltr'><strong>utrumque</strong></span> <span class='ocrx_word' id='word_1_335' title='bbox 759 4197 792 4250; x_wconf 93' lang='lat' dir='ltr'><strong>id</strong></span> <span class='ocrx_word' id='word_1_336' title='bbox 805 4211 915 4250; x_wconf 90' lang='lat' dir='ltr'><strong>munus</strong></span> <span class='ocrx_word' id='word_1_337' title='bbox 929 4197 1120 4266; x_wconf 82' lang='lat' dir='ltr'><strong>patriarchae</strong></span> <span class='ocrx_word' id='word_1_338' title='bbox 1134 4199 1276 4267; x_wconf 88' lang='lat' dir='ltr'><strong>potestati</strong></span> <span class='ocrx_word' id='word_1_339' title='bbox 1294 4212 1331 4252; x_wconf 90' lang='lat' dir='ltr'><strong>su</strong></span> <span class='ocrx_word' id='word_1_340' title='bbox 1352 4225 1362 4236; x_wconf 93' lang='lat'>·</span> 
     </span>
     <span class='ocr_line' id='line_1_40' title="bbox 216 4268 1363 4340; baseline -0.002 -16"><span class='ocrx_word' id='word_1_341' title='bbox 216 4269 320 4336; x_wconf 78' lang='lat' dir='ltr'><strong>discit,</strong></span> <span class='ocrx_word' id='word_1_342' title='bbox 341 4274 442 4325; x_wconf 90' lang='lat' dir='ltr'><strong>amota</strong></span> <span class='ocrx_word' id='word_1_343' title='bbox 461 4269 584 4340; x_wconf 86' lang='lat' dir='ltr'><strong>pubIIea</strong></span> <span class='ocrx_word' id='word_1_344' title='bbox 602 4270 793 4324; x_wconf 84' lang='lat' dir='ltr'><strong>auctorItate.</strong></span> <span class='ocrx_word' id='word_1_345' title='bbox 830 4268 949 4324; x_wconf 84' lang='lat' dir='ltr'><strong>Deinde</strong></span> <span class='ocrx_word' id='word_1_346' title='bbox 968 4269 1050 4323; x_wconf 86' lang='lat' dir='ltr'><strong>vitae</strong></span> <span class='ocrx_word' id='word_1_347' title='bbox 1067 4270 1179 4322; x_wconf 80' lang='lat' dir='ltr'><strong>sociam</strong></span> <span class='ocrx_word' id='word_1_348' title='bbox 1198 4269 1363 4338; x_wconf 84' lang='lat' dir='ltr'><strong>appellavit</strong></span> 
     </span>
     <span class='ocr_line' id='line_1_41' title="bbox 242 4339 1362 4410; baseline 0 -16"><span class='ocrx_word' id='word_1_349' title='bbox 242 4339 423 4410; x_wconf 76' lang='lat' dir='ltr'><strong>Angustam,</strong></span> <span class='ocrx_word' id='word_1_350' title='bbox 443 4342 566 4396; x_wconf 85' lang='lat' dir='ltr'><strong>fratrem</strong></span> <span class='ocrx_word' id='word_1_351' title='bbox 587 4345 689 4395; x_wconf 90' lang='lat' dir='ltr'><strong>autem</strong></span> <span class='ocrx_word' id='word_1_352' title='bbox 708 4340 853 4395; x_wconf 89' lang='lat' dir='ltr'><strong>Ioannem</strong></span> <span class='ocrx_word' id='word_1_353' title='bbox 873 4339 1079 4410; x_wconf 88' lang='lat' dir='ltr'><strong>europalatem</strong></span> <span class='ocrx_word' id='word_1_354' title='bbox 1099 4345 1129 4394; x_wconf 89' lang='lat' dir='ltr'><strong>et</strong></span> <span class='ocrx_word' id='word_1_355' title='bbox 1146 4355 1293 4409; x_wconf 85' lang='lat' dir='ltr'><strong>magnum</strong></span> <span class='ocrx_word' id='word_1_356' title='bbox 1312 4340 1362 4394; x_wconf 92' lang='lat' dir='ltr'><strong>do·</strong></span> 
     </span>
     <span class='ocr_line' id='line_1_42' title="bbox 244 4413 596 4469; baseline -0.009 0"><span class='ocrx_word' id='word_1_357' title='bbox 244 4413 403 4469; x_wconf 85' lang='lat' dir='ltr'><strong>mestieum</strong></span> <span class='ocrx_word' id='word_1_358' title='bbox 420 4413 596 4469; x_wconf 84' lang='lat' dir='ltr'><strong>nominarit.</strong></span> 
     </span>
    </p>
   </div>
   <div class='ocr_carea' id='block_1_6' title="bbox 0 0 1530 4775">
    <p class='ocr_par' dir='ltr' id='par_1_10' title="bbox 0 0 1530 4775">
     <span class='ocr_line' id='line_1_43' title="bbox 0 0 1530 4775; baseline 0 0"><span class='ocrx_word' id='word_1_359' title='bbox 0 0 1530 4775; x_wconf 95' lang='lat' dir='ltr'><strong> </strong></span> 
     </span>
    </p>
   </div>
  </div>
 </body>
</html>
