3050 4775
229 427 283 485 291
539 424 677 485 ZONAR.
695 424 794 482 ΕΡῙΤ.
815 422 868 482 XV
889 425 929 496 12,
949 424 1045 482 9-21.

196 611 350 686 Βξόντων
365 611 552 691 ἐπεκαλεῖτο,
570 611 673 682 θείσας
684 611 703 675 6
714 608 858 693 βασιλεὺς
873 610 1039 693 καθεῖρξεν
1056 608 1089 673 ἒν
1103 617 1150 691 τῷ
1164 608 1348 691 πραιτωρίῳ

187 719 221 773 10
230 714 334 795 αὐτόν,
361 715 465 796 τύψας
486 713 640 795 πρότερον
662 714 716 777 καὶ
737 714 794 796 τήν
817 714 922 796 κόμην
944 714 1103 795 περιελών.
1149 720 1204 776 τοῦ
1228 712 1263 777 όὲ
1285 717 1349 775 τῶν

230 816 427 899 Βουλγάριον
450 818 695 900 ἀρχηγετοῦντος
717 816 909 899 ὡρμηκότος
928 817 1007 880 κατὰ
1023 824 1077 899 τῆς
1088 816 1268 899 Ῥωμαϊκῆς
1283 816 1348 879 ἐπι-

229 920 383 1001 κρατείας,
416 920 616 991 ἀσωτάκτως
643 920 661 983 6
683 920 828 1004 βασιλεὺς
855 921 943 1003 αὐτῷ
971 921 1116 985 ἐπελθὼν
1142 922 1264 1004 ἡττᾶται
1296 920 1349 984 καὶ

228 1023 353 1106 πλῆθος
374 1022 455 1087 πολὺ
478 1024 734 1105 στρατευομένων
757 1024 934 1106 ἀπόλλυσιν,
958 1024 1035 1087 ἀλλὰ
1058 1024 1123 1107 μὴν
1145 1024 1198 1088 καί
1213 1032 1278 1087 τῶν
1292 1025 1376 1106 rte-5

187 1128 382 1209 11γιστάνων
408 1126 555 1197 πολλούς.
601 1127 634 1189 αῖ
657 1127 692 1191 δέ
714 1126 929 1210 στρατιωτικοί
952 1128 1109 1201 συντάξεις
1132 1127 1350 1209 ἀθροισθεῖσα

229 1228 308 1293 κατὰ
331 1229 387 1312 τήν
409 1229 617 1312 μεγαλόπολιν
639 1230 844 1311 ἐβουλεύοντο
866 1232 1045 1313 βασιλεῦσαι
1067 1229 1121 1294 τὸν
1143 1228 1207 1293 ἀπὸ
1230 1229 1348 1294 Καισά-

186 1336 298 1414 iinon·
313 1330 504 1416 Νικηφόρον
525 1332 579 1396 τὸν
601 1340 657 1397 τοῦ
678 1334 916 1398 Κωνσταντίνου
940 1333 1168 1416 πατράόελφον.
1215 1332 1292 1397 ἀλλὰ
1314 1334 1349 1398 τὸ

229 1436 356 1517 σκέμμα
389 1436 449 1499 οὐκ
481 1437 588 1501 ἔλαθε·
622 1437 671 1501 όιό
698 1436 794 1507 αὐτὸς
819 1436 878 1519 μέν
901 1438 919 1500 ὁ
944 1436 1133 1519 Νικηφόρος
1155 1436 1289 1519 ἐξεκόπη
1312 1436 1349 1500 τὰ

229 1538 372 1620 ὄμματα·
406 1538 425 1601 6
449 1538 484 1602 όέ
511 1563 546 1622 γε
568 1538 791 1623 Χριστοφύρος
818 1538 872 1602 καλ
899 1540 918 1603 6
942 1538 1082 1623 Νικήτας
1105 1538 1292 1621 όἈνθιμός
1318 1564 1350 1603 τε
1363 1542 1396 1595 10

187 1643 220 1698 13
229 1640 284 1704 καὶ
301 1639 320 1704 6
336 1640 521 1724 Εύόόκιμος
541 1651 607 1707 τῶν
630 1643 785 1725 γλωσσῶν
807 1642 983 1727 ὑπέστησαν
1005 1644 1150 1725 έκταμήν.
1197 1642 1274 1707 ἀλλὰ
1297 1642 1350 1706 καί

228 1741 283 1806 τόν
306 1743 448 1827 Μωσηλὲ
473 1744 527 1808 τὸν
545 1745 680 1819 Ἀλέξιον
703 1745 722 1809 6
744 1743 889 1829 βασιλεὺς
916 1746 1137 1828 ἐξετύφλωσεν,
1171 1746 1350 1829 ὑποθήκαις

144 1846 166 1905 C
186 1849 324 1909 14ταύτα
347 1852 512 1929 μητρικσῖς
538 1848 759 1931 ἐργασόμενος.
806 1848 835 1911 ολ
859 1847 893 1911 δὲ
915 1854 970 1912 τοῦ
993 1848 1133 1931 θύματος
1155 1855 1220 1911 τῶν
1238 1848 1349 1930 Ἀρμε-

229 1956 349 2012 νιακῶν
363 1950 420 2033 τὴν
430 1956 490 2037 τοῦ
504 1951 641 2025 Ἀλεξίου
656 1950 815 2033 μαθόντες
830 1950 998 2034 τύφλωσιν,
1020 1949 1074 2014 τὸν
1090 1951 1242 2033 σφέτερον
1257 1973 1349 2033 στρα-

229 2050 325 2133 τηγὸν
346 2052 496 2134 ἐποίησαν
519 2053 711 2135 ἔμφρουρον,
758 2052 797 2136 ἦν
814 2049 842 2118 θ’
859 2050 952 2123 οὗτος
967 2054 985 2116 ὁ
1002 2051 1225 2135 Καμουλιανός
1248 2052 1266 2115 6
1288 2076 1349 2115 πα-
1363 2056 1395 2111 15

187 2158 220 2212 15
230 2155 352 2235 τρίκιος.
398 2155 446 2225 ὡς
468 2153 525 2218 οὗν
541 2156 700 2238 ἀνηνέχθη
716 2162 807 2220 τοῦτο
823 2164 869 2238 τῷ
884 2156 1009 2239 βασιλεῖ,
1033 2156 1145 2219 στέλλει
1160 2151 1228 2219 κατ’
1246 2157 1351 2219 αὐτῶν

230 2254 287 2319 σὺν
310 2256 440 2338 δυνάμει
457 2258 693 2322 Κωνσταντῖνον
711 2257 765 2322 τὸν
777 2259 972 2342 Ἀρτασύραν
994 2258 1048 2321 καλ
1070 2256 1124 2321 τὸν
1139 2257 1350 2341 Χρυσόχειρα,

188 2363 221 2418 16
231 2358 402 2444 στρατηγὸν
416 2367 481 2425 τιῦν
497 2359 740 2446 Βουκελλαρίων
754 2362 954 2446 τυγχάνοντα.
998 2360 1052 2425 καὶ
1067 2362 1276 2446 κρατηθέντος
1292 2385 1350 2426 πο-

230 2573 248 2626 2
267 2574 304 2626 ότι
323 2580 376 2632 τοῖς
395 2573 559 2642 Βουλγάρσις
578 2573 721 2644 συμβαλὼν
739 2576 755 2628 6
774 2575 900 2635 Κώνστας
921 2576 985 2640 (sie)
1004 2574 1105 2644 ἡττήθη
1126 2573 1148 2629 C
1220 2573 1237 2628 6
1255 2574 1301 2628 καί
1313 2575 1351 2627 ὅτι

230 2645 364 2700 ἐστασίασε
377 2643 405 2699 τό
418 2643 606 2715 στρατιωτικόν
615 2645 661 2700 καί
673 2647 711 2700 ὅτι
725 2644 785 2707 τοὺς
798 2647 887 2707 θείους
901 2647 1123 2707 ύΚωνσταντΐνος
1136 2645 1315 2716 ἐτιμωρήσατο
1329 2645 1351 2702 C

284 2861 302 2914 2
319 2861 444 2928 μσστίξσς
454 2859 487 2925 Ο,
508 2861 611 2930 flagris
629 2875 766 2916 caesum:
792 2861 841 2916 Wo
855 2861 903 2916 lat.
958 2860 976 2915 3
995 2860 1189 2930 ε’ξάρχσντσςθ
1243 2861 1352 2930 inion-

284 2932 409 2986 λεύσαντα
429 2931 511 3002 pr,
530 2932 743 3002 ίβουλεύσαντων
762 2933 827 3001 (sic)
848 2933 871 2986 E
959 2931 1012 3002 τόν]
1033 2939 1086 2986 τῶν
1105 2932 1127 2989 C
1214 2933 1247 2986 10
1265 2933 1295 2986 όέ
1312 2931 1351 3001 γε]

284 3004 314 3072 γέ
331 3003 404 3058 orb}
505 3005 534 3056 ll
556 3005 572 3057 6
590 3020 646 3058 om.
667 3003 703 3073 p*
722 3005 825 3059 invitis
844 3003 925 3058 nun
1028 3005 1060 3058 12
1078 3005 1094 3057 ό
1110 3003 1231 3073 βασιλεὺς
1251 3019 1308 3058 om.
1328 3003 1351 3056 B

286 3075 320 3129 13
338 3075 510 3142 ἄρμενιακῶν
529 3074 556 3128 D
637 3075 671 3129 15
689 3075 894 3144 τήν-πατρίκιος
914 3091 970 3129 ont.
992 3075 1015 3130 O
1098 3077 1129 3130 17
1147 3076 1297 3144 ἀρῖσῖτάραν
1316 3075 1351 3142 D,

285 3162 362 3200 corr.
383 3146 443 3213 Dw,
459 3145 586 3214 Ἀρτσσήρ
601 3146 734 3215 Theooh.
755 3147 769 3200 I
788 3163 816 3217 p.
835 3147 896 3208 468,
916 3145 950 3200 26
1023 3149 1198 3216 Χρυσοχέρην
1217 3147 1351 3238 ΤΙιοορΙι.

285 3217 298 3270 I
318 3234 347 3285 p.
359 3218 420 3285 468,
440 3217 474 3272 θλ
548 3218 582 3271 18
598 3219 798 3288 βουκελλαρίων
816 3215 909 3274 BCDt'
926 3217 1059 3289 Theoph.
1080 3219 1097 3271 l.
1117 3234 1151 3284 e„
1169 3218 1352 3288 βαυκελσριων

285 3288 387 3359 Apr
459 3288 676 3359 συρραγέντωο

232 3504 313 3556 inme
332 3508 362 3557 et
381 3504 454 3572 quio
475 3518 495 3556 a
516 3503 666 3557 seditionis
689 3504 909 3570 arcessebatur,
939 3519 1006 3558 eum
1028 3519 1066 3558 ex
1086 3509 1168 3558 metu
1186 3505 1216 3557 in
1237 3511 1354 3573 praeto·

231 3575 350 3628 rianum
376 3587 528 3628 carcerem
553 3591 608 3628 rex
634 3575 762 3628 coniecit
788 3575 982 3629 verberatum
1015 3577 1099 3644 prius
1129 3590 1276 3644 comaque
1305 3576 1354 3630 de·

189 3642 328 3699 lotonso.
366 3644 497 3714 Principi
524 3644 725 3714 Buigarorurn
752 3645 919 3700 Romanam
949 3647 1091 3701 ditionem
1121 3662 1269 3716 aggresso
1298 3663 1353 3702 ren

231 3717 430 3786 incomposito
444 3717 567 3785 agmine
580 3717 701 3770 obviam
716 3719 871 3786 proiectus
888 3719 1020 3772 vincitur
1039 3717 1140 3771 multis
1160 3723 1190 3772 et
1209 3717 1353 3772 militibus

189 3786 220 3838 11
232 3792 263 3842 et
276 3787 454 3856 proceribus
470 3789 593 3841 amissis.
632 3787 834 3850 Quamobrem
855 3789 999 3843 militares
1019 3788 1140 3842 ordines
1159 3791 1190 3842 in
1209 3805 1352 3859 magnam

231 3860 337 3912 urbem
358 3860 537 3928 congregati
558 3859 596 3913 de
614 3857 784 3927 Nicephoro
806 3857 945 3927 Caesare,
965 3859 1153 3915 Constantini
1174 3867 1292 3930 patruo,
1312 3861 1351 3915 od

190 3929 390 4053 liimfrerium
415 3930 573 3984 evehendo
598 3931 723 3984 consilia
746 3931 887 3984 inierunt.
926 3931 1012 3995 Quod
1037 3947 1104 3985 cum
1128 3931 1284 3985 consilium
1305 3949 1352 3986 oc-

232 4014 271 4054 cu
282 4008 312 4054 te
330 4016 391 4055 non
409 4001 548 4067 ferretur,
567 4000 737 4070 Nicephoro
751 4003 807 4070 insi
822 4002 900 4056 oculi
914 4009 984 4056 nunt
997 4003 1107 4068 effossi,
1127 4002 1350 4072 christophoro,

190 4071 364 4137 13Nieetoe,
389 4071 539 4138 Anthimo,
568 4073 733 4127 Eudocimo
753 4073 877 4142 linguae
897 4075 1061 4143 praecisae.
1099 4073 1175 4128 Sunt
1195 4081 1224 4128 et
1243 4073 1350 4130 Alexio

188 4143 223 4196 14
233 4142 334 4197 Moseii
355 4143 393 4197 de
412 4144 516 4197 matris
535 4144 659 4198 consilio
679 4145 757 4198 oculi
778 4145 865 4198 eruti.
903 4145 997 4208 Quem
1022 4152 1177 4200 caecatum
1198 4161 1351 4201 esserum

232 4213 404 4269 Armeniaci
427 4222 619 4284 cognossent,
645 4215 854 4269 Cnmuiionum
874 4218 1041 4285 patricium,
1068 4233 1154 4270 suum
1175 4217 1292 4282 ducem,
1320 4219 1351 4272 in

188 4286 223 4340 15
233 4285 400 4340 custodium
429 4285 587 4340 dederunt.
625 4286 667 4340 Eo
696 4287 735 4339 ad
764 4303 867 4355 rogem
895 4289 989 4342 relato
1015 4287 1243 4343 Constantinum
1267 4288 1350 4342 Arto-

232 4371 330 4411 serom
351 4365 381 4411 et
400 4356 638 4427 chrysochirem,
667 4357 923 4412 Bucceiinriorum
943 4359 1058 4422 ducem,
1082 4375 1150 4414 oum
1170 4351 1265 4429 copiis
1284 4375 1352 4414 oon·

190 4428 280 4483 littra
293 4429 359 4484 ilios
373 4430 470 4484 mittit
506 4429 625 4485 Proeiio
640 4431 799 4485 commisso
820 4433 973 4502 utrimque
990 4431 1076 4485 multi
1091 4431 1279 4499 oeciderunt3
1299 4431 1352 4487 sed
