3050 4775
404 268 645 334 ANASTASIVS
663 277 687 332 1.
723 276 1050 336 CHRYSARGYRVM.
1238 281 1290 336 135

168 455 248 537 μετὰ
270 456 327 538 τὴν
348 457 452 541 ταφὴν
479 459 641 544 Ζήνωνος,
670 459 819 531 καὶτοὺς
845 461 969 543 γάμους
995 461 1117 526 ἐτέλεσε.
1164 463 1288 544 δασμοῦ
1301 468 1329 522 ll

170 560 206 623 δὲ
227 559 302 633 τοὺς
323 561 487 644 ὑπηκόους
507 565 668 638 πιέζοντος
689 568 745 627 τοῦ
772 563 941 646 λεγομένου
969 564 1202 647 χρυσαργύρου,
1235 567 1289 629 καί

169 668 279 726 τοῦτον
294 664 455 746 ἐξέκοψεν.
499 665 540 750 ἦν
563 665 598 730 δὲ
619 667 638 730 ὁ
661 672 717 729 τοῦ
739 666 963 750 χρυσαργύρου
988 667 1110 749 δασμὸς
1131 673 1287 739 τοιοῦτος·
1299 673 1374 730 120

168 766 303 837 ἅπαντες
330 767 384 831 καί
409 774 573 850 προσοῖτοι
595 769 650 832 καί
670 770 799 851 πένητες
822 768 875 832 καὶ
897 774 982 833 πᾶσα
1005 770 1107 853 πόρνη
1131 771 1185 834 καί
1208 771 1286 854 ξύμ-

140 870 282 939 5παντες
304 869 508 953 ἀπελεύθεροι
531 872 565 935 ἐν
587 872 695 954 ἀγροῖς
717 895 749 935 τε
777 871 830 934 καί
857 872 964 936 πόλεσι
992 871 1198 957 διατρίβοντες
1226 875 1286 939 εἰσ-

168 972 277 1054 φέρειν
297 975 511 1056 ἠναγκάζοντο
533 981 580 1057 τῷ
600 975 745 1057 όημοσίῳ
760 974 846 1046 τέλος
862 975 994 1058 ἐτήσιον·
1018 975 1072 1040 καί
1086 975 1166 1059 ὑπὲρ
1182 978 1288 1042 ἳππων
1300 983 1332 1036 13

167 1075 223 1139 καὶ
244 1077 387 1159 ἡμιόνων
408 1077 462 1141 καί
483 1079 572 1160 βοῶν
594 1078 681 1142 ὄνων
703 1102 735 1141 τε
756 1077 810 1141 καλ
833 1083 941 1142 κυνῶν
964 1079 1128 1160 ἐτράπετο
1147 1080 1285 1162 φορολό-

167 1202 266 1260 γημα,
287 1178 367 1262 ὑπὲρ
390 1180 576 1263 ἀνθρώπων
597 1180 657 1262 μὲν
678 1181 813 1245 ἑκάστου
837 1180 974 1264 νόμισμα
998 1182 1167 1263 ἀργυροῦν,
1196 1180 1232 1246 τό
1256 1179 1285 1246 δ’

166 1281 246 1344 αίπὸ
268 1281 322 1345 καί
342 1282 423 1365 ὑπὲρ
445 1284 552 1366 ἵππου,
575 1283 708 1366 ἡμιόνου
731 1306 764 1346 τε
786 1282 840 1346 καὶ
861 1282 950 1365 βοός,
972 1283 1052 1367 ὑπὲρ
1076 1285 1152 1348 ὄνου
1177 1285 1211 1350 ab
1232 1286 1286 1349 καί

123 1389 158 1440 1⁰
166 1383 266 1455 κυνὸς
291 1385 397 1467 φόλεις
423 1387 471 1459 ἕξ·
503 1385 556 1449 καί
583 1385 623 1469 ἧν
650 1385 701 1450 διὰ
723 1391 818 1449 ταῦτα
842 1386 988 1470 συνιριβὴ
1011 1391 1076 1450 τῶν
1098 1388 1285 1470 ἀνθρώπων

166 1487 222 1550 καί
249 1487 391 1570 ὀόυρμός
416 1495 585 1572 πανταχοῦ.
630 1488 708 1553 ἀλλὰ
736 1489 851 1573 ταύτην
880 1489 1024 1572 ἐκκόψας
1050 1489 1107 1573 τὴν
1134 1489 1285 1574 εἰσφορὰν
1298 1497 1330 1552 14

168 1590 557 1673 όβασιλεὺςἊναστάσιος
579 1591 632 1656 καί
654 1591 752 1663 αὐτάς
773 1591 829 1664 τάς
850 1592 921 1675 περὶ
943 1592 1055 1676 ταύτης
1078 1592 1285 1676 καταγραφὰς

166 1693 305 1757 ἐναντίον
326 1700 382 1758 τοῦ
406 1694 511 1777 όήμου
533 1697 724 1760 κατέκαυσεν
746 1695 781 1759 ἐν
802 1703 849 1778 τῷ
866 1694 1009 1778 Ἱππικῴ·
1033 1695 1087 1760 καλ
1109 1695 1149 1777 ἦν
1170 1695 1229 1778 μὲν
1252 1697 1328 1760 ars

13 1797 89 1853 but
103 1798 286 1869 τῐὈιοότοις
307 1798 469 1881 φιλότιμος
490 1797 544 1862 καί
565 1799 621 1881 τὴν
643 1804 707 1861 τῶν
729 1799 897 1862 πολιτικῶν
918 1797 1115 1881 πραγμάτων
1134 1799 1321 1882 όιοίκηστνῐ)

122 1901 275 1972 15καλῶς
299 1901 535 1984 μετερχόμενος.
579 1899 635 1972 τάς
657 1900 718 1984 γὰρ
744 1899 903 1971 πολιτικὰς
925 1899 1026 1984 ἀρχὰς
1049 1901 1164 1971 ὠνίους
1185 1923 1282 1984 παρε-
1295 1911 1328 1966 16

164 2005 303 2086 χυμένας
324 2004 360 2068 τὸ
381 2003 455 2086 πρίν
477 2005 594 2075 ἐκεῖνος
616 2004 774 2086 ἀμίσθους
796 2003 909 2068 ἐόίόου.
955 2003 1026 2086 περί
1049 2003 1161 2086 δὲτὴν
1183 2003 1226 2074 είς
1248 2003 1283 2067 τὸ
1296 2014 1328 2068 17

166 2199 180 2252 1
201 2201 239 2252 ὅτι
254 2199 425 2268 χρεωκοπίαν
442 2200 543 2269 (χρεοκ.
554 2196 587 2264 C)
606 2198 796 2258 όἈναστάσιος
814 2198 890 2252 ἔθετο
908 2198 953 2253 καί
972 2198 1015 2253 τὸν
1033 2206 1078 2253 τοῦ
1095 2199 1283 2269 χρυσαργτίρου

165 2271 267 2338 δασμόν
284 2271 415 2338 ίξὲκοψεν
432 2271 528 2340 (ἔκοψε
547 2271 581 2335 Ε)
602 2271 649 2325 ΟΕ
722 2270 757 2324 16
775 2271 812 2323 ὅτι
831 2277 876 2338 τῆς
895 2277 949 2324 τῶν
961 2271 1138 2339 Συγχυτικῶν
1156 2271 1283 2339 αἱρέσεως

164 2341 361 2483 ἓιῇἬὼὸοὲ
376 2341 491 2412 γεγονὼς
509 2341 554 2398 τόν
570 2341 736 2412 πατριάρχην
754 2341 826 2411 (τοὺς
840 2341 1005 2413 πατριάρχας
1024 2341 1058 2409 Ε)
1076 2341 1189 2412 ἐξώρισε
1207 2343 1282 2411 (tros-

220 2593 235 2646 1
253 2593 351 2647 ἐτέλεσε
370 2592 497 2664 prDr'‚
514 2593 628 2648 ἐτέλεσεν
646 2591 681 2661 Α,
702 2610 729 2646 v.
749 2593 790 2647 ad
809 2592 882 2647 XIII
900 2594 959 2657 1,5
1034 2592 1052 2647 2
1071 2592 1101 2648 δὲ
1120 2609 1177 2649 om.
1197 2594 1281 2650 initio

219 2679 326 2720 versus
345 2664 368 2721 C
450 2665 594 2728 ίπιέζοντος
614 2665 649 2732 Ι),
670 2682 747 2719 corr.
768 2664 819 2723 Dw
909 2666 926 2719 3
945 2672 1021 2719 τοῦτο
1041 2664 1065 2720 Ο
1149 2666 1165 2717 ό
1182 2666 1281 2731 δασμός

218 2744 264 2791 τοῦ
274 2758 318 2806 χρ.
332 2736 357 2790 Β
429 2736 446 2792 5
463 2737 567 2791 πόλεσιν
579 2738 784 2805 ἐνδιατρίβοντες
797 2737 820 2791 Ε
892 2737 909 2789 6
928 2735 1078 2806 ἠνάγκαζον
1089 2736 1124 2802 D,
1144 2736 1281 2796 eome

219 2808 236 2862 7
253 2813 326 2863 ante
342 2810 413 2863 ὄνων
432 2807 501 2862 add.
519 2808 605 2862 uati:
677 2808 695 2861 8
712 2808 866 2876 ἀνθρώπων
883 2807 932 2875 μὲν
950 2808 1061 2862 ἑκάστου
1081 2806 1116 2875 Α,
1135 2808 1281 2875 ἀνθρώπου

217 2879 265 2945 μὲν
282 2879 396 2934 ἑκάστου
414 2879 447 2947 Ε,
464 2879 577 2933 ἑκάστου
594 2877 643 2947 μὲν
662 2879 807 2947 ἀνθρώπου
829 2878 902 2948 pr
976 2879 1117 2933 9.1οκαι“
1135 2880 1214 2939 κυνός
1233 2882 1281 2949 φό-

218 2952 267 3010 istc
285 2952 315 3014 ἕξ
332 2949 393 3016 ΑΕ,
417 2950 508 3020 φόλεις
527 2951 644 3019 (φόλλεις
662 2948 716 3015 Di)
734 2951 770 3018 ἕ,
790 2951 889 3017 ὁμοίως
909 2949 938 3003 δὲ
957 2950 998 3014 (ba
1017 2966 1073 3005 om.
1092 2950 1131 3017 D)
1151 2950 1196 3005 κατ’
1214 2950 1280 3019 ὑπὲρ

218 3024 296 3081 κυνός
315 3020 445 3093 Οτιρῦἱς
469 3022 624 3077 deforma
643 3022 732 3091 φόλιις
750 3038 778 3075 v.
798 3020 852 3075 XV
870 3020 940 3089 4,16
961 3026 990 3076 et
1009 3020 1168 3077 Gelzerum
1189 3022 1281 3077 Leon-

218 3091 275 3148 tion
292 3109 352 3149 υοπ
372 3090 518 3163 Neapolt‘a
536 3092 616 3147 Frib.
636 3098 667 3148 et
684 3092 766 3163 Lips.
786 3092 856 3148 1893
874 3108 902 3162 p.
923 3092 965 3161 76,
986 3094 1000 3146 1
1088 3093 1121 3147 10
1140 3094 1184 3148 διὰ
1203 3102 1280 3148 ταῦτα

218 3163 276 3233 ΑΕ,
293 3166 416 3219 ἐντεῦθεν
433 3164 467 3233 R,
489 3165 633 3220 κάντεῦθεν
652 3164 729 3234 pr
808 3165 841 3218 11
861 3163 1003 3233 συμφοράν
1023 3164 1046 3217 Ε
1125 3164 1159 3218 12
1177 3166 1193 3218 ό
1208 3166 1280 3235 βασι-

216 3236 275 3297 λεὺς
293 3252 351 3291 om.
370 3236 424 3290 DE
520 3236 678 3306 ἀπογραφὰς
698 3234 826 3307 prDi,
846 3252 875 3289 v.
895 3234 981 3291 Cedr.
1001 3236 1015 3290 I
1033 3252 1062 3305 p.
1080 3235 1141 3302 627,
1161 3236 1196 3290 10
1205 3250 1244 3290 σε.

162 3428 270 3483 brarit
307 3428 368 3484 Sed
388 3429 460 3498 quia
479 3429 620 3499 vectigal,
639 3429 723 3497 quod
741 3428 900 3483 dicebatur
917 3429 1108 3498 χρυσάργυρον,
1127 3428 1280 3483 subiectos
1292 3426 1321 3479 ll

163 3500 327 3568 premebat,
355 3502 447 3555 etiarn
469 3500 526 3556 hoe
551 3500 692 3555 abolevit.
730 3499 806 3553 iilud
836 3504 938 3553 autern
963 3500 1095 3570 vectigal
1121 3504 1186 3554 erat
1210 3500 1278 3555 tale.
1291 3498 1324 3551 12

163 3570 273 3626 Omnes
291 3577 320 3625 at
341 3571 472 3626 mendici
495 3577 526 3627 et
551 3576 676 3641 egentes
701 3577 730 3626 et
756 3571 852 3625 omnis
877 3572 1019 3627 meretrix
1047 3576 1077 3624 et
1104 3572 1279 3641 quicunque

163 3642 294 3697 libertini
318 3644 350 3696 in
373 3643 457 3712 agris
475 3648 505 3697 et
522 3644 651 3698 urbibus
670 3642 823 3711 degebant
844 3643 1034 3712 cogebantur
1053 3642 1125 3697 fiseo
1145 3642 1278 3711 pendere

163 3713 307 3769 tributum
319 3728 469 3783 annuum3
488 3714 672 3784 exigebatur
684 3714 830 3768 tributum
844 3713 882 3767 de
895 3714 981 3783 equis
994 3718 1024 3767 et
1037 3713 1124 3768 mulis
1137 3718 1167 3768 et
1181 3714 1278 3769 bobus
1292 3712 1323 3765 13

162 3791 195 3839 et
210 3786 302 3839 asinis
320 3790 414 3854 atque
432 3786 572 3839 canibus:
592 3785 630 3839 de
648 3799 835 3854 unoquoque
848 3786 969 3839 homine
981 3798 1091 3839 numus
1104 3790 1277 3855 argenteus,

162 3855 242 3910 idem
260 3856 299 3911 da
317 3872 397 3926 equo
417 3861 448 3911 at
465 3856 546 3911 mulo
567 3862 598 3911 et
615 3858 709 3911 bove:
729 3857 766 3911 de
780 3856 866 3910 asino
880 3862 910 3910 et
923 3870 999 3909 eane
1012 3856 1097 3911 iollas
1110 3871 1173 3911 sex.
1211 3855 1277 3919 Quo

162 3927 274 3983 tributo
292 3928 430 3983 homines
449 3928 542 3982 attriti
561 3928 808 3983 lamentabantur
828 3928 952 3997 ubique.
989 3926 1032 3981 Eo
1052 3928 1145 3997 igitur
1164 3928 1277 3982 abolito
1289 3925 1322 3978 14

162 4014 218 4052 rex
235 3997 416 4053 Anastasius
433 4000 515 4069 ipsas
534 4000 573 4054 ds
591 4000 649 4053 hoe
667 3999 818 4070 vectigale
840 3998 961 4053 tabulas
984 4013 1086 4053 eoram
1110 3999 1223 4068 populo
1245 4000 1277 4051 in

162 4068 291 4140 Hippiro
304 4071 476 4125 combussit
512 4070 618 4139 Neque
637 4086 710 4125 vero
729 4071 826 4125 solum
839 4070 928 4123 bisin
942 4070 1034 4124 rebus
1047 4075 1113 4124 erat
1125 4069 1277 4135 horreatur,
1289 4068 1322 4121 15

162 4140 215 4195 sed
234 4142 325 4227 etianr
343 4142 530 4211 reipublicae
548 4142 673 4211 negotia
691 4142 770 4227 bane
789 4141 1032 4210 administrabat3
1051 4156 1122 4194 nam
1137 4140 1277 4209 reipubli·
1289 4140 1322 4192 16

163 4227 222 4339 tt
235 4212 751 4353 ttfflrt‘bt‘ttttttffltb
770 4212 853 4339 ur
866 4209 1321 4339 iiiiiibiakinffiisssiiff
