3050 4775
249 408 303 465 572
509 407 646 465 ZONAR
664 406 763 462 ΕΡΙΤ.
783 407 865 461 XVII
888 406 928 475 10,
949 406 1061 475 15-11,
1082 404 1106 460 1.

249 591 303 654 καὶ
329 596 423 655 ταῦτα
452 592 578 673 αὐχμοῦ
606 592 785 673 συμβάντος
806 592 924 655 πολλοῦ
948 592 998 673 ἐφ’
1024 590 1090 672 ὅλῳ
1113 597 1159 671 τῷ
1181 588 1290 671 χρόνῳ
1312 592 1367 670 τῆς

205 702 240 754 ro
248 694 404 776 βασιλείας
427 694 537 757 αὐτοῦ·
561 694 639 756 ὅθεν
662 694 693 757 οί
713 696 842 776 πένητες
866 694 1073 776 ἔξετρίβηοαν.
1120 691 1229 755 στόλον
1253 689 1287 754 δὲ
1302 694 1366 753 τῶν

244 797 430 878 Ἀγσρηνῶν
456 794 535 858 κατὰ
562 800 627 858 τῶν
653 796 833 878 λεγομένων
855 796 1036 859 Κυκλάδων
1063 795 1170 878 νήσων
1197 793 1365 858 ἐκπεπλευ-

249 898 326 961 κότα
350 898 369 961 ὁ
392 905 446 981 τῆς
461 897 576 979 Σάμου
595 897 766 980 στρατηγὸς
788 900 1033 980 κατηγωνίσατο,
1058 897 1185 961 δώδεκα
1207 896 1266 979 μὲν
1288 901 1367 979 νῆας

249 1001 446 1081 αὐτάνδρους
468 1000 558 1073 ἑλών,
580 1000 635 1071 τὰς
659 1000 693 1064 δὲ
715 1000 826 1070 λοιπάς
849 1000 1063 1083 σκεδασθῆναι
1084 1000 1274 1082 πεποιηκώς.
1374 1001 1392 1055 5

207 1111 239 1164 17
331 1101 416 1185 Ἤδη
441 1098 469 1165 δ’
494 1103 537 1172 εἷς
560 1108 659 1184 γῆρας
682 1102 795 1173 ἐλάσας
818 1102 836 1165 δ
860 1104 1066 1184 αὐτοκράτωρ
1090 1100 1177 1184 βαθὺ
1200 1099 1314 1183 καὶτῷ
1329 1100 1365 1163 ἐκ

86 1212 178 1268 WIII
189 1214 240 1268 183
248 1204 361 1268 codron
392 1211 557 1287 μαρασμῲ
587 1204 641 1267 καί
671 1204 766 1268 νόσον
794 1204 859 1268 τινὰ
889 1210 1149 1269 συνεισπεσοῦσαν
1175 1211 1222 1285 τῷ
1244 1204 1366 1285 σώματι

208 1318 240 1370 18
250 1307 395 1390 ἐσχηκὼς
425 1306 497 1389 περὶ
527 1312 582 1371 τοῦ
612 1307 836 1389 διαδεξομένου
865 1306 900 1370 τδ
930 1307 1046 1387 κράτος
1068 1308 1238 1371 ἐσκέπτετο.
1284 1306 1365 1387 ἔγνω

248 1410 351 1473 τοίνυν
373 1408 428 1472 τὸν
448 1410 611 1491 πατρίκιον
626 1408 863 1473 Κωνσταντῖνον
878 1408 932 1473 τὸν
947 1408 1150 1491 Δαλασσηνόν
1166 1408 1215 1471 ἐπὶ
1230 1414 1287 1490 μιᾷ
1301 1411 1365 1470 τῶν

248 1512 437 1595 θυγατέρων
459 1512 612 1594 κηδεστὴν
642 1512 836 1594 ποιήσασθαι
864 1511 918 1575 καὶ
945 1518 999 1594 τῆς
1025 1510 1181 1594 βασιλείας
1208 1511 1365 1593 διάδοχον,
1375 1512 1411 1568 10

249 1614 303 1677 καί
325 1614 438 1678 στέλλει
459 1614 513 1678 τδν
536 1613 632 1677 αὐτὸν
654 1616 779 1688 ἄξοντα,
811 1615 845 1677 ἐν
867 1621 913 1696 τῷ
935 1619 999 1677 τῶν
1017 1613 1232 1697 Ἀρμενιακῶν
1254 1614 1366 1695 θέματι

161 1717 305 1800 Β19τὴν
326 1718 488 1781 κατοικίαν
509 1716 714 1799 ποιούμενον·
739 1715 816 1779 ἀλλὰ
838 1718 939 1800 μήπω
962 1722 1018 1781 τοῦ
1035 1716 1151 1799 ἀνδρὸς
1167 1716 1286 1779 ἐκείνου
1302 1716 1364 1797 άφ-

250 1821 400 1902 ικομένου
423 1822 530 1902 ἑτέρας
552 1821 664 1903 γίνεται
686 1821 816 1903 γνώμης
840 1820 858 1884 ά
884 1819 1117 1891 Κωνσταντῖνος
1139 1820 1195 1883 καί
1215 1842 1279 1883 τινα
1302 1824 1366 1883 τῶν

250 1924 284 1986 ἕν
305 1923 382 1987 τέλει
404 1922 504 2005 ἄνδρα
527 1923 686 2005 εδγενέτην
708 1946 740 1985 τε
762 1922 799 1985 τά
824 1923 858 1996 ἐξ
883 1924 1014 2005 αἵματος
1041 1923 1093 1987 καί
1121 1924 1296 2005 ἀνηγμένον
1323 1922 1365 1991 εἰς

250 2024 306 2108 τὴν
336 2032 391 2089 τοῦ
423 2026 564 2108 ἐπάρχου
597 2024 698 2108 ἀρχὴν
730 2028 809 2106 αἴρει
835 2025 917 2107 πρὸς
943 2024 999 2108 τὴν
1027 2025 1178 2108 διαδοχὴν
1205 2024 1257 2089 καί
1283 2022 1365 2106 ιτρδς
1378 2030 1410 2084 15

205 2128 349 2210 2οκῆδος
371 2132 435 2191 τῶν
458 2128 644 2209 θυγατέρων
669 2134 751 2210 μιᾶς.
798 2125 863 2191 ἀλλ’
888 2127 950 2211 εἶχέ
971 2152 998 2190 τι
1020 2127 1101 2209 πρὸς
1123 2130 1252 2211 ἔκβασιν
1274 2130 1293 2211 ἡ
1318 2128 1364 2191 αἵ-

250 2254 333 2311 ρεσις
355 2230 540 2312 πρόσαντες·
565 2231 686 2312 γυναικὶ
707 2230 767 2313 γάρ
784 2232 802 2294 δ
817 2230 962 2312 λιτμκρδς
977 2231 1095 2301 ἐκεῖνος
1110 2228 1255 2314 συνεβίου
1271 2230 1365 2313 ἀνήρ·

205 2340 237 2396 21
252 2332 289 2416 ἦν
313 2332 341 2398 δ’
366 2330 458 2405 οὗτος
481 2334 500 2398 ὁ
521 2332 601 2397 κατὰ
628 2332 701 2404 τοὺς
718 2332 892 2417 Ἀργυροὺς
910 2332 1082 2416 Ῥωμσνός.
1127 2333 1157 2396 τί
1181 2338 1258 2416 γοῦν
1285 2330 1366 2416 πρὸς

249 2546 266 2597 8
284 2545 344 2614 περὶ
363 2553 408 2601 τοῦ
426 2546 599 2613 Δαλασσηνσῦ
617 2544 645 2599 Α
774 2545 808 2599 12
826 2547 899 2604 ὅπως
916 2544 960 2599 τδν
975 2545 1176 2614 Ἀργυράπωλον
1195 2491 1364 2614 (δργυρδιλῦ)

245 2617 384 2685 Ῥωμανδν
406 2617 525 2687 γαμβρὸν
547 2618 585 2676 εἰς
607 2617 655 2686 τὴν
678 2617 811 2685 θυγατέρα
834 2618 849 2670 ά
869 2616 992 2685 βασιλεὺς
1016 2617 1162 2686 ἐποιήσατο,
1190 2617 1237 2686 τὴν
1263 2617 1365 2670 ἐκείνου

249 2690 363 2757 σύμβιον
381 2689 547 2757 άτισκαρῆναι
565 2690 678 2757 ποιήσας
702 2688 905 2757 (τὴν-ποιήσας
925 2705 981 2741 orn.
1002 2687 1045 2754 E),
1073 2688 1118 2742 καὶ
1137 2689 1258 2757 Καίσαρα
1276 2695 1366 2742 τοῦτον

250 2764 317 2824 (om.
337 2759 372 2826 E)
391 2760 479 2814 ἀνεῖπε
499 2759 546 2814 CE
564 2760 610 2814 καὶ
628 2760 752 2828 διάδοχον
772 2768 816 2829 τῆς
833 2759 965 2829 βασιλείας
984 2760 1121 2814 κατέλιπεν
1141 2758 1163 2815 C

301 2939 319 2992 2
331 2938 465 2993 στάλωνΕ
537 2937 818 2993 3ἒκπεττλευκάτωνΕ
881 2937 899 2990 i
911 2958 1002 3007 κατηγ.
1013 2935 1152 3006 στρατηγός
1164 2937 1187 2992 0
1248 2937 1264 2992 6
1280 2937 1326 3005 εἷς]
1339 2939 1366 2996 ἐς

302 3008 420 3080 Ewth'
499 3010 517 3064 8
535 3011 723 3077 διαδεξαμένου
742 3008 766 3062 Β
853 3010 886 3063 10
901 3010 991 3078 κοιήσ.
1010 3009 1141 3078 κηδεστὴν
1161 3009 1184 3064 0
1263 3009 1293 3061 ll
1313 3015 1366 3062 τῶν

302 3098 358 3136 om.
369 3081 397 3134 D
472 3082 505 3135 13
522 3081 682 3151 βασιλεύςΟ
755 3079 790 3133 14
808 3079 917 3150 εὖγενὴυ
931 3081 961 3147 Ε,
980 3080 1071 3150 εὐγενῆ
1084 3097 1131 3150 wp
1205 3079 1239 3134 15
1257 3081 1366 3148 αἱρεῖται

302 3152 376 3223 pr
450 3153 484 3206 16
502 3153 544 3207 ἐπὶ
560 3151 650 3221 μιᾶΟ
724 3152 757 3205 17
777 3153 891 3221 συνεβίω
912 3152 983 3222 Ewp

248 3331 313 3400 ipse
332 3333 500 3401 imperavit,
520 3332 634 3385 tributa
652 3330 927 3385 immisericorditer
940 3331 1051 3400 exegit,
1072 3330 1210 3399 quamvis
1224 3333 1287 3384 toto
1301 3330 1366 3384 eius

248 3404 335 3473 regni
355 3408 415 3457 tem
438 3418 490 3457 ore
509 3417 659 3472 pauperes
680 3417 719 3456 ex
738 3417 788 3455 ma
834 3417 852 3455 a
871 3403 1005 3456 siccitate
1023 3403 1127 3470 inopia
1149 3407 1365 3470 premerentur.

205 3471 238 3526 16
249 3472 378 3529 Classem
435 3489 619 3543 garenorum
647 3477 754 3526 contra
806 3473 930 3542 ycladas
957 3472 1079 3540 insulas,
1109 3487 1189 3541 quae
1216 3472 1366 3534 dicuntur,

248 3547 368 3599 missam
382 3544 463 3600 Sami
478 3545 540 3598 dux
554 3545 674 3611 devicit,
694 3544 853 3598 duodecim
867 3545 998 3598 navibus
1011 3559 1074 3598 una
1092 3558 1160 3598 curn
1175 3543 1247 3598 viris
1262 3545 1365 3614 captis,

247 3616 371 3686 reliquis
391 3615 551 3685 dissipatis.

205 3687 237 3741 17
336 3686 505 3757 Imperator
531 3692 633 3742 autem
659 3688 719 3741 iam
744 3692 909 3756 provectae
933 3687 1041 3741 aetatis
1063 3691 1184 3756 praeter
1203 3686 1366 3740 senectutis

247 3759 347 3813 tabem
368 3760 427 3814 aiio
447 3774 569 3827 quoque
587 3759 692 3813 morbo
712 3759 840 3813 affectus
861 3758 898 3812 de
915 3773 1090 3812 successore
1102 3758 1189 3826 regni
1204 3757 1365 3826 deligendo

204 3829 238 3882 18
248 3830 428 3897 deliberans,
460 3831 491 3884 in
523 3832 623 3884 animo
655 3831 787 3884 habebat
815 3830 974 3900 patricium
1004 3828 1233 3884 Constantinum
1263 3827 1366 3882 Delas·

248 3916 362 3967 sonum,
391 3901 542 3971 desponsa
570 3902 638 3968 iiiia,
666 3907 696 3956 et
718 3915 866 3971 generum
892 3903 1040 3955 asciscere
1066 3907 1097 3955 et
1120 3916 1223 3968 regem
1249 3915 1365 3966 creare;

248 3973 337 4026 mittit
355 3974 457 4042 igitur,
477 3975 529 4042 qui
543 3989 612 4027 eum
626 3988 665 4028 ox
678 3972 861 4026 Armeniaca
875 3974 1040 4041 provincia,
1060 3972 1112 4025 ubi
1132 3973 1225 4025 vitam
1245 3972 1365 4040 agebat,

205 4041 238 4096 19
249 4049 423 4098 arcesseret.
461 4043 520 4100 Sed
539 4051 610 4098 anie
629 4045 694 4098 eius
717 4043 882 4098 adventum
904 4042 1118 4098 Constantinus
1136 4043 1285 4097 sententia
1304 4057 1366 4096 mu·

249 4121 313 4167 tata
343 4115 493 4183 quendam
522 4117 620 4169 virum
645 4117 821 4184 primarium
844 4114 999 4184 nobilique
1022 4129 1136 4183 genere
1161 4121 1259 4167 ortum
1279 4118 1308 4168 et
1326 4111 1365 4166 ad

249 4187 395 4254 praefecti
414 4187 593 4256 dignitatem
612 4195 752 4241 evectum
773 4191 833 4240 tam
853 4201 1066 4252 successorem,
1095 4200 1185 4254 quam
1209 4185 1287 4239 tiliae
1307 4200 1364 4237 rna·

203 4256 339 4310 20ritum
369 4257 462 4327 eligit,
499 4257 558 4312 Sed
585 4272 653 4311 curn
678 4274 727 4312 res
753 4257 957 4311 difficultatem
983 4259 1115 4323 haberet,
1144 4257 1216 4326 quia
1244 4257 1366 4310 illustris

203 4328 238 4381 21
248 4328 298 4381 ille
311 4329 358 4381 vir·
371 4328 526 4382 Romanus
539 4328 679 4397 Argyros
692 4345 818 4382 uxorem
835 4329 974 4395 habebat,
994 4328 1066 4397 quid
1086 4329 1275 4381 machinatur
1292 4325 1365 4380 rex?

248 4399 327 4453 Iram
346 4401 558 4470 gravissimam
578 4407 608 4455 et
627 4402 820 4471 praecipitem
842 4405 947 4454 contra
967 4401 1117 4454 hominem
1136 4399 1256 4453 simulat
1275 4403 1305 4453 et
1323 4413 1366 4452 aa·
