3050 4775
258 380 311 441 aas
519 376 654 439 nonna.
675 376 773 437 mar.
792 375 861 437 xm
880 375 923 451 aa,
945 376 1056 449 ιιι-κ,
1078 376 1119 435 ιι.

259 567 450 649 θεασάμενος
482 565 669 649 ἀπεπειρᾶτο
701 568 765 628 τῶν
796 565 941 637 πολιτῶν,
974 564 1081 634 αὐτοῖς
1108 564 1145 627 ἐκ
1174 569 1230 626 τού
1259 564 1380 647 τείχους

215 670 492 751 Ππροκύττιουσιν
523 668 651 751 tatur.
698 669 728 730 ολ
751 668 787 731 δὲ
815 668 854 730 ού
880 668 982 749 μόνον
1008 666 1105 731 αὑτὸν
1134 667 1173 731 ού
1204 668 1379 750 προσίεντο,

216 779 249 833 18
258 770 334 834 ἀλλὰ
358 771 412 833 καὶ
435 771 540 853 ὕβρεις
562 771 659 834 αὐτοῦ
683 772 832 852 κατέχεον
858 770 1056 852 πλημμελεῖς.
1102 768 1215 841 νυκτὸς
1243 768 1302 833 οὖν
1328 770 1379 834 διὰ

258 880 314 937 τοῦ
337 874 466 955 ἀγωγοῦ
490 873 592 943 εἰσδὺς
615 872 701 943 ἐντὸς
724 873 819 935 ἀνέδυ
843 880 897 955 της
918 873 1043 941 πόλεως
1063 871 1118 935 καὶ
1132 873 1246 955 ταύτης
1260 874 1380 955 λγένετο

215 985 249 1039 19
259 976 420 1059 ἐγκρατής.
466 975 724 1058 ύδέἌψίμσρος
739 975 1029 1046 εἶςἈπολλωνιάδα
1045 975 1160 1057 φυγὼν
1182 976 1406 1059 κατελήφθηό

44 1086 187 1145 Ρ1196Α
206 1080 250 1145 25
354 1079 409 1161 Τῴ
432 1078 491 1161 μέν
513 1077 571 1143 σύν
592 1084 657 1142 τῶν
672 1078 870 1161 Βουλγάρων
889 1079 1016 1160 ἄρχοντι
1039 1078 1130 1159 δῶρα
1152 1078 1252 1141 πολλὰ
1275 1102 1378 1160 παρα-

258 1180 346 1264 σχὼν
369 1180 423 1244 καὶ
445 1182 609 1265 συνθήκας
631 1183 756 1265 εἰρήνης
778 1177 844 1263 μετ’
869 1182 966 1244 alnoo
993 1181 1206 1263 ποιησάμενος
1233 1182 1379 1245 ἀπελθεῖν

232 1283 355 1347 aanor
385 1285 626 1365 παρεσκεύασεν.
671 1290 727 1347 τοῦ
760 1284 796 1347 δὲ
820 1282 999 1364 Ἀηιιμάρου
1028 1282 1082 1346 καλ
1106 1282 1296 1366 Ἡρακλείου
1323 1290 1379 1348 τοῦ

259 1386 399 1469 ἀδελφοῦ
422 1386 519 1449 αὐτοῦ
541 1386 623 1468 πρὸς
645 1386 741 1449 αὐτὸν
764 1386 937 1468 ἀχθέντων,
960 1384 1037 1448 ἀλλὰ
1058 1385 1123 1467 μὴν
1138 1386 1263 1449 καὶτοῦ
1278 1385 1379 1451 Λεον-

258 1488 335 1571 τίου,
367 1487 421 1552 τὸν
446 1488 506 1570 μὲν
524 1487 711 1570 Ἡράκλειον
738 1488 795 1552 σύν
823 1487 927 1558 ἄλλοις
952 1488 1087 1551 πλειοσιν
1109 1489 1144 1551 ἐν
1166 1489 1270 1561 ξύλοις
1291 1489 1378 1572 παρὰ
1390 1498 1425 1550 10

232 1596 322 1661 3τοῖς
344 1591 470 1673 τείχεσιν
493 1591 677 1674 ἀπηώρησε,
700 1590 754 1655 τὸν
768 1591 947 1672 Ἀψίμαρον
970 1590 1007 1653 δέ
1029 1614 1064 1673 γε
1085 1590 1140 1655 καὶ
1161 1590 1216 1656 τὸν
1231 1591 1380 1656 Λεόντιον

260 1692 406 1775 δεσμίους
430 1692 479 1755 διὰ
506 1700 560 1777 τής
587 1693 706 1775 ἀγορᾶς
733 1694 936 1775 περιαγαγὼν
966 1693 1020 1757 καλ
1052 1693 1219 1775 θεατρίσας
1250 1695 1379 1758 ἱππικοῦ

260 1796 428 1878 ἀγομένου,
452 1796 598 1878 ῥιφέντος
620 1795 683 1859 ὑπὸ
705 1796 779 1867 τοὺς
800 1795 904 1866 πόδας
926 1796 1023 1859 αὐτοῦ
1039 1796 1118 1859 κατὰ
1134 1801 1199 1859 τῶν
1212 1798 1379 1879 τραχήλων

258 1898 426 1981 πεπύτηκε,
459 1898 512 1961 καλ
544 1899 647 1969 οὕτως
675 1899 870 1982 ἐκτμηθῆναι
897 1898 953 1969 τὰς
980 1898 1087 1961 αὐτῶν
1112 1898 1254 1981 κεφαλὰς
1277 1900 1311 1961 ἓν
1333 1907 1379 1981 τῷ

259 2002 411 2083 Κυνηγίῳ
436 2001 635 2082 προσέταξεν,
668 2000 743 2064 ἑπτὰ
766 2007 822 2064 τοῦ
842 2001 1022 2083 Ἀψηιύρου
1050 2000 1209 2071 ἐνιαυτούς
1235 2002 1377 2082 βασιλεύ·
1390 2010 1422 2063 15

232 2112 378 2174 4ααντος.
423 2102 477 2167 τὸν
500 2102 535 2167 δὲ
553 2104 747 2186 πατριάρχην
763 2103 949 2167 Καλλίνικον
970 2103 1124 2186 πρότερον
1146 2103 1244 2166 αἰτοῦ
1265 2104 1377 2186 πηρώ-

259 2330 276 2383 6
294 2336 340 2384 τοῦ
353 2328 509 2400 ρινοτμήτου
523 2330 704 2385 Ἰουστινιανοῦ
716 2331 834 2399 βασιλεία
846 2328 875 2383 τδ
888 2329 1010 2398 δεύτερον
1029 2327 1063 2398 Α,
1081 2330 1200 2399 βασιλεία
1213 2328 1241 2383 τύ
1255 2330 1377 2398 δεύτερον

256 2401 440 2456 Ἰουστινιανού
459 2409 504 2456 τοῦ
522 2403 679 2471 ῥινοτμήτου
699 2402 749 2457 CD
822 2405 840 2456 8
857 2403 930 2462 ὅπως
947 2403 1058 2456 ἐκόλασε
1075 2401 1120 2455 τδν
1133 2404 1257 2455 Λεόντιον
1275 2402 1377 2456 καὶτὸν

256 2474 402 2542 Ἇψίμαρον
429 2473 474 2527 καὶ
497 2473 540 2526 τύν
555 2475 715 2542 Ἡράκλειον
737 2473 784 2527 καί
805 2474 909 2541 ἑτέρους
926 2475 943 2527 ύ
958 2474 1140 2532 Ἰουστινιανδς
1163 2473 1272 2527 καὶτὸν
1287 2495 1377 2541 πατρι-

259 2546 345 2614 ἀρχην
364 2544 387 2600 G
461 2545 493 2599 16
510 2545 570 2614 περί
588 2552 759 2614 πατριαρχῶν
778 2545 802 2599 Ε

311 2750 330 2803 4
347 2749 422 2804 ἐνέδυ
442 2749 518 2808 EDw
599 2749 616 2804 5
635 2751 772 2820 ἁψίμαρος
790 2750 818 2803 D
897 2755 965 2821 post
984 2749 1143 2820 κατελήφθη
1164 2751 1233 2805 add.
1252 2749 1316 2807 ἑπτὰ
1332 2754 1378 2822 βα-

312 2823 430 2880 σιλεύσας
448 2822 588 2882 ἐνιαυτούς.
608 2820 690 2892 pr‚
711 2838 739 2876 v.
754 2837 797 2876 va.
815 2823 846 2877 lb
880 2847 885 2858 ¹
917 2823 934 2875 6
956 2824 1000 2890 Τῷ
1017 2821 1067 2889 μὲν
1085 2822 1133 2876 οὗν
1150 2823 1210 2890 ΑΕ,
1233 2824 1311 2879 Otto
1329 2823 1378 2891 μέν

312 2892 516 2952 ὀλουοτινιονὸς
539 2895 624 2961 ἑαυτῷ
644 2893 690 2962 τὴν
712 2894 848 2963 βασιλείαν
869 2893 1061 2954 ἐπανεσώσατο,
1089 2894 1183 2962 ταύτης
1206 2895 1236 2947 τό
1255 2896 1379 2962 δεύτερον

313 2964 465 3032 ρινύτμητος
482 2964 581 3089 ε’πχήάς.
601 2973 639 3032 τῷ
658 2965 687 3018 δέ
707 2965 780 3034 pr
887 2967 905 3018 8
923 2972 969 3018 τοῦ
987 2965 1017 3019 δὲ
1035 2965 1144 3034 AEwp,
1164 2965 1219 3020 εἶτα
1236 2974 1282 3019 τοῦ
1302 2965 1326 3020 O

315 3037 349 3090 10
365 3035 414 3103 μὲν
434 3052 491 3090 om.
540 3035 552 3090 i
570 3038 672 3091 invitis
691 3035 793 3106 Apr
893 3037 925 3089 ll
945 3036 1107 3104 ἀπηώρησεν
1126 3037 1161 3103 l),
1180 3037 1244 3090 iota
1262 3038 1377 3091 subscr.

313 3107 382 3161 add.
403 3107 463 3173 Dw,
484 3123 510 3160 v.
531 3109 569 3161 ad
589 3106 661 3162 Xlll
684 3109 742 3174 1‚5
829 3108 861 3161 lsi
880 3108 1029 3175 κυνηγεσίῳ
1049 3123 1096 3176 νη)
1115 3111 1304 3170 (τοοοείοιισε
1329 3111 1378 3163 Wo

313 3179 375 3242 lat.)
395 3180 497 3232 invit-is
516 3178 569 3233 All
588 3179 747 3249 Nicephor.
767 3179 853 3234 Cl‘oi.
873 3197 900 3248 p.
913 3180 958 3242 42,
979 3181 1020 3243 19,
1040 3177 1203 3248 Thoanti
1223 3197 1250 3248 p.
1263 3181 1324 3247 375,
1348 3180 1379 3233 15

348 3251 487 3374 πρῧοςέταξτ
505 3249 529 3306 0
549 3256 589 3318 (v.
608 3267 678 3304 anri.
698 3255 794 3320 sequ.)
901 3250 1201 3320 ἐπιδ-βασιλεύσαντος
1220 3267 1276 3305 om.
1297 3251 1329 3319 0,
1350 3267 1378 3305 ν.

314 3337 357 3375 vs.

218 3526 251 3580 17
261 3525 431 3598 pinnac-‚ulis
450 3529 714 3598 prospectantibus
734 3526 917 3598 colloquens.
954 3526 999 3581 Illi
1019 3544 1093 3583 vero
1113 3543 1182 3584 enm
1208 3545 1269 3584 non
1288 3529 1379 3584 modo

217 3599 251 3652 18
261 3613 322 3653 non
342 3599 520 3666 invitabant,
540 3599 693 3654 sedetiam
704 3601 859 3655 atrocibus
872 3600 1038 3654 maledictis
1048 3601 1249 3655 incessebant.
1267 3600 1380 3656 Verum

261 3674 353 3724 noctu
375 3685 430 3739 per
448 3670 673 3739 aquaeductum
693 3673 850 3742 ingressus
869 3673 949 3725 intra
974 3672 1081 3726 urbem
1100 3674 1277 3728 ascensione
1297 3673 1380 3727 iacta

217 3741 408 3811 19Byzantio
427 3743 549 3811 potitur.
585 3743 762 3812 Apsimarus
780 3749 891 3810 autem,
915 3744 967 3813 qui
986 3743 1176 3814 Apolloniam
1188 3747 1379 3814 confugerat,

261 3818 442 3867 natusest.

298 3829 318 3882 p
350 3883 392 3938 25.
428 3882 631 3954 Bulgarorum
652 3887 818 3955 principem
838 3901 906 3940 eum
926 3886 1124 3941 donismultis
1142 3887 1202 3941 icto
1221 3887 1305 3956 pacis
1318 3888 1379 3941 soe·

234 3953 334 4010 λύετε
344 3955 462 4009 dimisit.
499 3955 659 4026 Apsimaro
679 3972 752 4012 vero
773 3963 803 4010 et
812 3956 963 4026 Heraclio,
983 3959 1048 4012 eius
1062 3957 1164 4024 fratre,
1183 3967 1276 4027 atque
1289 3959 1380 4013 etiam

261 4025 389 4082 Leontio
400 4025 439 4080 ad
450 4042 481 4080 sc
492 4027 639 4096 adductis,
654 4027 827 4083 Heraclium
840 4043 909 4084 cum
919 4029 985 4084 aliis
995 4029 1134 4099 pluribus
1144 4029 1183 4084 dc
1193 4030 1283 4100 lignis
1292 4031 1381 4084 iuxta

234 4099 251 4152 3
262 4099 381 4153 moenia
397 4113 448 4152 sus
471 4097 562 4166 endit,
581 4098 774 4169 Apsimarum
787 4105 818 4154 ct
830 4098 991 4155 Leontium
1004 4101 1133 4155 vinculis
1146 4116 1200 4170 per
1213 4102 1314 4155 sorum
1327 4104 1380 4155 cir·

262 4169 439 4223 cumdnctos
450 4115 528 4224 ludis
539 4170 731 4226 Circensibus
744 4186 758 4224 s
781 4172 918 4225 cauculo
929 4172 1073 4240 exhibuit,
1093 4188 1224 4241 cumque
1236 4173 1319 4228 collis
1333 4189 1379 4228 eo·

262 4255 328 4294 rnna
349 4247 419 4295 ante
439 4256 472 4296 se
491 4242 694 4311 proiectorum
713 4187 843 4312 pedlbus
861 4244 1043 4309 insultasset,
1071 4245 1115 4298 sic
1139 4243 1259 4298 demum
1279 4246 1381 4315 capita

262 4312 293 4365 in
312 4311 532 4382 anrpbitbeatrn
553 4313 608 4366 illis
628 4313 762 4383 praecidi
782 4315 877 4382 iussit,
909 4329 977 4368 curn
996 4312 1174 4384 Apsiurarus
1191 4323 1308 4386 septem
1328 4331 1381 4386 per

234 4383 359 4438 4ann0s
378 4389 545 4454 regnasset.
582 4383 757 4440 Callinicum
779 4386 981 4456 patriarcham
1001 4387 1096 4440 oculis
1116 4387 1199 4457 prius
1218 4389 1312 4442 erutis
1327 4387 1381 4442 Ro·
