3050 4775
357 423 432 480 LEO
452 423 500 480 VI.
519 424 607 480 REX.
643 423 813 482 PHOTIVS
832 421 1077 482 BELEGA'PVR.
1222 423 1274 480 441

159 604 219 688 γὰρ
242 607 408 691 ἐκκλησίας
429 608 616 691 προήδρευε.
660 608 793 691 πέμψας
819 606 855 672 ἀὲ
876 609 920 678 είς
941 607 997 690 τὴν
1019 608 1053 670 ἐν
1075 606 1303 689 Χρυσοπόλει5

157 708 260 792 μονὴν
292 715 349 773 τοῦ
380 709 576 793 Φιλιππικοῦ,
611 710 693 775 ὅπου
726 711 744 774 ὁ
776 710 919 795 βασιλεὺς
950 710 1081 794 Μιχαὴλ
1114 711 1275 784 troilum,

159 811 259 894 ἐξάγει
287 811 322 875 τὸ
350 817 444 895 σῶμα
471 813 583 877 τούτου
611 815 646 878 ἐκ
674 820 729 899 τῆς
757 819 856 894 σοροῦ
888 813 942 878 καί
972 813 1050 896 μετὰ
1081 820 1277 896 προπομπῆς

157 915 275 997 πολλῆς
296 913 350 978 καλ
372 915 529 998 βασιλείου
552 922 642 1000 τιμῆς
664 919 707 988 εἰς
728 916 783 980 τὸν
804 921 869 980 τῶν
885 917 985 999 ἁγίων
999 917 1184 980 ἀποστόλων
1199 915 1277 979 ναόν

132 1016 359 1100 ἀκοτατίῦησιν
385 1018 419 1080 ἐν
445 1017 576 1099 λάρνακι
603 1019 798 1102 μαρμαρίνη,
830 1019 885 1083 καί
910 1024 975 1082 τῶν
1003 1018 1152 1100 ἀδελφῶν
1179 1018 1275 1081 αὐτοῦ

157 1117 326 1200 παρόντων
349 1118 398 1182 ἐπὶ
419 1126 457 1202 τῇ
479 1126 666 1204 προπομπῇ,
698 1126 753 1183 τοῦ
780 1145 813 1183 τε
830 1120 1038 1202 Ἀλεξάνδρου
1060 1119 1192 1183 καὶτοῦ
1213 1127 1309 1182 στα-Β

158 1221 315 1305 τριόρχου.
359 1228 398 1305 τῇ
421 1222 456 1286 δὲ
477 1228 533 1286 τοῦ
557 1222 701 1305 Ζαούτζη
725 1222 899 1286 Στυλιονοῦ
922 1221 1055 1305 θυγατρί
1078 1221 1303 1304 puppium-o

157 1347 252 1406 μενος
279 1325 321 1388 ἔτι
348 1325 455 1408 ζώσης
482 1324 669 1408 Θεοφανοῦς
695 1332 749 1409 τῆς
776 1326 873 1389 αὐτοῦ
906 1331 1040 1408 γαμετῆς
1070 1323 1126 1388 τὸν
1156 1323 1275 1406 πατέρα
1289 1333 1433 1388 W111142

157 1427 269 1509 ταύτης
291 1428 461 1510 μόγιστρυν
484 1428 607 1512 ἐτίμησε
629 1427 682 1490 καί
700 1429 873 1511 λογοῦέτην
887 1433 943 1491 τοῦ
959 1427 1094 1510 όρόμου,
1116 1427 1275 1509 μετέπειτα

114 1540 149 1594 10
157 1529 262 1611 μέντοι
285 1529 338 1593 καί
360 1529 618 1613 βασιλεοπάτορα,
642 1529 737 1600 αὐτὸς
759 1529 795 1593 τὸ
818 1531 921 1612 ὄνομα
944 1530 1058 1611 εὑρών.

241 1631 297 1705 Ἐξ
319 1632 508 1715 ἐμπρησμοῦ
532 1632 567 1696 δὲ
588 1633 666 1716 μετὰ
681 1638 745 1697 τῶν
760 1634 865 1697 ἄλλων
880 1633 1004 1696 καὶτοῦ
1019 1638 1099 1696 ναοῦ
1113 1637 1169 1696 τοῦ
1185 1632 1302 1714 ἁγίουῖ

157 1734 332 1800 ἀποστόλου
349 1733 455 1817 Θωμᾶ
472 1737 740 1819 πυρποληύέντος,
765 1736 784 1798 ό
806 1735 950 1818 βασιλεὺς
972 1732 1064 1807 οὗτος
1087 1733 1183 1798 αὐτὸν
1205 1733 1275 1797 ἀνε-

156 1839 301 1902 καίνισεν.
347 1839 408 1922 ’ἤδη
434 1837 468 1902 δὲ
490 1838 544 1901 καὶ
567 1838 850 1922 όΣανταβορηνὸς
872 1839 959 1922 ἤχθη
983 1837 1037 1902 καὶ
1052 1839 1095 1910 εἰς
1109 1837 1146 1901 τὰ
1163 1837 1196 1901 ἐν
1210 1843 1303 1907 wigii

156 1939 281 2024 Πηγαῖς
303 1941 487 2025 ἐφρουρεῖτο
510 1941 657 2024 βασίλεια,
682 1943 760 2005 ἔνθα
779 1943 911 2024 πέμψας
926 1941 945 2004 ὁ
959 1940 1103 2024 βασιλεὺς
1117 1940 1171 2004 καί
1186 1940 1275 2023 ἀφει-

111 2055 146 2110 15
157 2044 223 2114 όῶς
245 2043 341 2108 αὐτόν
363 2045 563 2128 αἰκισάμενος
586 2045 780 2128 ἕνἈύήναις
801 2043 971 2126 ὑπερόριον
993 2045 1092 2108 ἔθετο.
1138 2045 1177 2108 οῦ
1194 2044 1303 2108 πολύυ

154 2145 190 2210 τὸ
213 2147 247 2210 ἐν
268 2149 358 2229 μέσῳ
381 2147 435 2210 καί
456 2149 588 2230 πέμψας
611 2148 677 2211 ἐκεῖ
696 2148 831 2230 ἐξέκοψε
846 2147 883 2210 τὰ
900 2148 1027 2230 ὄμματα
1044 2148 1152 2210 αὐτοῦ.
1196 2145 1274 2230 μετὰ
1286 2156 1320 2211 10

155 2249 189 2314 όὲ
211 2249 337 2320 πλείους
359 2248 517 2320 ἐνιαυτούς
539 2255 593 2333 τῆς
615 2250 786 2333 ὑπερορίας
812 2275 845 2314 τε
872 2250 927 2314 τὸν
954 2251 1131 2332 ἄνθρωπον
1158 2250 1308 2333 ἀπονή-Ο

154 2376 229 2437 γαγε
251 2353 305 2417 καὶ
327 2353 477 2435 προνοίας
500 2354 643 2438 ἠξίωσεν.

155 2562 170 2615 1
190 2564 263 2621 ὅπως
281 2562 386 2630 ἐτίμησε
405 2561 449 2615 τόν
467 2564 536 2625 (om.
557 2562 591 2627 E)
610 2570 656 2617 τοῦ
674 2564 803 2633 βασιλέως
821 2563 933 2633 Μιχαὴλ
956 2563 1011 2629 (τόν
1030 2563 1100 2617 add.
1119 2564 1154 2631 E)
1178 2566 1274 2632 νεκρόν

155 2632 203 2689 CI]
282 2633 314 2686 11
334 2636 371 2688 ότι
390 2634 594 2702 πυρποληύέντα
612 2635 657 2689 τόν
675 2642 720 2689 τοῦ
737 2636 814 2704 ἁγίου
835 2636 923 2702 θωμᾶ
941 2635 1005 2689 ναόν
1022 2636 1039 2688 ό
1054 2634 1179 2705 βασιλεὺς
1197 2635 1273 2696 οὗτος

153 2704 314 2759 ἀνεκοίνισεν
334 2704 356 2761 C
430 2706 463 2761 13
484 2707 557 2765 ὅπως
575 2705 619 2759 τόν
638 2706 845 2776 Σονταβαρηνὸν
863 2707 981 2777 ἠμύνατο
999 2706 1047 2762 OE

208 2884 384 2952 Ιπροὲἀρευε
403 2883 439 2951 D,
460 2900 536 2939 corr.
556 2885 607 2943 Dw
680 2885 803 2953 3σοφοῦ
822 2885 859 2952 D,
879 2900 956 2940 corr.
975 2885 1028 2943 Dw
1105 2886 1272 2955 4βαοιλείου

207 2954 368 3025 AEwap,
386 2956 492 3027 βασιλεῖ
505 2958 657 3025 πρεπούσης
677 2958 715 3025 O;
742 2956 781 3011 de
800 2956 933 3011 chiaemo
951 2965 1224 3026 προπομπῆς-τιμῆς
1243 2974 1271 3011 ν.

207 3026 245 3081 ad
264 3026 337 3081 XIII
356 3027 417 3093 2,6
501 3027 587 3097 δέατ’]
607 3029 635 3082 ἐν
654 3028 706 3083 CD
791 3049 818 3081 ττ
837 3027 936 3083 onte
1019 3034 1087 3100 post
1105 3049 1182 3095 πατρ.
1202 3028 1272 3081 add.

206 3098 335 3167 στεφάνου
354 3097 428 3225 ΒΨ8
501 3099 609 3180 UD,
629 3108 661 3169 τῇ
680 3116 756 3157 corr.
775 3099 825 3158 Dw
897 3101 1012 3168 8tsoep.
1034 3105 1102 3169 post
1119 3100 1273 3169 γαμετῆςθ

207 3170 242 3223 10
260 3169 383 3239 ε’φευρὼν
430 3170 527 3240 wth,
547 3170 670 3240 εὑρηκὼς
690 3170 765 3228 EDw
846 3172 876 3224 ll
897 3179 943 3225 τοῦ
984 3178 1031 3225 ost
1047 3179 1112 3225 ναοῦ
1132 3187 1189 3225 oin.
1208 3170 1273 3240 w*p

207 3242 309 3295 invitis
328 3240 381 3296 AR
463 3243 497 3296 13
515 3251 569 3303 ταῖς
589 3258 646 3297 om.
665 3243 692 3295 D
779 3242 813 3297 16
831 3243 930 3301 στείλας
1058 3242 1117 3301 τοῦς
1134 3242 1215 3296 αὐτοῦ
1233 3242 1273 3304 ἕξ·

206 3312 307 3437 inopi?
317 3312 473 3439 optlDallporic
484 3313 728 3441 (ἐτνηέὶΙὲΙξίηηέψεν
740 3314 835 3377 ἔξούεν
846 3313 877 3368 τὰ
890 3316 994 3382 ὄμματα
1007 3312 1088 3369 αὐτοῦ
1099 3314 1122 3367 Ε
1172 3313 1206 3367 18
1218 3313 1273 3381 ἠξί-

206 3404 260 3437 ωσε
304 3400 351 3455 wp
396 3400 490 3452 ,ιτα
640 3426 646 3453 ,

151 3575 235 3631 urbis
255 3576 400 3631 ecclesiae
420 3582 569 3647 praeerat,
594 3578 706 3633 adduci
725 3579 820 3632 iussit.
858 3578 937 3634 Misit
956 3585 985 3633 et
1004 3577 1213 3648 Chrysopolim
1241 3576 1299 3633 inlr

149 3646 307 3717 Philippici
326 3650 552 3718 monasterium,
576 3650 627 3703 ubl
652 3666 707 3704 rex
726 3648 855 3704 Michail
878 3650 1014 3720 sepultus
1043 3655 1117 3715 erat,
1145 3650 1273 3718 eiusque

151 3734 261 3788 eorpus
281 3718 379 3775 loculo
400 3719 541 3775 eductum
563 3736 630 3775 oum
650 3736 762 3791 mogno
788 3722 934 3777 comitatu
952 3727 983 3775 et
1001 3723 1087 3791 regio
1107 3721 1222 3776 honore
1242 3722 1271 3775 in

150 3796 324 3845 rarretorum
352 3790 559 3860 apostolorum
579 3792 656 3847 aede
683 3794 714 3845 in
742 3808 913 3847 marmorea
932 3808 1006 3846 area
1023 3792 1151 3861 reponit,
1181 3793 1271 3847 etiam

149 3862 295 3915 tratribus
322 3862 385 3917 suis
409 3861 584 3917 Alexandro
613 3870 643 3919 et
672 3865 844 3933 patriarcha
873 3864 1092 3934 praesentibus.
1130 3860 1299 3917 Zautzemil

149 3931 326 4001 Styllanum,
340 3934 426 3987 cuius
439 3934 539 4001 filiam,
553 3936 715 4003 superstite
728 3942 791 3989 tum
805 3935 1032 4005 Theophanono
1046 3935 1186 4003 coniuge,
1203 3935 1272 3987 eub-

149 4004 261 4072 igebat,
280 4005 460 4074 magistrum
480 4005 653 4075 designarit
673 4014 702 4061 ot
722 4022 829 4061 cursus
848 4007 961 4075 publici
981 4006 1176 4075 logothetam,
1204 4012 1272 4075 post

148 4075 237 4129 otiam
258 4090 340 4129 noro
361 4078 535 4146 excogitato
556 4078 677 4132 nomine
695 4079 778 4148 regis
797 4084 923 4147 patrem.

236 4144 351 4201 Aedem
365 4146 394 4202 S.
408 4147 543 4202 Thomae
562 4164 580 4201 a
604 4148 690 4203 ostoli
704 4164 767 4203 una
780 4164 848 4203 oum
868 4150 934 4203 eliis
953 4148 1099 4203 aediliciis
1118 4144 1298 4203 incensam?

147 4216 195 4271 lrle
213 4234 268 4273 rex
282 4219 452 4272 renovavit.
489 4165 730 4274 SantaIerenum
750 4222 810 4274 iam
823 4220 988 4274 adductum
1001 4220 1034 4273 in
1047 4219 1133 4288 regia
1146 4218 1299 4287 Peganait

148 4288 290 4345 custodiit
309 4294 340 4344 et
359 4290 554 4345 inclementer
573 4291 678 4360 flagris
698 4306 820 4347 caesum
840 4290 975 4345 Athenas
994 4289 1152 4359 relegavit,
1171 4288 1298 4359 nequet)

146 4360 240 4415 multo
261 4365 329 4430 post
348 4361 452 4415 oculos
471 4362 499 4415 ei
519 4362 610 4416 effodi
630 4364 724 4417 iussit.
763 4362 873 4417 Verum
893 4363 1030 4433 pluribus
1057 4361 1144 4415 annis
1161 4360 1272 4430 elapsio
1283 4359 1317 4413 10

146 4430 298 4487 hominem
317 4432 356 4486 ab
376 4432 467 4487 exilio
486 4438 664 4488 revocatum
684 4435 817 4504 benigne
836 4433 1028 4490 troo-tandum
1048 4434 1174 4488 curarit.
