3050 4775
231 432 285 489 650
491 431 628 490 ΖΟΝΑΒ.
647 432 746 489 ΕΡΙΤ.
765 432 849 489 XVII
868 432 911 503 28,
933 434 1045 503 13-29,
1063 434 1088 491 2.

231 616 418 700 ἀντίρροπος
449 616 504 681 καί
535 619 625 699 γένος
653 616 707 681 καί
734 616 830 699 λόγον
857 617 911 681 καί
938 615 994 702 τήν
1022 618 1093 702 περὶ
1115 617 1170 690 τὰς
1191 616 1348 690 πολιτικὰς

188 724 222 779 14
231 720 414 803 οἰκονομίας
445 721 616 804 ἀκρίβειαν.
662 726 802 791 τοιοῦτος
830 716 858 785 δ’
887 722 945 802 ὤν,
978 721 1113 805 ὁπηνίκα
1145 746 1172 785 τι
1199 721 1287 805 παρὰ
1313 720 1348 786 τὸ

230 824 379 907 καθῆκον
402 824 559 887 ἐπέταττεν
582 824 671 906 αὐτῷ
691 830 819 907 ποιῆσαι
834 822 853 887 δ
868 823 1022 907 βασιλεύς,
1046 826 1106 889 οὐκ
1122 824 1161 909 ήν
1176 831 1214 908 τῇ
1236 848 1347 909 προαι-

198 927 313 1008 Ορίσει
341 932 396 990 τοῦ
424 932 614 1010 κρατοῦντος
642 926 806 1009 ἕπικλινής,
838 922 903 991 ἀλλ’
929 926 1068 1009 ἀντέλεγέ
1094 952 1125 991 τε
1151 927 1206 991 καί
1229 928 1349 1011 ἀνεῖργε

187 1035 221 1091 15
230 1034 286 1092 τοῦ
317 1028 362 1111 μή
394 1029 619 1111 προσήκοντος.
665 1028 684 1093 δ
711 1028 747 1093 δὲ
774 1030 953 1113 ἐχαλέπαινε
981 1030 1035 1094 καὶ
1061 1030 1210 1102 πολλάκις
1236 1031 1375 1095 τούτου5

231 1133 396 1214 γινομένου
420 1133 531 1215 έμηνία
553 1138 592 1216 τῇ
613 1138 669 1196 τοῦ
692 1132 810 1216 ἀνδρὸς
833 1134 953 1197 ἐκείνου
977 1134 1147 1217 ἐλευθερία,
1170 1132 1225 1197 καί
1248 1136 1297 1198 ἵνα
1312 1133 1347 1199 τὸ

230 1234 373 1309 ἀντίξουν
399 1236 655 1319 ἀπσφσρτίσαιτο,
685 1237 820 1319 μεδιστᾷ
846 1236 905 1320 μὲν
928 1237 1046 1301 ἐκεῖνον
1067 1243 1122 1320 τῆς
1144 1242 1209 1301 τῶν
1231 1242 1348 1302 κοινῶν

231 1338 416 1421 διοικήσεως
441 1337 472 1421 (δ
487 1338 665 1422 Λειχοιίδής
687 1337 726 1422 ἦν
749 1336 866 1422 οὗτος),
890 1340 1057 1423 ἀντεισάγει
1080 1340 1115 1404 δὲ
1132 1338 1186 1404 τδν
1197 1339 1348 1424 Ἰωάννην

230 1440 284 1505 καί
310 1442 412 1524 τούτῳ
438 1441 494 1524 τήν
520 1448 586 1506 τῶν
611 1442 780 1506 πολιτικῶν
808 1444 965 1526 ἐγχειρίζει
992 1444 1188 1527 κυβέρνησιν,
1220 1446 1269 1507 ἵνα
1300 1442 1346 1527 μὴ

187 1550 221 1604 16
229 1544 311 1625 πρός
332 1569 414 1615 τινος
436 1541 487 1628 ἐφ’
504 1546 551 1616 οἷς
570 1546 701 1630 ὁρμήσει
716 1546 895 1628 ἀνείργσιτο.
941 1544 1033 1617 οὗτος
1048 1546 1150 1610 τοίνυν
1165 1547 1184 1610 ὁ
1198 1544 1347 1629 Ἰωάννης
1357 1550 1393 1605 10

230 1646 284 1711 καί
312 1648 418 1730 ἕτεροι,
450 1648 532 1729 μέγα
560 1650 698 1713 κάκεῖνοι
724 1648 929 1731 δεδυνημένοι
950 1647 1038 1731 παρὰ
1061 1654 1107 1733 τῷ
1128 1650 1254 1732 βασιλεῖ,
1287 1650 1347 1713 ἀπ-

231 1752 403 1833 εγνωκότες
419 1752 506 1834 αὐτῷ
526 1750 562 1814 τὸ
584 1751 739 1834 βιώσιμον
760 1752 906 1817 πείθουσι
927 1750 981 1816 τδν
1003 1752 1163 1835 κάμνοντα
1186 1753 1348 1835 φροντίσω

230 1854 302 1937 περὶ
334 1854 483 1937 διαδοχῆς
515 1855 569 1918 καί
600 1856 800 1920 ὑποτιθέασιν
832 1856 920 1938 αὐτῷ
948 1854 1024 1919 εῖναι
1051 1854 1132 1937 πρὸς
1160 1855 1217 1938 τήν
1246 1856 1348 1939 ἀρχὴν

188 1961 221 2015 17
232 1958 403 2040 ἐπιτήδειον
425 1956 479 2022 τὸν
502 1957 728 2041 Πρωτεύοντα·
760 1958 780 2022 δ
803 1957 838 2022 δὲ
860 1958 916 2041 τὴν
942 1964 997 2041 τῆς
1019 1957 1220 2041 Βουλγαρίας
1246 1958 1385 2044 ἀρχήνῙ)
1400 1958 1442 2015 IV
1457 1960 1503 2014 lSl

145 2063 172 2117 D
188 2065 222 2118 18
230 2062 421 2143 περιέζωστσ
448 2060 502 2124 καί
525 2061 677 2144 ἀπεδήμει
699 2068 754 2144 τῆς
776 2061 935 2144 βασιλίδος
957 2066 1021 2124 τῶν
1043 2060 1176 2126 πόλεων.
1222 2064 1347 2127 ἔσταλτο
1359 2064 1394 2120 15

230 2164 333 2227 τοίνυν
356 2163 375 2225 δ
397 2162 451 2226 τὸν
473 2164 575 2246 ἀνδρα
594 2164 897 2247 μετακαλεσάμενος·
923 2164 958 2228 ἐκ
975 2163 1010 2228 δὲ
1024 2169 1079 2247 τῆς
1093 2164 1253 2247 βασιλίδος
1268 2164 1347 2231 Θεο-

232 2266 341 2349 δώρας
356 2267 375 2349 ἡ
391 2265 491 2349 βουλή
511 2267 737 2349 ἀπεκέκρυπτο.
784 2263 849 2331 ἀλλ’
874 2267 934 2331 οὐκ
957 2267 1000 2338 εἰς
1022 2268 1108 2339 τέλος
1129 2266 1165 2331 τδ
1187 2268 1348 2351 βούλευμα

188 2375 222 2430 19
230 2370 286 2454 τὴν
301 2370 444 2455 βασιλίδα
465 2370 598 2435 διέλαθε.
645 2376 761 2453 γνοῦσα
786 2368 821 2436 δὲ
843 2371 890 2442 ὡς
913 2370 974 2435 οὐκ
997 2370 1045 2435 ἐπ’
1062 2371 1141 2456 αὐτῇ
1163 2376 1292 2436 ποιεῖται
1313 2370 1349 2436 τδ

229 2475 346 2558 κράτος
361 2475 380 2538 ὁ
396 2474 553 2549 τελευτῶν,
575 2473 629 2538 τδν
650 2473 709 2558 μίν
732 2475 770 2558 ἐᾷ
793 2474 1049 2539 δυσδανατοῦντα
1071 2473 1152 2539 κατὰ
1174 2474 1211 2539 τὰ
1235 2475 1269 2539 ἐν
1286 2481 1350 2548 τοῖς

230 2696 265 2788 lq
283 2695 385 2824 δδΕτδν
402 2696 581 2765 Πρωτεύοντα
599 2696 737 2768 ήβουλήδη
756 2697 772 2750 δ
788 2694 910 2768 βασιλεὺς
928 2698 1080 2753 καταλιπεῖν
1096 2697 1221 2767 διάδοχον
1239 2705 1285 2769 τῆς
1303 2698 1348 2768 ἆρ-

228 2789 278 2837 λ’λς

282 2949 300 3002 2
318 2948 473 3017 οἰκονομίαν
491 2948 518 3001 D
602 2947 620 3002 5
638 2948 777 3017 χαλέπαινε
796 2947 823 3002 D
908 2950 924 3004 ‘f
943 2948 1044 3004 ἐκεῖνον
1062 2945 1189 3019 prDi‚
1207 2948 1301 3003 ε’κείνω
1320 2945 1348 3002 Α

283 3020 300 3074 9
319 3024 388 3089 post
403 3021 549 3074 πολιτικῶν
568 3018 637 3074 add.
655 3020 819 3088 πραγμάτων
838 3020 911 3090 Ewp
1020 3021 1052 3073 ll
1072 3021 1192 3074 κάκεῖνοι
1213 3036 1269 3076 om.
1289 3019 1312 3076 C

283 3093 318 3146 12
336 3091 383 3160 τὴν
401 3091 475 3161 ζωήν
493 3090 541 3147 BC
614 3100 752 3160 φροντῖσαι
773 3093 836 3155 (sic)
850 3090 886 3158 A,
906 3108 935 3147 v.
945 3091 984 3146 ad
994 3091 1077 3146 XVII
1088 3092 1130 3159 27,
1142 3092 1177 3146 10
1249 3093 1283 3147 13
1301 3091 1347 3160 τήν

282 3180 339 3219 om.
351 3162 378 3216 D
443 3164 478 3217 14
496 3164 540 3217 τδν
557 3163 725 3230 πρωτεύοντα
742 3163 888 3232 ἐπιτήδειον
907 3163 931 3217 Β
993 3163 1027 3218 15
1045 3163 1190 3218 ἔστακτοΙ)
1252 3165 1286 3220 16
1304 3167 1346 3220 ἄν·

282 3237 396 3304 δρωπον
414 3235 488 3305 pr
563 3235 596 3290 li
614 3235 779 3302 ἀπεκέρυπτο
797 3233 834 3305 p*
908 3235 942 3290 19
961 3235 1139 3296 δνςδανοῦνια
1157 3235 1182 3290 Ε

228 3450 328 3504 virum
351 3449 422 3505 huic
445 3455 475 3505 et
498 3465 612 3520 genere
635 3455 666 3505 et
684 3450 829 3505 facundia
848 3455 878 3505 et
896 3451 1023 3506 scientia
1040 3451 1197 3521 regendae
1217 3451 1346 3506 civitatis

185 3516 219 3571 14
229 3523 350 3576 omnino
361 3522 542 3577 dissimilem.
580 3523 645 3589 Qui,
660 3537 728 3576 cum
741 3537 796 3576 rex
812 3522 926 3591 aliquid
939 3537 1027 3577 sacua
1040 3537 1131 3592 quam
1145 3524 1347 3578 conveniebat

228 3594 372 3658 iussisset,
392 3594 432 3647 ad
450 3594 641 3664 imperatoris
660 3594 850 3648 voluntatem
862 3610 923 3648 non
937 3595 1036 3649 atatim
1056 3594 1274 3664 propendebat,
1293 3595 1346 3649 sed

185 3661 219 3716 15
228 3665 446 3734 refragabatur
459 3672 489 3720 et
502 3665 684 3720 deterrebat.
716 3666 804 3729 Quod
819 3681 887 3720 cum
900 3667 1022 3734 saepius
1036 3665 1129 3732 fieret,
1148 3665 1197 3720 ille
1209 3667 1346 3734 graviter

228 3741 259 3790 et
276 3737 381 3806 iniquo
406 3738 507 3791 animo
526 3737 697 3792 libertatem
715 3737 795 3791 illiue
815 3737 915 3792 ferens
937 3736 1051 3792 homini
1070 3735 1233 3804 (Lichudes
1251 3739 1277 3792 ie
1297 3754 1346 3794 vo·

228 3809 375 3875 nabetur),
394 3815 430 3862 ut
448 3808 646 3863 adversatura
665 3813 792 3875 careret,
815 3823 926 3862 munus
945 3807 976 3862 id
995 3813 1131 3878 ereptum
1151 3809 1183 3862 in
1201 3808 1345 3864 Ioannem

227 3881 379 3946 transfert,
399 3881 448 3933 cui
467 3880 560 3934 tradit
579 3881 732 3934 civitatem
751 3879 926 3948 regendam,
954 3895 993 3934 nc
1012 3893 1087 3934 suae
1106 3879 1286 3949 cupiditates
1305 3882 1347 3934 in·

184 3947 218 4002 16
228 3951 413 4005 hiberentur.
449 3950 478 4005 Is
500 3953 594 4019 igitur
613 3951 743 4006 loannes
769 3955 799 4006 ct
823 3951 880 4016 aiii,
910 3951 962 4019 qui
985 3951 1112 4006 muitum
1136 3951 1219 4020 apud
1242 3967 1344 4021 regern

227 4027 377 4092 poterant,
397 4024 461 4077 vita
475 4023 636 4093 desperate
649 4023 823 4092 aegrotanti
835 4022 902 4091 regi
915 4027 1055 4077 auctores
1069 4028 1141 4076 sunt
1159 4022 1346 4078 deliberandi

228 4094 266 4148 de
285 4109 462 4149 successore
479 4100 664 4163 monentque
678 4095 894 4148 Protevontem
914 4098 1018 4162 aptum
1038 4109 1104 4148 esse
1123 4093 1162 4148 ad
1178 4095 1345 4164 imperium.

131 4163 172 4217 17.
184 4164 218 4218 18
228 4165 286 4230 Qui
305 4181 373 4219 cum
392 4164 567 4236 Balgariem
587 4171 716 4234 regeret,
744 4166 784 4219 ab
803 4165 880 4220 urbe
902 4165 1017 4219 aberat.
1053 4165 1161 4219 Missus
1179 4167 1273 4234 igitur
1293 4170 1345 4233 aet,

228 4238 280 4306 qui
293 4237 443 4292 hominem
457 4242 638 4305 arcesseret3
656 4237 750 4306 idque
762 4237 839 4290 clam
852 4237 961 4306 regina
976 4236 1144 4304 Theodora,
1164 4253 1225 4290 non
1245 4241 1346 4292 tamen

228 4310 278 4375 ita,
299 4309 372 4377 quin
391 4324 504 4363 arcano
523 4309 573 4364 illo
593 4308 718 4363 coneilio
738 4307 928 4378 deprehenso
947 4313 1108 4377 aegrotum
1121 4323 1223 4377 regem
1236 4323 1345 4378 cogno-

185 4379 218 4433 19
229 4385 327 4434 sceret
345 4384 525 4449 potestatem
549 4381 580 4434 in
604 4379 696 4434 alium
720 4381 918 4435 transtulisse.
961 4379 1070 4449 Itaque
1092 4378 1141 4432 ilio
1164 4379 1344 4434 moribundo

229 4452 261 4506 in
279 4449 444 4522 Mangania
467 4453 553 4524 regia
577 4452 690 4521 relicto,
718 4451 868 4506 industria
891 4451 1094 4508 ministrorum
1118 4465 1243 4505 suorum
1265 4465 1346 4506 nava
