3050 4775
289 392 425 449 imnis
445 368 631 452 svenosa
667 389 923 451 rosemanus
943 391 1109 450 capnon.
1206 390 1257 447 ιιι

139 576 244 658 θῆναι,
273 576 327 639 καὶ
354 576 448 648 αὖθις
470 578 676 660 ἀνεγερθῆναι
699 577 749 640 ἐπί
771 576 873 646 πόθας
896 578 993 639 εἴκοσι
1015 575 1069 638 καί
1090 576 1180 637 πέντε
1201 576 1399 656 με-Ρ1169Α

6 680 342 762 ὓΙΗῖεθτεωρότερον,
372 680 426 743 καὶ
449 680 691 763 καθιερωθῆναι
712 678 800 762 παρὰ
824 678 982 761 Εὐτυχίαν
1004 678 1199 760 πατριάρχου
1223 675 1287 740 uls

140 782 294 864 ὀεύτερον.

231 884 298 949 Ἐπὶ
320 886 432 950 τούτου
454 893 509 951 τοῦ
532 888 686 970 βασιλέως
708 886 761 951 καί
777 886 812 950 τὸ
827 893 923 970 κῆτος
938 884 1033 965 ἑάλω,
1056 884 1134 953 δεῖς
1148 883 1287 965 πεντή-9

112 995 236 1051 5κοντα
259 988 314 1052 καὶ
335 990 476 1053 ἐπέκεινα
492 990 675 1065 Βυζαντίοις
690 990 824 1073 ἠνώχλει
847 988 1016 1069 ἐνιαυτούς,
1040 989 1059 1051 δ
1080 986 1261 1069 πορφύρεον

139 1090 285 1173 ἐκάλουν,
312 1093 372 1155 οὐκ
395 1088 443 1155 ἀεὶ
464 1091 523 1175 μὲν
545 1093 747 1176 φαινόμενον,
775 1088 841 1155 ἀλλ’
866 1093 902 1155 ἐκ
925 1091 1164 1173 θιαλεὶμμάτων.
1209 1090 1260 1153 ὅτε
1271 1093 1306 1147 10

140 1188 169 1254 θ’
187 1194 338 1275 ἐφαίνετο,
361 1194 479 1265 πολλὰς
500 1195 559 1277 μὲν
581 1202 645 1259 τῶν
668 1202 755 1278 νηῶν
777 1194 993 1276 ὑποβρυχίους
1009 1193 1111 1275 ἐτίθει,
1133 1192 1261 1263 πολλοῖς

141 1294 176 1357 δὲ
204 1298 333 1377 φθορᾶς
360 1298 455 1359 αἴτιον
484 1299 669 1379 ἀνθρώποις
701 1298 827 1379 ἐγίνετο,
860 1293 936 1360 καθ’
971 1294 1010 1359 οὗ
1041 1295 1171 1366 πολλοῖς
1201 1295 1261 1377 μὲν

141 1398 315 1480 ἐχρήσαντο
342 1405 508 1482 μηχαναῖς,
541 1406 637 1464 πᾶσαι
661 1402 689 1464 θ’
714 1403 827 1483 ἔμενον
849 1400 1013 1481 ἄπρακτοι,
1046 1399 1130 1461 ἑάλω
1154 1402 1261 1480 μέντοι

99 1510 131 1563 10
142 1501 290 1581 δελφῖνας
317 1501 443 1564 θιῶκον.
490 1503 520 1565 οἱ
541 1502 600 1584 μὲν
623 1502 683 1585 γὰρ
707 1504 808 1566 ἐκεῖνο
830 1502 1000 1584 φεύγοντες
1021 1508 1059 1585 τῇ
1082 1508 1122 1584 γῇ
1144 1523 1259 1581 προσε-
1272 1502 1303 1556 ll

139 1603 288 1686 πέλαζον,
319 1603 355 1668 τὸ
383 1604 417 1667 θὲ
444 1604 499 1687 τὴν
526 1602 594 1668 κατ’
619 1606 749 1669 ἐκείνων
775 1604 880 1687 ὁρμὴν
903 1606 963 1667 οὐκ
986 1605 1166 1678 ἀνέκοπτεν,
1198 1602 1262 1671 ἕως

140 1706 269 1788 ἄγχιστά
288 1730 336 1789 ’πη
359 1714 414 1789 τῆς
437 1714 493 1789 γῆς
516 1708 644 1790 γεγονὸς
667 1707 727 1770 ἰλύι
748 1708 864 1790 βαθείᾳ
887 1707 940 1770 καί
962 1705 1150 1788 τελματώδει
1165 1704 1260 1786 ἐμπέ-

140 1832 277 1872 πτωκεν.
323 1809 402 1873 ἔνθα
426 1810 465 1892 δὴ
488 1818 535 1892 τῷ
556 1810 650 1893 πηλῷ
671 1810 928 1892 προσεπέπλαστο
950 1808 1081 1872 καὶτοῦ
1113 1806 1262 1889 τέλματος
1272 1810 1348 1865 1213

143 1913 254 1981 οὔπως
287 1913 328 1975 ἔτι
363 1912 514 1977 ἀναύῦναι
549 1913 707 1995 θεθύνητο.
765 1915 784 1976 ὃ
817 1918 881 1983 τοῖς
913 1912 1083 1993 περιοίκοις
1117 1909 1262 1991 γνωσθὲν
1272 1914 1306 1967 13

101 2013 277 2077 Ιῖτῶπλισεν
300 2014 414 2085 αὐτοὺς
436 2014 515 2078 κατὰ
538 2022 594 2078 τοῦ
617 2014 784 2079 θαλαττίου
807 2016 919 2077 τούτου
939 2014 1052 2097 θηρός,
1076 2012 1130 2076 καί
1144 2012 1262 2085 ἀξίναις

141 2116 219 2180 αὐτὸ
242 2118 458 2199 συγκόψαντες
480 2118 534 2181 καὶ
548 2118 707 2182 πελέκεσιν
722 2119 913 2181 ἀπέκτειναν.
958 2116 1021 2179 εἶτα
1037 2116 1183 2199 σχοίνους
1197 2120 1262 2178 τῶν
1273 2119 1306 2173 14

142 2220 325 2303 ἁδροτέρων
347 2221 459 2283 τούτου
483 2221 654 2303 ἐξάψαντες
678 2221 797 2302 ζεύγεσι
819 2221 910 2301 βοῶν
932 2218 1009 2282 αὐτὸ
1029 2226 1084 2302 τῆς
1098 2218 1262 2300 θαλάσσης

141 2322 331 2396 ἐξείλκυσαν.
377 2320 417 2406 ἦν
441 2322 474 2387 θὲ
497 2322 532 2387 τὸ
554 2329 658 2407 μῆκος
680 2322 739 2406 μὲν
762 2324 859 2385 αὐτοῦ
883 2322 1047 2404 τριάκοντα
1065 2322 1205 2404 πήχεων,
1229 2321 1306 2392 5915

142 2425 220 2490 δέκα
245 2421 273 2489 θ’
295 2425 457 2509 ηὐρύνετο,
481 2427 527 2498 ὡς
543 2427 562 2490 ὁ
577 2425 756 2509 Καισαρεὺς
774 2424 960 2507 Προκόπιος
981 2423 1036 2488 καὶ
1057 2424 1129 2507 περὶ
1149 2423 1262 2486 τούτου

98 2527 311 2611 2οῑστύρησεν.

141 2703 159 2758 4
177 2704 238 2772 περὶ
256 2712 302 2759 τοῦ
321 2705 418 2775 κήτους
437 2704 512 2761 Aci]

197 2865 213 2916 6
232 2865 271 2932 ᾇεὶ
290 2865 311 2921 C
383 2865 438 2919 ἀλλ’
457 2867 488 2920 ἐκ
502 2866 611 2935 AEwp,
631 2866 661 2919 ἐκ
681 2866 739 2932 θίγε
759 2867 783 2920 0
855 2867 988 2933 θὲχύνετο
1003 2866 1074 2932 Ewp
1146 2865 1164 2918 9
1182 2864 1261 2932 ἐχρή-

196 2957 259 2990 σατο
269 2936 296 2990 Ι)
367 2939 454 3005 με’ντοι
467 2937 576 3006 Αλΐιτρ,
593 2938 642 3005 μέν
652 2959 680 3004 χε
700 2937 726 2990 l)
803 2938 836 2990 10
854 2939 954 2990 θιῶκον
966 2935 1091 3004 prDl',
1111 2938 1222 2990 θιῶκων
1235 2933 1261 2988 Α

198 3008 231 3061 12
248 3029 286 3076 πῃ
307 3008 359 3076 τῆς]
379 3017 430 3062 ποῦ
450 3009 477 3061 D
551 3008 584 3062 14
602 3010 678 3062 ούπω
699 3007 725 3061 Ι)
798 3010 923 3062 ἀναδῦναι
943 3005 1067 3076 Εττρῦί,
1086 3007 1212 3061 ἀναθύναι
1226 3005 1260 3072 Α,

197 3079 306 3132 τ’κὸύναι
322 3081 345 3134 0
420 3079 453 3134 15
472 3081 570 3134 ὥπλισε
588 3081 694 3140 τούτους
714 3079 740 3132 D
818 3081 848 3133 l'l
867 3081 1019 3146 ἀδροτέρων
1031 3079 1091 3144 ΑΕ,
1110 3078 1262 3145 ἁδροτέρων

196 3149 328 3220 0·pr
426 3151 489 3206 αὐτὸ
506 3154 581 3222 βοῶν
601 3151 622 3203 Β
729 3153 762 3205 18
779 3159 868 3220 μῆκος
884 3151 934 3219 μὲν
951 3150 987 3217 Α,
1005 3171 1053 3217 μεν
1070 3158 1158 3218 μῆκος
1177 3148 1260 3218 pr,

194 3229 282 3291 μῆκος
301 3221 328 3274 D
402 3222 436 3276 19
454 3223 498 3276 καί
518 3239 575 3277 oin.
595 3221 622 3274 D
701 3222 737 3275 20
755 3221 901 3291 ίστόρησεν]
921 3222 1048 3291 Procop.
1068 3220 1097 3275 Il
1116 3237 1144 3290 p.
1164 3220 1225 3288 400,
1244 3220 1262 3274 4

142 3415 208 3455 esse
228 3401 430 3455 instauratum
449 3401 531 3456 XXV
551 3401 680 3471 pedibus
705 3401 795 3455 altius
814 3401 965 3468 eductum,
996 3403 1027 3455 et
1053 3399 1092 3454 ab
1112 3396 1289 3470 EutychioS

143 3471 315 3542 patriarcba
334 3471 436 3526 denuo
456 3478 674 3527 consecratum.

231 3541 295 3599 Sub
314 3543 371 3597 hoc
389 3558 464 3614 rege
483 3545 573 3598 etiam
594 3551 678 3598 cetus
700 3543 749 3598 ille
770 3549 876 3613 captus
896 3547 949 3611 est,
977 3545 1028 3612 qui
1047 3542 1202 3612 Byzantiis
1220 3539 1290 3596 ari-9

141 3620 188 3668 tra
198 3614 225 3667 L
237 3629 335 3669 annos
348 3614 491 3670 molestus
505 3622 577 3681 erat,
599 3630 687 3684 quom
699 3616 896 3685 porphyrium
910 3615 1113 3685 appellabant,
1133 3629 1195 3668 non
1214 3613 1264 3667 ille

142 3685 264 3754 quidem
289 3701 409 3754 semper
438 3701 597 3756 apparens,
635 3685 688 3740 sed
719 3703 757 3740 ex
786 3686 961 3740 intervallis.
1008 3686 1133 3749 Quoties
1161 3690 1263 3739 autem
1275 3682 1309 3734 10

142 3761 338 3826 apparuerat,
358 3762 420 3811 tum
434 3757 545 3812 multas
564 3772 659 3811 naves
673 3757 880 3827 demergebat,
897 3766 961 3812 tum
980 3757 1263 3811 multishominibns

142 3829 270 3882 exilium
283 3828 441 3883 afferebat.
478 3827 618 3891 Quicum
637 3829 737 3883 multis
756 3829 904 3882 machinis
923 3836 1002 3884 esset
1016 3830 1127 3898 potitus
1147 3843 1264 3896 eaeque

143 3915 248 3954 omnes
265 3903 366 3954 essent
384 3899 497 3966 irritae,
517 3904 618 3954 tamen
638 3901 668 3954 in
680 3900 899 3969 persequendis
911 3899 1060 3970 delphinis
1080 3905 1188 3969 captus
1205 3905 1263 3966 est3

143 3973 193 4040 qui
214 3985 282 4024 cnm
302 3985 399 4040 prope
418 3975 528 4024 terram
548 3973 765 4040 confugissent,
785 3972 834 4025 ille
862 3973 1008 4040 impetum
1036 3971 1183 4024 adversus
1211 3985 1264 4024 eos
1276 3966 1307 4020 11

142 4057 203 4096 non
223 4042 388 4108 inhibebat,
418 4040 515 4096 donec
534 4042 672 4112 proxime
691 4048 803 4096 terram
826 4047 991 4112 provectus
1018 4043 1049 4096 in
1068 4042 1214 4112 uliginem
1234 4046 1264 4094 et

142 4113 329 4182 profundum
349 4113 443 4166 lutum
467 4113 622 4180 incideret,
648 4114 731 4167 unde
753 4113 823 4166 limo
844 4115 1005 4167 obstrictus
1025 4127 1183 4181 emergere
1202 4127 1264 4166 non
1275 4110 1309 4162 12

142 4185 201 4238 iarn
216 4185 324 4255 potuit.
347 4185 414 4247 Quo
427 4183 550 4238 accolae
570 4185 693 4254 cognito
706 4185 835 4239 belluam
854 4185 935 4238 illam
945 4186 1092 4238 marinam
1106 4183 1264 4237 securibus
1276 4179 1309 4234 13

142 4271 178 4309 ac
198 4255 382 4324 bipennibus
398 4255 596 4309 coniecerunt
615 4260 644 4308 et
664 4256 797 4322 lumbus,
817 4270 878 4324 qua
891 4262 958 4309 erat
977 4256 1114 4320 crassior,
1135 4252 1264 4321 alligatis
1276 4251 1309 4303 14

142 4327 235 4380 boum
255 4327 336 4396 iugis
364 4327 395 4379 in
426 4331 538 4380 terram
560 4332 783 4395 pertraxerunt.
823 4327 894 4380 llius
914 4326 1073 4395 longitudo
1102 4323 1308 4378 luitxxx15

143 4399 324 4467 cubitorum,
344 4397 473 4452 latitudo
493 4397 530 4465 X,
548 4405 583 4452 ut
601 4398 682 4452 idem
701 4397 869 4468 Procopius
889 4397 1094 4453 Caesariensis
1113 4397 1214 4451 refert.
