3050 4775
510 381 926 451 ltttanvsavevsrvs.
1238 354 1277 450 ιι

156 574 215 637 καί
239 599 322 646 τινας
348 580 413 639 τῶν
439 572 493 638 ὑπ’
519 574 613 639 αὐτὸν
639 578 818 658 ταξιαρχῶν
846 576 996 641 ὑπελθὼν
1025 574 1063 641 δι’
1088 578 1218 641 ἐκείνων
1244 575 1279 640 τὸ

157 678 378 759 στρατιωτικὸν
401 679 600 761 παρεκίνησε,
623 678 676 742 καί
700 678 815 741 συστὰν
838 680 960 743 ἀνεῖπεν
976 680 1072 743 αὐτὸν
1088 681 1279 762 Αὔγουστον.

156 778 222 843 εἶτα
245 781 386 863 ξιφήρεις
409 781 582 851 ἐπιστάντες
605 782 701 862 αὐτῷ,
738 781 784 851 ὡς
808 782 907 863 δῆθεν
928 783 974 864 μή
997 785 1196 865 προσιεμένῳ
1225 780 1280 864 τήν
1291 792 1324 844 12

156 889 213 965 τῆς
235 883 391 965 βασιλείας
415 884 594 965 ἀνάρρησιν,
619 884 767 967 ἠπείλουν
790 884 1037 966 διαχειρίσασθαι
1056 885 1161 967 αὐτόν,
1186 885 1215 947 εἶ
1234 884 1279 966 μή

128 986 308 1047 barcillone
356 986 440 1048 otto
465 986 499 1048 tl
522 986 600 1068 τάχα
624 986 678 1048 καὶ
701 987 792 1049 ἄκων
813 993 851 1068 τῇ
874 992 930 1049 τοῦ
957 993 1178 1067 στρατιωτικοῦ
1200 987 1279 1068 πλή-
1291 998 1325 1051 13

156 1088 241 1156 θους
272 1088 400 1160 ὑπείξας
432 1088 528 1170 ὁρμῇ,
564 1090 748 1171 προσήκατο
780 1089 836 1170 τήν
868 1090 977 1172 ἀρχήν.
1024 1092 1217 1172 ζητουμένου
1246 1089 1326 1153 bill

159 1189 364 1271 ὁιαόήματος,
388 1185 426 1252 ἵν’
448 1192 557 1253 αὐτίκα
580 1192 682 1273 τούτῳ
705 1192 896 1274 ταινιωάείη,
920 1194 1037 1263 ἐκεῖνος
1059 1193 1118 1274 μὲν
1139 1192 1184 1275 μή
1201 1193 1282 1274 ἔχειν

159 1292 338 1373 ἐξώμνυτο·
374 1298 467 1356 τινῶν
491 1294 524 1355 δὲ
547 1294 669 1375 κόσμον
692 1295 864 1357 αἰτούντων
887 1295 1061 1375 γυναικεῖόν
1082 1318 1159 1376 τινα,
1182 1295 1220 1357 ἵν’
1245 1294 1434 1359 tepuere

158 1394 272 1458 τούτου
296 1395 493 1478 σχεάιασθείη
519 1395 667 1478 διάδημα,
691 1397 893 1479 παρῃτήσατο
908 1404 1000 1460 τοῦτο
1016 1399 1034 1460 ὁ
1051 1397 1219 1466 Ἰουλιανὸς
1235 1398 1281 1467 ὡς

114 1505 150 1558 10
159 1498 307 1560 ἀπαίσιον
330 1497 453 1560 οἰωνόν.
500 1498 564 1559 ἐπεὶ
588 1499 623 1561 ‹ls'
645 1522 689 1569 τις
715 1504 780 1561 τῶν
806 1500 985 1581 ταξιάρχων
1012 1500 1147 1582 χρύσεον
1173 1500 1281 1581 ἐφόρει
1292 1510 1325 1564 15

159 1599 321 1680 στρεπτόν,
344 1599 454 1670 λίάους
477 1602 586 1681 ἔχοντα
609 1600 829 1682 χρυσοδέτοις,
853 1607 964 1664 τοῦτον
986 1602 1133 1685 λαβόντες
1148 1609 1185 1685 τῇ
1202 1602 1279 1664 ἐκεί-

159 1726 217 1765 νου
241 1702 472 1784 προσήρμοσαν
494 1702 625 1785 κεφαλῇ.
672 1704 690 1766 ὁ
714 1703 748 1767 δὲ
766 1702 939 1767 Πεντάὸιον
955 1704 1009 1767 τὸν
1031 1705 1202 1786 μάχιστρον
1216 1708 1281 1767 τῶν
1292 1716 1325 1769 16

159 1804 332 1886 βασιλικῶν
364 1806 484 1877 τάξεων
515 1804 572 1867 σὺν
604 1807 718 1887 ἑτέροις
750 1807 906 1870 ἀπέστειλε
937 1808 1019 1889 πρὸς
1051 1806 1280 1887 Κωνστάντιον,

159 1906 330 1977 ἐπιστείλας
358 1908 445 1989 αὐτῷ
472 1908 525 1970 καί
554 1908 820 1991 ἀπολογούμενος,
855 1910 902 1980 ὡς
929 1911 989 1992 οὐχ
1017 1910 1102 1973 ἑκὼν
1129 1909 1280 1991 προήχθη

116 2008 243 2091 Ιῡπρὸς
269 2008 326 2091 τήν
352 2016 406 2091 τῆς
434 2010 589 2092 βασιλείας
611 2010 792 2095 ἀνάρρησιν,
828 2013 970 2096 βιασθεὶς
992 2008 1021 2076 δ’
1045 2010 1108 2075 ὑπὸ
1131 2034 1280 2094 στρατιω-

158 2116 226 2175 τῶν
247 2110 292 2193 μή
316 2112 522 2194 βουλομένων
546 2114 767 2195 στρατεύεσθαι
790 2114 853 2177 ὑπὸ
877 2113 1022 2197 Καίσαρι,
1047 2114 1112 2176 ἀλλ’
1136 2112 1200 2177 ὑπὸ
1221 2113 1281 2194 βα-

159 2350 195 2406 12
214 2350 257 2406 σία
275 2356 312 2420 τῷ
331 2352 509 2422 Κωνσταντίῳ
528 2351 670 2408 ἐπέστειλεν
686 2352 829 2414 Ἰουλιανός
848 2350 871 2410 C

216 2591 231 2643 1
251 2589 340 2644 αὐτῶν
358 2590 390 2656 Ε,
410 2607 438 2644 V.
457 2589 529 2646 XIII
550 2591 575 2659 8,
594 2591 637 2645 23.
658 2592 683 2659 9,
704 2593 746 2646 10.
767 2592 807 2646 12.
828 2590 897 2646 XIV
915 2592 941 2660 4,
960 2591 985 2646 8.
1004 2589 1048 2659 28,
1067 2591 1085 2646 3
1104 2595 1160 2646 cet.
1238 2611 1281 2645 τα·

215 2665 335 2730 ξιαρχῶν
345 2662 455 2732 Apr,
475 2663 625 2732 ταξιάρχων
634 2662 685 2731 Di,
705 2680 732 2717 v.
746 2662 761 2717 I
774 2681 801 2734 p.
814 2664 873 2732 196,
888 2665 930 2717 19.
949 2663 1021 2717 XIII
1036 2663 1078 2730 13,
1089 2663 1114 2717 9.
1133 2662 1202 2716 XIV
1220 2663 1246 2730 4,
1256 2663 1281 2716 8.

217 2733 270 2787 Est
288 2734 382 2804 Igitur
401 2733 538 2788 Zonarae
557 2742 587 2788 cl
610 2737 749 2805 ταξίαρχος
769 2740 799 2790 et
822 2736 973 2804 ταξιάρχης.
1002 2734 1036 2788 V.
1056 2735 1095 2788 ad
1113 2734 1184 2788 XIV
1203 2735 1229 2801 7,
1248 2734 1283 2787 26

252 2805 363 2858 ἐκείνων
382 2805 521 2875 Rsswth
539 2807 641 2860 ἐκεῖνον
660 2807 686 2860 Α
758 2808 890 2861 iocarer
908 2807 973 2874 (sic)
992 2806 1045 2859 ΑΕ
1120 2806 1138 2859 4
1156 2807 1283 2874 διαχειρί-

217 2877 313 2930 οασιλαι
333 2875 363 2943 C,
384 2878 577 2946 άιαχρήσασάαι
596 2879 619 2931 Ε
721 2879 737 2932 9
756 2880 857 2932 τούτων
876 2878 952 2947 pr
1055 2883 1130 2931 τοῦτο
1150 2883 1179 2931 cl
1198 2879 1282 2930 τούτω

218 2965 272 3017 per
292 2948 413 3018 dittogr.
433 2948 455 3003 C
565 2949 598 3003 10
617 2971 651 3009 τις
670 2957 722 3004 τῶν
741 2950 893 3018 ταξιάρχων
911 2950 1073 3018 (ταξιαρχῶν
1091 2947 1152 3010 ΒΕ)
1170 2951 1284 3016 χρύσεον

217 3019 279 3088 ΑΒ,
298 3021 409 3088 χρύσεόν
428 3042 464 3080 τις
484 3027 537 3074 τῶν
556 3023 705 3090 ταξιαρχῶν
724 3021 800 3091 pr
876 3022 910 3075 12
927 3022 1131 3090 προςήρμουσαν
1148 3019 1184 3086 Ι),
1206 3035 1282 3074 corr.

216 3090 278 3158 Dw,
296 3093 558 3160 προςάρμησσνίείε)
569 3092 596 3146 Α
669 3095 702 3148 13
721 3094 764 3147 τὸν
777 3100 848 3147 ante
866 3113 962 3147 κωνστ.
983 3092 1052 3146 add.
1068 3091 1092 3145 E
1166 3091 1199 3145 lb
1216 3093 1284 3159 πρὸς

216 3162 368 3232 Assrbwp
387 3165 423 3224 εἰς
443 3163 476 3232 R,
495 3179 524 3217 v.
543 3163 615 3218 XIII
635 3164 708 3233 9,19
820 3169 890 3234 post
906 3164 959 3218 ὕπὸ
977 3163 1045 3218 add.
1065 3170 1119 3216 τῶν
1137 3160 1284 3231 DEwpDi

217 3233 283 3302 (sed
302 3234 382 3289 idem
402 3234 577 3290 Dindorlius
597 3243 651 3290 τῶν
671 3236 736 3291 vult
755 3236 852 3292 omitti
871 3236 929 3292 vol.
951 3235 975 3290 V
994 3251 1023 3305 p.
1042 3235 1106 3300 240)

162 3484 231 3524 curn
256 3469 488 3538 conspirassent,
517 3469 685 3524 salutarent
709 3485 779 3525 cum
798 3468 981 3541 Augustum.
1018 3467 1096 3523 Tum
1122 3472 1282 3537 postquam
1294 3468 1328 3522 12

160 3555 232 3594 cum
251 3539 362 3610 gladiis
385 3547 580 3595 accesserunt
603 3542 643 3596 ad
669 3557 738 3596 eum
769 3544 856 3610 quasi
885 3557 947 3596 non
975 3547 1171 3609 accepturum
1201 3541 1283 3608 regis

161 3611 407 3681 appellationem,
436 3613 631 3668 midabantur
650 3629 682 3668 se
703 3615 895 3683 perfossuros
914 3627 980 3666 esse
1000 3627 1078 3678 eum,
1105 3612 1130 3665 si
1150 3626 1212 3664 non
1232 3610 1283 3663 ob·

161 3687 355 3752 temperaret.
392 3681 562 3739 sinautem
583 3687 711 3740 fortasse
731 3686 822 3739 etiam
841 3685 964 3752 Invitae,
985 3682 1137 3737 exercitus
1151 3681 1327 3739 multitu-13

162 3754 242 3808 dinis
262 3768 331 3807 eum
345 3757 484 3810 cessisset
497 3758 630 3826 impetui,
650 3758 769 3826 accepit
781 3757 949 3826 imperium.
987 3755 1062 3809 Cum
1075 3759 1177 3808 autem
1192 3765 1282 3821 quae·
1294 3756 1328 3809 14

162 3831 282 3880 seretur
292 3825 442 3892 diadema,
456 3843 515 3895 quo
530 3828 607 3881 illico
619 3837 828 3893 coronaretur,
842 3828 890 3881 ille
903 3842 936 3881 ae
950 3842 1010 3880 non
1024 3827 1138 3880 habere
1150 3824 1282 3890 iurabat,

162 3897 217 3951 sed
235 3897 390 3951 nonnullis
410 3906 549 3952 ornatum
570 3899 794 3968 postulanbbus
813 3899 991 3953 muliebrem
1011 3897 1170 3966 quendam,
1190 3899 1283 3948 atax

163 3970 220 4022 lroc
239 3969 325 4023 fieret
343 3969 492 4036 diadema,
520 3970 701 4039 deprecatus
721 3975 768 4023 est
786 3969 930 4036 Iulianus,
954 3976 989 4023 ut
1008 3970 1173 4022 infaustum
1194 3981 1282 4020 omen

163 4041 339 4095 evitaretur.
378 4039 452 4094 Cum
473 4047 573 4094 autem
592 4057 673 4096 uuus
693 4042 731 4095 de
748 4042 878 4095 tribunis
896 4054 1024 4094 aureum
1038 4041 1131 4093 ferret
1143 4043 1283 4106 torquem
1294 4040 1328 4094 15

162 4111 317 4180 lapidibus
327 4119 467 4166 amatum
480 4127 555 4166 auro
568 4114 781 4179 circumclusis,
796 4113 876 4166 bunc
885 4112 964 4165 illius
975 4109 1284 4165 accommodaverunt

163 4184 264 4252 capiti.
302 4181 379 4236 Tum
400 4184 448 4238 ille
467 4183 647 4239 Pentadium
669 4185 848 4254 magistrum
868 4184 1023 4253 regiarum
1043 4183 1198 4250 legionum
1214 4193 1282 4231 eum
1294 4183 1328 4236 16

162 4255 230 4308 aliis
249 4255 328 4308 misit
352 4255 390 4307 ad
410 4254 619 4310 Constantium
644 4257 750 4310 litteris
775 4255 861 4321 datis,
887 4254 998 4324 quibus
1017 4269 1050 4306 se
1069 4255 1224 4322 purgaret,
1251 4265 1284 4302 sa

163 4341 225 4380 non
249 4340 306 4380 sua
328 4331 436 4395 sponte
461 4342 528 4383 esse
552 4328 712 4398 Impulsum
737 4327 777 4380 ad
801 4327 883 4398 regis
906 4325 1140 4395 appellationem
1164 4322 1218 4375 sed
1237 4336 1284 4375 co·

163 4401 266 4454 actum
290 4413 357 4454 esse
380 4413 398 4453 ιι
422 4399 566 4457 militibus
591 4399 764 4456 nolentibus
785 4397 937 4471 stipendia
955 4397 1058 4452 facere
1077 4394 1133 4450 sub
1153 4392 1284 4450 Caesare
