3050 4775
293 452 346 515 tat
586 452 723 515 zorita.
743 452 842 513 ilPlT.
861 453 945 515 XVII
963 453 1006 526 23,
1024 453 1121 515 8-19.

291 640 363 705 οὔτε
378 641 526 724 συχνάκις
546 641 634 723 αύτῷ
655 640 788 724 προσῄει
811 640 864 704 καί
886 640 1101 723 ὑπερηφάνως
1123 638 1174 704 ὅτε
1195 638 1412 723 προσελήλυθε

264 745 513 827 9προσεφέρετο,
538 744 737 827 διελίγχουσά
755 768 788 806 τε
803 743 857 807 καλ
872 743 1099 817 ὀνειδίζουσα..
1119 744 1149 805 εί
1169 738 1197 806 δ’
1222 742 1272 806 ἐπί
1293 742 1413 812 τούτοις

292 844 427 928 ἑωράκει
441 846 496 909 τὸν
511 846 649 929 ἀδελφὸν
665 846 878 929 ὀργιζόμενον,
902 846 1104 910 άπεδυσπίτει
1122 849 1411 928 καταφρονητικῶς.

248 956 283 1010 10
292 948 380 1030 ὁρῶν
401 946 460 1011 οὖν
478 948 534 1031 τὴν
548 947 631 1031 πρὸς
644 948 699 1012 τόν
717 948 870 1031 Τορνίκην
892 954 946 1031 τῆς
969 948 1108 1031 ἀδελφῆς
1131 948 1150 1010 δ
1172 947 1315 1031 βασιλεὺς
1338 971 1411 1029 γνη-

292 1052 415 1135 σιότητα
438 1052 604 1115 ὑπώπτευέ
624 1076 657 1115 τε
678 1051 732 1114 καί
756 1052 877 1135 ἐμηνία,
900 1051 954 1114 καί
973 1052 1022 1114 ἵνα
1037 1051 1151 1134 πόρρω
1168 1050 1311 1133 ἀλλήλων
1326 1050 1439 1113 θεῖτού

292 1154 418 1235 αύτούς,
449 1159 515 1217 τῶν
546 1155 581 1216 ἐν
601 1152 721 1237 Ἴβηρσι
751 1160 789 1237 τῆ
813 1152 981 1235 Ῥωμαίων
1012 1154 1163 1236 ἡγεμονίᾳ
1196 1152 1447 1235 διαφερόντωνΙ)
1461 1160 1523 1218 liii

255 1258 381 1339 Βαύτῴ
411 1257 467 1339 τὴν
498 1256 601 1340 ἀρχὴν
632 1257 804 1339 ἀνατίθησι,
838 1257 1164 1340 κατεσχηματισμὲνην
1191 1255 1412 1339 εὐπροσώποις

250 1366 283 1419 11
293 1360 463 1442 ὑπερορίαν
485 1360 583 1423 αὐτοῦ
607 1359 919 1442 καταψηφισάμενος.
966 1358 1020 1423 καλ
1037 1359 1130 1442 ὁμὲν
1153 1357 1307 1442 ἀπῆλθεν·
1332 1360 1351 1440 ῆ
1376 1358 1413 1421 δέ

293 1486 328 1545 γε
351 1464 454 1546 φήμη,
486 1462 612 1545 ῆπρδς
637 1462 719 1544 μέγα
747 1462 844 1544 τύχης
872 1460 968 1525 αὐτόν
996 1462 1106 1545 ἐξῆρεν
1133 1461 1166 1525 ἓν
1194 1460 1318 1542 ἐλπίσιν,
1351 1460 1412 1523 ούκ

293 1565 393 1647 ἔληγε.
438 1566 496 1627 καί
520 1588 598 1635 τινες
627 1564 663 1627 ἐκ
689 1565 802 1628 τούτου
831 1562 885 1627 τδν
911 1563 1012 1647 ἄνδρα
1034 1562 1117 1646 πρός
1138 1562 1193 1627 τόν
1214 1562 1342 1647 βασιλέα
1367 1564 1413 1625 δι-
1426 1573 1458 1626 10

251 1668 433 1750 12ἑβαλλον.
483 1666 503 1730 ό
531 1667 566 1730 δὲ
597 1673 662 1737 τοῖς
692 1666 797 1749 λόγοις
828 1666 948 1735 τούτοις
979 1666 1035 1747 τὴν
1066 1667 1197 1749 γνώμην
1230 1664 1415 1736 διασεισθείς

294 1770 406 1832 στέλλει
428 1770 482 1832 καί
503 1769 598 1851 κείρει
619 1769 678 1852 μὲν
700 1769 757 1851 τῆν
779 1769 885 1852 κόμην
905 1776 952 1851 τῷ
970 1768 1115 1851 Τορνίκη,
1140 1768 1310 1851 συγκείρειν
1325 1768 1415 1850 αύτῷ

293 1878 360 1942 ταῖς
381 1872 467 1954 θριξὶ
488 1872 542 1934 καί
568 1872 623 1941 τὰς
649 1872 777 1941 ἐλπίδας
805 1872 958 1954 οἰόμενος,
991 1870 1091 1955 ῥάκος
1124 1870 1157 1935 δὲ
1188 1871 1288 1953 μέλαν
1319 1868 1415 1933 αὐτὸν

295 1975 488 2057 άμφιέννυσι,
512 1975 635 2056 ζοφοῦν
652 1974 741 2056 αὐτῷ
755 1974 896 2057 νομίζων
912 1974 1056 2037 ἐντεῦθεν
1070 1972 1126 2055 τὴν
1140 1973 1415 2057 προσδοκωμένην

293 2083 349 2159 τῆς
375 2077 472 2159 τύχης
500 2076 715 2159 λαμπρότητα·
748 2078 833 2139 οὕτω
863 2071 891 2139 δ’
917 2075 1128 2139 ἐπανελθόντα
1154 2072 1226 2159 μήτ’
1252 2076 1414 2158 οἰκτείρας,
1427 2083 1458 2137 15

251 2178 372 2242 13άλλά
395 2178 449 2242 καί
471 2179 683 2261 ἐπικαγχάσας
705 2180 836 2263 άφῆκεν.
865 2180 895 2241 ολ
918 2178 954 2242 δέ
969 2202 1003 2260 γε
1019 2178 1206 2249 Μακεδόνες
1220 2178 1274 2241 καί
1288 2178 1415 2262 πρῴην,

295 2282 343 2352 ὡς
368 2283 494 2365 εἴρηται,
526 2283 746 2365 προσκείμενοι
773 2289 819 2363 τῴ
846 2280 937 2365 ἀνδρί
963 2280 1017 2344 καί
1044 2279 1181 2364 χρηστάς
1211 2280 1337 2351 ἐλπίδας
1364 2277 1413 2343 ἐπ’

136 2385 383 2469 pumannum
414 2385 597 2468 θάλποντες,
628 2384 742 2454 νυκτὸς
774 2382 869 2449 αὐτὸν
900 2384 1147 2468 ὑπεξαγαγόντες
1173 2391 1228 2468 τῆς
1255 2384 1416 2468 βασιλίδος

297 2579 331 2634 16
349 2579 492 2634 ἀποστασία
510 2580 624 2639 Λέοντος
643 2587 689 2634 τοῦ
710 2580 825 2650 Τσρνίκη
851 2583 883 2648 (τ.
902 2581 1034 2650 τορνικίον
1052 2579 1156 2640 λέοντος
1174 2577 1208 2644 C)
1227 2577 1275 2634 OE
1297 2578 1343 2634 καὶ
1366 2580 1416 2634 ὅσα

295 2651 324 2705 όν
341 2652 408 2721 αὐτῇ
425 2652 597 2720 ἐπράχθησαν
616 2651 640 2705 Ε

349 2831 368 2884 3
387 2837 611 2901 καταφροητικῶς
630 2829 667 2901 p*
757 2829 926 2900 irritavimus
945 2829 1019 2900 pr
1108 2837 1154 2900 τῆς
1171 2828 1289 2898 άδελφῆς
1309 2843 1366 2883 om.
1385 2827 1415 2882 D

349 2903 367 2957 6
385 2913 417 2973 τῇ
435 2943 442 2957 .
462 2942 469 2956 .
488 2903 612 2971 ἡγεμονίᾳ
631 2901 823 2972 διαφερόντων]
843 2917 872 2956 v.
891 2903 930 2956 ad
950 2900 1019 2956 XVI
1039 2901 1081 2968 10,
1100 2902 1117 2954 6
1209 2902 1227 2955 9
1244 2903 1311 2969 ἥπερ
1329 2900 1357 2954 ἐν
1374 2901 1415 2953 λλ-

351 2977 408 3028 πίσι
427 2973 493 3042 πρὸς
510 2976 578 3042 μέγα
595 2975 676 3042 τύχης
693 2973 774 3028 αὐτὸν
792 2975 841 3034 (ex
855 2973 935 3027 αύτσῦ
949 2987 1024 3027 corr.
1040 2972 1074 3038 C)
1092 2973 1184 3043 ἐξῆρεν
1202 2971 1250 3026 ΒΟ
1321 2972 1416 3041 ἐξῆρεν

348 3046 427 3100 αὐτόν
439 3045 466 3099 D
540 3047 573 3098 12
586 3047 712 3112 τορνικίω
725 3044 846 3113 BC(wp)
920 3045 953 3098 13
965 3046 1011 3098 καί
1024 3060 1081 3098 om.
1092 3043 1119 3097 D
1191 3043 1274 3112 ῥάκος
1286 3041 1414 3112 prDi‚

350 3118 432 3186 ῥάκος
450 3115 515 3185 AD,
534 3117 636 3185 ῥάκκος
655 3117 679 3169 Β
754 3117 787 3169 14
804 3119 905 3184 νομίζω
919 3115 946 3169 D
1020 3117 1053 3169 16
1072 3115 1129 3169 sub
1148 3115 1252 3184 ἀφῆκεν
1271 3115 1415 3178 (tolum

350 3190 437 3253 extr.)
458 3194 627 3242 atramento
646 3189 757 3258 pallido
778 3189 875 3256 eique,
895 3203 956 3256 quo
976 3202 1084 3240 manns
1103 3188 1185 3256 prior
1201 3187 1305 3253 utitur,
1324 3187 1413 3240 simili

350 3261 472 3313 additae
490 3265 562 3312 sunt
581 3260 698 3313 litterae
717 3259 769 3314 Clr.
789 3259 821 3312 R.
842 3261 872 3312 in
891 3257 914 3312 B
1013 3259 1046 3312 17
1064 3255 1175 3327 εἴρηται]
1195 3257 1278 3312 XVII
1298 3259 1341 3324 93,
1360 3258 1377 3311 3

384 3331 424 3384 ἐπ’
445 3347 501 3384 om.
520 3331 548 3383 D
622 3333 663 3385 17.
684 3332 718 3384 18
735 3331 880 3390 θάλποντες
899 3337 971 3385 ante
989 3329 1030 3383 ἐπ’
1050 3329 1097 3384 BC

297 3528 512 3596 frequentabat
535 3528 652 3597 regiam
674 3532 705 3581 et
727 3527 860 3597 superbe
886 3542 953 3581 eum
973 3528 1068 3582 fratre
1086 3527 1207 3597 agebat,
1236 3527 1261 3582 si
1288 3527 1412 3597 qnando

269 3599 475 3666 (lascesseret,
495 3613 563 3653 erim
583 3614 718 3667 arguens
737 3605 767 3652 et
787 3599 954 3669 obiurgans
973 3603 1004 3654 et
1016 3600 1081 3654 eius
1101 3599 1139 3654 ob
1158 3599 1210 3652 illa
1222 3599 1412 3654 iracundiam

253 3671 288 3725 10
297 3687 352 3740 per
370 3676 575 3739 contemptum
593 3671 711 3723 silentio
730 3671 931 3725 dissimulans.
967 3671 1033 3725 Rex
1055 3685 1128 3724 vero
1153 3672 1305 3724 sincerum
1328 3671 1413 3724 illum

296 3742 408 3795 sororis
421 3758 497 3812 erga
510 3742 660 3796 Tornicen
674 3742 816 3795 allectum
829 3744 966 3812 graviter
978 3743 1165 3811 molesteque
1178 3745 1286 3808 ferens,
1305 3746 1341 3795 ut
1359 3757 1413 3796 eos

296 3814 388 3882 longe
406 3815 590 3883 emungeret,
617 3813 768 3866 Tornicen
786 3813 923 3868 lberibns
943 3814 1098 3869 Romanae
1117 3814 1238 3868 ditionis
1258 3813 1414 3884 praefecit,

253 3885 484 3953 llrelegatione
512 3887 649 3954 specioso
677 3885 763 3939 titulo
793 3886 982 3938 obumbrata.
1020 3885 1094 3940 Cum
1122 3887 1217 3956 igitur
1243 3886 1291 3940 illo
1315 3886 1414 3940 abiret

296 3970 396 4024 noque
414 3962 514 4010 tamen
528 3957 610 4010 lama
623 3972 692 4011 eum
705 3972 759 4026 spe
779 3971 910 4026 magnae
925 3961 1066 4011 l'ortunae
1085 3959 1228 4027 prosequi
1247 3955 1413 4026 desisteret,

298 4027 420 4096 quidam
447 4029 518 4082 inde
541 4043 646 4082 ansam
671 4030 867 4097 arripuerunt
890 4031 955 4082 eius
974 4029 1057 4097 apud
1076 4045 1180 4099 rogem
1199 4029 1413 4083 calumniandi.

254 4097 431 4162 12Quorum
451 4101 552 4154 verbis
570 4105 737 4154 commotus
755 4099 805 4153 ille
823 4099 973 4154 Tornioae
996 4115 1112 4154 sornam
1135 4101 1249 4168 tondet,
1277 4115 1412 4170 sospem

298 4172 362 4224 eius
381 4186 444 4225 una
468 4171 664 4226 detonsurum
689 4177 781 4237 ratus,
810 4173 990 4240 nigramque
1014 4171 1165 4226 lacernam
1190 4173 1296 4239 induit,
1325 4174 1412 4240 quasi

298 4257 334 4295 eo
358 4243 459 4297 coloro
482 4244 625 4297 tenebras
648 4243 802 4296 effusurus
826 4248 1002 4312 exspectato
1021 4244 1062 4296 illi
1085 4245 1227 4298 fortunae
1245 4245 1411 4314 splendori3

297 4313 340 4366 ita
364 4329 519 4368 reversum
548 4313 625 4367 adeo
653 4330 714 4367 nori
740 4320 785 4368 est
810 4315 978 4383 miseratus,
1008 4321 1042 4369 ut
1065 4317 1211 4370 caehinno
1234 4317 1324 4370 otiam
1346 4331 1411 4384 pro-

255 4385 288 4438 13
297 4391 475 4454 sequeretur
497 4385 669 4439 abeuntem.
707 4384 888 4439 Macedones
913 4401 986 4439 vero
1010 4389 1094 4456 prius
1118 4389 1216 4454 etiam,
1244 4392 1279 4440 ut
1298 4385 1411 4440 dietum

180 4493 183 4500 -
298 4463 350 4526 est,
370 4457 410 4510 illi
431 4457 496 4511 viro
515 4457 628 4511 addicti
648 4472 685 4511 ao
704 4458 782 4512 bene
803 4456 840 4512 de
859 4471 895 4512 eo
915 4462 1072 4528 sperantes
1091 4474 1160 4515 eum
1173 4463 1266 4514 noctu
1279 4473 1319 4514 ex
1334 4457 1411 4512 urbe
