3050 4775
301 457 422 518 tacut
439 458 595 519 Naeuio
615 457 806 520 sacceum
824 445 1000 518 monam
1020 457 1072 515 111.
1197 456 1250 515 aas

128 642 172 713 εἰς
193 640 248 707 τὸν
270 642 348 707 ναδν
371 644 548 728 ἐπεδήμησε
563 643 618 708 καλ
634 645 779 725 διάτορον
794 644 878 727 ἔχων
894 640 1051 727 φθόγγον,
1074 642 1250 726 βαρύτατον

129 744 164 807 δὲ
187 745 241 808 καλ
263 744 320 809 σὺν
342 746 506 829 τραχύτητι
528 752 594 815 ταῖς
616 748 729 816 ἀκοαῖς
751 746 963 829 εῖσδυόμενον,
992 746 1072 828 ᾤετο
1096 745 1250 827 εύφωνεῖν

127 846 184 909 καλ
206 845 281 910 εἶναι
303 847 566 931 μελῳδυιώτατος
588 848 642 912 καὶ
665 848 879 932 κατάρχεσθαι
901 853 966 912 τῶν
993 849 1105 932 ὕμνων
1132 848 1249 911 εἰώθει.

127 948 197 1013 τότε
218 950 322 1013 τοίνυν
344 948 418 1020 στάς
441 950 631 1033 ἐξεφώνησε,
1260 955 1295 1010 38

87 1063 105 1117 5
341 1060 389 1134 τῷ
411 1052 626 1124 παντάνακτος
649 1053 855 1135 ἐξεφαύλισαν
877 1053 982 1135 πόθῳ.

129 1154 184 1218 καλ
210 1155 320 1218 αὐτίκα
348 1161 403 1238 τῆς
431 1156 548 1237 γωνίας
574 1157 605 1221 oi
631 1151 699 1218 κατ’
730 1156 829 1221 αὐτοῦ
860 1156 1080 1239 μελετήσαντες
1111 1155 1165 1218 καλ
1195 1159 1250 1218 τοῦ
1260 1162 1296 1215 39
1312 1159 1455 1216 wlnlca

130 1256 263 1328 σκότους
278 1257 439 1340 ἐξέθορον,
454 1257 492 1320 τὰ
508 1258 582 1341 ξίφη
600 1258 806 1340 σπασάμενοι·
831 1258 850 1321 ό
868 1257 903 1321 δὲ
918 1258 1018 1328 συνεὶς
1033 1256 1069 1321 τὸ
1086 1258 1252 1340 δρώμενον

130 1360 295 1443 εἰσέδραμε
325 1359 361 1423 τὸ
392 1360 627 1443 θυσιαστήριον,
660 1360 714 1423 καὶ
742 1361 773 1424 ολ
801 1361 898 1424 αὐτοῦ
928 1360 962 1424 δὲ
990 1360 1145 1443 ἀναιρὲται
1168 1360 1250 1441 ἐφεί-

130 1485 237 1543 ποντο,
269 1462 364 1525 κάκεῖ
386 1462 470 1544 πρὸς
496 1464 603 1526 αὐτῶν
630 1463 759 1533 πολλοῖς
786 1462 1001 1545 κατατρωθελς
1027 1468 1093 1533 ταῖς
1120 1462 1289 1544 πληγαῖςΙ)

86 1564 185 1629 1οιιαλ
212 1564 268 1647 τὴν
294 1570 383 1647 χεῖρα
412 1565 607 1647 ἀποτμηθεὶς
634 1566 722 1635 τέλος
749 1565 896 1649 ἀφῄρητο
927 1565 981 1628 καλ
1012 1564 1068 1647 τὴν
1099 1564 1251 1647 κεφαλήν,

130 1666 317 1749 βασιλεύσας
340 1667 441 1750 ὠμῶς
463 1690 495 1731 τε
517 1667 571 1731 καὶ
594 1667 718 1751 ἀσεβῶς
741 1667 791 1731 ἐπὶ
807 1670 857 1750 ἔτη
874 1666 950 1731 ἑπτὰ
967 1668 1020 1731 καλ
1033 1674 1137 1751 μῆνας
1151 1668 1250 1731 πέντε.

130 1768 227 1832 καλό
248 1768 307 1851 μὲν
330 1769 450 1832 ἐκείνου
473 1768 586 1852 νεκρὸς
613 1771 656 1840 εἰς
683 1768 737 1833 τδν
755 1769 970 1853 Ἱππόδρομον
998 1770 1173 1853 συρόμενος
1200 1770 1250 1851 ἔρ-
1261 1777 1297 1831 40

131 1894 230 1955 ριπτο.
276 1872 295 1935 ὁ
318 1872 353 1935 δὲ
375 1870 507 1955 Μιχαὴλ
530 1874 571 1935 ἔτι
593 1871 666 1943 τοὺς
687 1872 791 1943 πόδας
814 1875 862 1936 ῶν
885 1872 1084 1956 σιδηρόδετος
1115 1872 1146 1955 (ti
1170 1872 1253 1943 κλεὶς
1261 1881 1295 1935 41

131 1973 192 2056 γὰρ
217 1974 276 2057 οὐχ
303 1975 416 2058 εὕρητο
442 1979 507 2038 τῶν
536 1974 663 2056 δεσμῶν
690 1975 810 2049 αὐτίκα,
842 1980 898 2039 τοῦ
921 1975 1059 2046 Λέοντος
1081 1976 1179 2059 αὐτὴν
1202 1976 1251 2057 ἔγ-

85 2088 121 2141 15
131 2076 263 2140 κόλπων
290 2075 456 2160 φέροντος)
490 2076 665 2160 εὖφημήθη
694 2076 747 2140 καλ
774 2079 999 2161 προσεκυνήθη
1029 2078 1075 2147 ὡς
1097 2077 1251 2161 βασιλεύς.

130 2177 195 2241 εἶτα
226 2184 291 2243 τῶν
322 2180 463 2263 σιδήριον
493 2180 724 2262 θραυσθέντων
755 2180 799 2250 εἰς
830 2180 886 2263 τὴν
916 2181 1055 2264 μεγάλην
1086 2180 1252 2264 ἐκκλησίαν
1261 2183 1305 2247 22

131 2423 149 2476 6
169 2422 300 2492 ἀναίρεσις
318 2423 432 2483 Λέοντος
450 2430 496 2478 τοῦ
512 2422 647 2492 Ἀρμενίου
667 2423 714 2479 ΟΕ
851 2425 885 2479 13
903 2424 1046 2494 ἀνάρρησις
1064 2431 1109 2480 τοῦ
1129 2429 1197 2491 (om.
1217 2424 1252 2489 E)

129 2494 243 2564 Μιχαὴλ
255 2501 302 2549 τοῦ
316 2495 429 2562 τραυλοῦ
442 2495 474 2559 (τ.
485 2515 522 2564 τρ.
534 2511 591 2549 om.
602 2493 635 2560 C)
649 2495 697 2550 OE
709 2497 746 2549 ἔτι
758 2494 819 2556 τοὺς
833 2497 917 2556 πόδας
934 2495 1115 2566 πεπεδημένον
1129 2495 1159 2564 C,
1179 2499 1254 2566 βασι·

130 2567 187 2620 λεία
209 2565 322 2636 Μιχαὴλ
339 2567 477 2634 Ἀμαραίου
496 2570 564 2630 (om.
584 2565 621 2632 Α)
640 2574 686 2621 τοῦ
704 2569 817 2635 τραυλοῦ
841 2566 893 2621 ΑΕ
1002 2568 1036 2623 16
1058 2569 1178 2639 βασιλεία
1200 2569 1253 2623 Μι·

129 2636 200 2706 χαὴλ
219 2635 297 2692 BOD
317 2645 362 2693 τοῦ
380 2638 494 2707 τραυλοῦ
513 2635 564 2693 cl)

186 2868 269 2925 2καλ
292 2887 350 2926 om.
375 2870 398 2926 C
487 2871 705 2941 λιίςδυνόμενον
723 2871 760 2942 p*
780 2873 882 2927 invitis
900 2873 982 2928 ARw
1072 2874 1097 2927 6.
1117 2873 1133 2927 i
1152 2873 1180 2927 oi
1196 2873 1253 2927 κατ’

186 2942 268 2996 αὐτοῦ
287 2943 473 3012 μελετήσαντες
495 2951 540 3012 τῆς
562 2946 658 3012 γωνίας
681 2945 809 3012 ἐξέθορον
833 2945 949 2999 omissis
968 2943 1013 2999 καλ
1032 2952 1077 2999 τοῦ
1097 2944 1252 3004 σκότουςΟ

188 3013 204 3067 'i
223 3015 309 3073 συνεὶς
327 3014 356 3069 τό
374 3014 513 3083 δρώμενον
532 3016 716 3085 (δραττόμενσν
735 3016 770 3080 Ε)
789 3015 850 3083 ΑΕ,
869 3017 948 3086 φόβω
968 3017 1083 3085 ληφθεὶς
1103 3016 1199 3086 0(wp)

185 3086 204 3139 8
222 3084 253 3138 δὲ
271 3101 327 3140 om.
347 3085 371 3140 0
445 3086 462 3140 9
480 3085 559 3140 αὐτόν
578 3087 602 3139 Ε
674 3087 707 3140 11
726 3107 754 3140 τε
772 3087 818 3140 καὶ
833 3088 936 3156 ἀσεβῶς
954 3087 1016 3155 ΑΟ,
1036 3109 1063 3142 τε
1081 3088 1127 3141 καλ
1144 3087 1254 3156 ἀπηνῶς

185 3156 233 3210 καὶ
250 3155 353 3227 ἀσεβῶς
372 3157 445 3228 Eup
519 3157 553 3211 12
571 3159 673 3211 ἐκεῖνον
691 3158 719 3212 D
791 3161 951 3227 συνρόμενος
970 3159 994 3212 Ε
1071 3159 1104 3213 14
1122 3165 1191 3229 post
1209 3159 1254 3213 οὗ·

185 3229 247 3281 τίκα
264 3228 402 3282 distinxit
420 3229 506 3284 B·W
573 3228 721 3297 ι’γκόλπισν]
741 3229 770 3282 ἕν
788 3231 881 3284 κόλπον
900 3230 928 3283 D
1011 3230 1045 3284 16
1063 3237 1116 3284 τῶν
1135 3229 1254 3299 σιδήρων

186 3299 379 3367 θραυσθέντων
396 3297 458 3364 ΑΕ,
477 3308 523 3369 τῆς
542 3300 647 3360 κλειδὸς
662 3301 701 3370 μὴ
720 3301 913 3371 εὑρισκομένης
930 3301 961 3356 τὰ
979 3303 1075 3371 σίδηρσ
1092 3303 1253 3371 διεκόπησαν

187 3371 414 3442 (διεθραύσθησαν
432 3370 466 3439 Β,
485 3373 663 3426 διισκόπασαν
682 3370 773 3442 w*p)·
792 3374 878 3427 ἕωθεν
897 3373 944 3428 οὖν
962 3372 1092 3443 δμιχαὴλ
1111 3372 1185 3443 pr

130 3607 220 3673 parte
238 3604 425 3672 cecinissent,
444 3617 498 3658 rex
519 3617 642 3673 quoque
661 3603 767 3659 aedem
781 3605 959 3675 ingreditur,
979 3607 1039 3675 qui,
1059 3621 1127 3660 cum
1141 3621 1255 3676 magna

131 3681 212 3730 esset
233 3691 310 3730 voco
333 3674 388 3729 sed
411 3677 593 3745 gravissima
616 3680 646 3729 et
670 3691 736 3729 cum
757 3678 921 3745 asperitate
941 3677 1066 3731 auribus
1084 3679 1253 3746 insonante,

131 3761 166 3800 se
184 3747 264 3802 bene
283 3754 408 3800 cantare
426 3763 463 3800 ac
481 3747 671 3816 praeclarum
691 3762 757 3800 esse
777 3749 922 3802 musicum
946 3750 1127 3818 opinabatur
1151 3753 1181 3804 et
1202 3749 1254 3819 hy·

130 3833 220 3872 mnos
239 3819 391 3888 auspicari
410 3822 580 3872 consuerat.
618 3817 663 3872 Ac
681 3824 744 3872 tum
763 3824 847 3872 stans
867 3820 1060 3875 exclamavit:
1264 3825 1298 3880 38

223 3889 373 3959 Sprevere
391 3890 500 3944 summi
520 3895 630 3943 cuncta
651 3903 754 3944 amore
774 3891 926 3960 principis,

131 3960 329 4016 Insidiatores
342 3975 415 4015 vero
429 3963 528 4016 statim
542 3961 653 4015 strictis
667 3962 790 4015 ensibus
805 3977 843 4016 ex
857 3962 970 4032 angulo
983 3963 1032 4018 illo
1047 3962 1177 4018 obscuro
1187 3979 1253 4033 pro·
1263 3967 1299 4020 39

131 4032 295 4101 siluerunt3
313 4032 362 4087 iile
377 4048 410 4085 re
427 4039 588 4102 perspecta
606 4033 638 4085 in
657 4035 824 4086 sacrarium
844 4035 983 4102 accurrit,
1004 4049 1094 4103 quem
1107 4036 1137 4089 hi
1152 4050 1254 4089 conse·

132 4105 196 4158 cuti
209 4103 309 4158 multis
323 4104 500 4158 vulneribus
511 4105 718 4170 coniecerunt,
737 4109 896 4174 amputata
908 4120 1001 4158 manu
1015 4112 1044 4159 et
1058 4107 1165 4176 capite,
1185 4121 1253 4159 cum

132 4175 297 4229 crudeliter
310 4180 402 4244 atque
415 4176 505 4245 impie
519 4190 616 4228 annos
630 4180 744 4243 septem
758 4181 788 4230 et
801 4191 919 4230 menses
933 4177 1068 4245 quinque
1087 4182 1252 4248 regnasset.

130 4246 206 4301 Eius
221 4261 332 4316 corpus
344 4249 376 4300 in
390 4246 631 4316 Hippodromum
644 4252 828 4315 pertractum
842 4249 945 4317 ibique
962 4247 1111 4302 abiectum
1132 4254 1185 4303 est.
1214 4249 1254 4302 At
1263 4250 1306 4304 40.
1325 4250 1358 4304 41

130 4317 259 4371 Michati
280 4318 467 4387 compeditus
484 4320 596 4387 (noque
609 4318 688 4370 enim
702 4319 802 4371 statim
815 4318 1025 4387 reperiebatur
1040 4320 1141 4386 clavis,
1162 4335 1254 4389 quam

130 4387 197 4443 Leo
216 4390 248 4442 in
269 4389 338 4443 sinu
356 4390 508 4458 gestabat)
527 4390 615 4443 laetis
634 4389 904 4444 acclamationibus
921 4397 956 4444 ut
969 4405 1024 4444 rex
1041 4390 1187 4446 adoratus
1200 4397 1253 4446 est.

129 4460 175 4515 22.
201 4459 321 4515 Deinde
344 4459 541 4531 compedibus
572 4461 679 4515 ferreis
703 4460 840 4516 dissectis
864 4461 896 4515 in
919 4477 1063 4533 magnam
1096 4463 1254 4520 ecclesiam
