3050 4775
412 446 599 508 BRYENNII
619 444 785 507 SEDITIO.
823 444 981 508 COSMAS.
1204 446 1257 507 717

138 632 224 696 οὕτω
252 629 280 696 δ’
305 632 324 694 ὁ
346 631 490 716 βασιλεὺς
517 634 798 716 περιστατούμενος
824 632 982 697 πάντοθεν
1008 631 1063 697 τὸν
1082 632 1303 697 Ῥουσέλιον27

138 735 203 799 λόει
230 759 262 798 τε
287 740 353 799 τῶν
381 735 508 817 δεσμῶν
534 736 588 799 καὶ
614 736 734 819 ῥήμασι
761 736 815 799 καὶ
841 736 980 820 χρήμασι
1002 734 1056 799 τὸν
1079 736 1180 817 ἄνδρα
1204 736 1256 799 ἕκ-

138 837 353 921 μειλιξάμενος
380 837 521 902 ἐπελθεῖν
542 840 643 903 πείθει
664 847 711 922 τῷ
733 846 789 903 τοῦ
813 839 986 923 Βρυεννίου
1010 840 1158 922 ὁμαίμονι
1180 838 1258 922 μετὰ

138 945 194 1002 τοῦ
216 940 377 1023 προέδρου
396 940 534 1015 Ἀλεξίου
556 947 613 1005 τοῦ
636 943 821 1025 Κομνηνοῦ,
849 948 1115 1025 στραταρχοῦντσς
1137 948 1192 1025 τῆς
1213 948 1261 1023 τῷ

111 1043 260 1125 ὃβασιλεῖ
278 1042 359 1106 κατὰ
382 1042 418 1105 τὸ
432 1042 606 1117 Βυζάντιον
627 1045 810 1129 προσούσης
834 1046 1010 1127 δυνάμεως.
1057 1046 1075 1108 δ
1097 1044 1218 1127 μαθὼν
1241 1044 1305 1107 628

0 1174 1 1195 ι
22 1157 63 1213 IV
77 1151 195 1210 2‘26201'2
211 1145 385 1229 Βρυεννίου
402 1144 538 1229 ἀδεληνὸς
559 1148 646 1230 ἔφθη
671 1147 812 1229 διαδράς.
858 1152 923 1211 τῶν
938 1146 1141 1211 Μακεδόνων
1155 1147 1305 1230 μίντοι29
1324 1154 1348 1208 Β

140 1248 393 1331 καταληφθεντες
415 1249 525 1313 πολλοὶ
547 1251 579 1312 οἱ
599 1249 658 1332 μὲν
681 1251 802 1324 ἔπεσον,
826 1251 857 1313 οἱ
880 1246 909 1313 θ’
934 1250 1086 1313 ἑάλωσαν.

226 1350 280 1414 Ἑν
311 1352 453 1434 τοσούτῳ
486 1352 521 1416 δὲ
552 1353 606 1416 καί
632 1351 845 1427 Πατζινάκων
875 1353 1000 1436 πλῆθος
1031 1353 1150 1436 ἐπῆλθε
1181 1351 1260 1416 κατὰ
1274 1354 1314 1418 18

137 1453 429 1537 Ἀδριανουπόλεως
460 1454 514 1518 καλ
545 1455 616 1538 περὶ
646 1457 761 1539 ταύτην
795 1455 1050 1539 παρεμβαλόντες
1083 1455 1138 1538 τὴν
1171 1456 1262 1539 πέριξ

97 1556 248 1619 Ιοαῦτῶν
275 1556 432 1640 ἐληίζοντο
459 1558 580 1640 χώραν,
614 1560 670 1629 οθς
692 1558 712 1621 ὁ
734 1558 907 1642 Βρυέννιος
929 1558 1160 1641 δεξιωσάμενος
1183 1560 1259 1641 χρή-

141 1682 218 1742 μασι
239 1664 465 1743 μεταναστῆναι
486 1666 542 1743 τῆς
563 1660 688 1732 πόλεως
710 1662 818 1725 ἔπεισε.
863 1660 934 1744 περὶ
951 1660 986 1725 δέ
1001 1685 1036 1743 χε
1050 1660 1106 1743 τὴν
1121 1660 1289 1735 Κύζικονῖ

141 1768 189 1844 τῷ
211 1760 343 1844 ἀδελφῷ
365 1761 462 1826 αὐτοῦ
485 1762 652 1828 ἀπελθόντι
674 1763 729 1827 καλ
750 1765 940 1847 πειρωμένῳ
956 1764 1175 1845 ὑπαγαγέσθαι
1189 1762 1262 1833 τοὺς

143 1864 210 1926 ἐκεῖ
228 1863 248 1925 ό
267 1863 440 1936 Ῥουσίλιος
463 1866 602 1949 ἐντυχὼν
625 1866 778 1949 ἐτρέψατο
801 1866 880 1930 κατὰ
904 1867 1020 1950 κράτος
1042 1865 1148 1929 αθτόν.

225 1965 311 2049 Ἀρτι
334 1966 369 2029 δὲ
390 1972 446 2030 τοῦ
469 1968 664 2052 πατριάρχου
676 1967 828 2033 Ἰωάννου
850 1976 906 2034 τοῦ
923 1968 1082 2053 Ξιφιλίνου
1104 1967 1186 2051 πρὸς
1208 1967 1289 2039 τάς3

99 2079 133 2132 15
144 2070 292 2139 αἰωνίους
321 2070 539 2153 μεταθεμένου
568 2070 670 2154 μονάς
700 2072 750 2135 ἐπὶ
780 2072 856 2135 δέκα
886 2070 1045 2141 ἐνιαυτοὺς
1067 2068 1118 2154 ἐφ’
1142 2070 1187 2135 ἑνί
1208 2072 1262 2135 καί

142 2171 237 2254 μησὶν
260 2171 336 2235 ἑπτὰ
350 2172 407 2255 τὴν
422 2173 589 2257 ἐκκλησίαν
603 2175 815 2258 ποιμάναντος
830 2176 1052 2258 προεχειρίσθη
1068 2174 1262 2258 πατριάρχης

143 2273 278 2357 Κοσμᾶς
298 2275 449 2359 μοναχός,
477 2276 581 2359 λόχοις
602 2277 661 2360 μὲν
684 2278 744 2362 οὐχ
767 2278 950 2361 ὡμιληκώς,
979 2278 1102 2360 ἀρεταῖς
1126 2276 1160 2340 δὲ
1182 2288 1295 2346 παν-0

142 2377 239 2450 τοίαις
264 2380 485 2464 κοσμούμενος
512 2380 566 2444 καὶ
590 2380 639 2445 διά
662 2386 754 2445 τοῦτο
777 2380 831 2445 καί
852 2380 935 2465 πρὸς
956 2386 1012 2444 τοῦ
1034 2380 1189 2464 βασιλέως
1212 2380 1261 2455 ἐξ·

144 2480 232 2565 όχως
254 2483 438 2566 τιμώμενος.

146 2641 161 2694 1
179 2643 218 2696 δτι
237 2643 253 2696 ά
269 2642 410 2712 Κομνηνδς
425 2643 535 2707 Ἀλίξιος
553 2643 599 2698 καί
617 2644 792 2704 άῬουσίλιος
811 2643 993 2714 σ’πεστάλησαν
1010 2643 1077 2700 κατὰ
1096 2651 1142 2699 τοῦ
1161 2646 1261 2715 Bovar-

143 2715 203 2767 νίου
222 2714 364 2784 (Βρυεκίου
383 2714 416 2780 C)
436 2713 459 2770 C
532 2715 566 2769 14
582 2716 643 2786 περὶ
659 2723 832 2786 πατριαρχῶν
851 2715 899 2772 ΟΕ

199 2865 214 2919 l
234 2867 353 2922 σισίλιον
371 2867 403 2936 Ε,
422 2884 498 2923 corr.
517 2867 566 2928 Ειν
655 2869 718 2924 212
737 2887 794 2925 om.
814 2870 837 2924 B
928 2871 945 2927 6
963 2872 1016 2941 ἔφη
1036 2870 1058 2927 C
1149 2872 1261 2926 λκατα-

197 2938 348 3007 λειφθίντες
368 2938 495 3010 BDEwp
568 2938 598 2993 de
615 2942 639 2995 E
710 2944 728 2996 8
746 2942 793 2996 καί
813 2943 910 2998 om.C
982 2945 999 2996 9
1017 2943 1262 3012 άνδριανουπόλεως

199 3009 234 3077 Ι),
253 3011 498 3079 άδριανοάπολινΟ
571 3012 606 3065 10
623 3013 704 3082 αὐτῆς
717 3014 745 3067 Ι)
819 3014 851 3067 11
869 3023 1024 3084 μεταστῆναι
1039 3013 1110 3084 Ewp
1182 3016 1262 3076 κύζυ·

198 3082 359 3147 κον(εἰο)Α
433 3082 519 3138 1213
538 3092 576 3152 τῷ
593 3085 757 3153 ἀδελφῷ-ό
772 3086 823 3154 ῥου
842 3101 898 3140 om.
910 3085 940 3154 0,
960 3086 1056 3155 snppi.
1068 3085 1123 3152 (ἔτι,
1143 3102 1171 3140 v,
1182 3087 1267 3140 B-W

198 3155 269 3222 Byz.
289 3153 436 3209 Ζείίυελιν.
456 3171 483 3209 a.
502 3155 573 3210 1892
591 3171 619 3224 p.
638 3157 690 3210 207
710 3164 740 3211 et
758 3157 819 3225 216,
839 3157 856 3210 2
987 3158 1021 3211 12
1039 3157 1172 3211 ἐπελθόντι
1192 3156 1220 3209 D

200 3227 234 3278 16
251 3226 426 3295 προχειρίσθη
445 3226 509 3297 w*p
583 3227 616 3282 l‘l
633 3230 756 3288 παντόαις
776 3229 807 3298 Ε,
825 3230 958 3289 παντοίαις
977 3228 1042 3299 w*p

146 3386 347 3441 incenderunt
365 3387 498 3456 indeque
516 3386 663 3457 Athyram
683 3389 846 3444 redierunt.
883 3390 948 3445 Rex
971 3405 1046 3445 vero
1068 3391 1159 3445 tantia
1177 3391 1261 3444 undi·
1272 3388 1307 3444 27

148 3476 207 3528 que
226 3459 312 3512 malie
331 3465 462 3514 vexatus
480 3460 601 3514 Ruselio
626 3460 755 3515 vinculis
780 3463 877 3516 soluto
902 3468 932 3516 et
955 3462 1056 3516 verbis
1080 3468 1110 3517 et
1133 3464 1263 3532 pecunia

148 3531 272 3585 delinito
296 3532 468 3600 persuadet,
496 3538 531 3585 ut
553 3547 616 3585 una
640 3547 707 3586 eum
726 3532 836 3590 Alexio
856 3532 1009 3589 Oomneno
1033 3534 1181 3604 praeside,
1211 3535 1263 3604 qui

148 3604 242 3672 copiis
267 3600 443 3672 Byzantinis
471 3608 621 3672 praeerat.
648 3602 794 3673 Bryennii
822 3607 946 3659 irati-em
973 3605 1107 3660 invadat.
1146 3605 1262 3670 Quibus
1272 3603 1308 3657 98

147 3675 239 3728 rebus
257 3672 307 3726 ille
325 3679 444 3729 mature
463 3677 593 3744 cognitis
606 3675 682 3744 iuga
694 3675 822 3729 salutem
836 3678 918 3746 petit.
955 3674 1040 3731 Multi
1052 3683 1153 3731 tamen
1167 3675 1261 3731 Mace·
1272 3675 1307 3728 ‘29

148 3748 243 3800 dones
263 3752 457 3801 occurrentes
476 3749 585 3816 partim
604 3748 693 3813 oaesi,
713 3747 822 3817 partim
843 3748 923 3816 capti
942 3755 1021 3802 eunt.

236 3817 278 3870 18.
313 3817 433 3872 Interea
442 3817 673 3872 Patzinacornm
685 3819 845 3873 multitudo
854 3819 1102 3889 Hadrianopolim
1114 3836 1263 3890 aggressa

147 3891 254 3944 eastris
277 3892 381 3958 positia
405 3905 496 3960 agros
521 3891 578 3944 eibi
604 3891 759 3960 proximos
785 3895 893 3957 vastat,
922 3907 940 3944 a
963 3891 1072 3959 quibus
1092 3891 1263 3960 Bryenniue

147 3962 278 4031 pecunia
297 3962 369 4016 data
387 3962 568 4030 impetravit,
595 3968 629 4015 ut
649 3961 688 4014 ab
706 3962 784 4015 urbe
803 3962 988 4016 recederent.
1026 3962 1166 4017 Ruseiiue
1188 3963 1290 4017 vero2

147 4035 212 4087 eius
231 4035 355 4087 fratrem
375 4033 517 4102 Cyzicum
540 4033 735 4087 invadentem
758 4048 795 4086 ae
814 4040 935 4102 gentem
954 4033 1033 4086 iilam
1053 4034 1197 4102 subigere
1217 4051 1263 4088 co-

145 4109 269 4158 nantem
289 4105 403 4175 proeiio
423 4106 537 4158 vietum
556 4105 739 4174 profligavit.

235 4175 412 4230 Patriareha
431 4175 547 4229 Ioanne
569 4176 722 4245 Xiphiiino
748 4176 778 4228 in
804 4180 945 4229 aeternas
970 4177 1142 4231 mansiones
1168 4177 1290 4232 trans-3

146 4247 216 4313 lato,
237 4262 305 4300 cum
324 4248 482 4302 eeclesiam
502 4263 599 4301 annos
617 4246 659 4300 XI
677 4251 708 4302 et
724 4262 844 4301 menses
859 4247 915 4302 VII
934 4250 1070 4314 rexisset,
1090 4249 1262 4318 patriarcha

146 4323 192 4373 est
220 4319 398 4388 daeignatus
426 4317 549 4373 Coamaa
576 4319 750 4385 monachus,
783 4319 952 4373 ineruditus
983 4320 1032 4372 ilie
1060 4320 1180 4388 quidem
1209 4321 1263 4374 sed

146 4392 243 4446 omnia
261 4391 384 4460 generis
400 4392 512 4445 virtute
525 4396 658 4456 ornatus,
679 4405 740 4459 qua
759 4391 797 4444 de
817 4405 910 4446 cauea
929 4407 947 4445 a
966 4405 1039 4462 rege
1059 4406 1182 4461 quoque
1200 4391 1263 4462 pin-

144 4463 212 4518 rimi
234 4462 459 4518 aestimabatur.
