3050 4775
253 429 307 486 ιιι
545 425 682 486 sousa.
704 427 803 486 ssu.
823 425 891 486 su
913 429 954 500 ιο,
974 427 1088 486 ιο-εο.

211 620 380 698 19ποιῆσαι
403 613 439 678 τὸ
463 613 601 696 γεγονός.
649 613 668 676 ὁ
691 612 727 676 δέ
744 612 822 676 “τὸν
834 611 894 696 μὲν
909 610 1112 696 Θεοφιλλτζην
1127 611 1280 694 λθιώτην”
1294 607 1377 674 εἶπεν

254 718 402 798 “ἑώρων,
425 715 553 798 βασιλέα
578 716 612 780 δὲ
634 715 688 779 τὸν
712 715 884 789 Βασίλειον,
907 715 961 778 καλ
984 714 1036 777 ad
1057 719 1150 778 τοῦτο
1172 713 1226 776 καλ
1248 713 1296 784 ὡς
1317 714 1375 796 βα-

254 819 338 884 σιλέα
361 819 415 884 τὸν
437 818 538 902 ἄνδρα
561 820 718 902 ιετίμηκα.
766 819 831 881 ἴσθι
854 817 914 900 γὰρ
938 818 985 888 ὡς
1006 816 1089 899 πρὸς
1109 821 1165 880 τοῦ
1187 817 1267 880 θεοῦ
1287 817 1376 899 βασι-

210 922 324 994 2ολεὺς
340 923 457 992 ἐκεῖνος
472 920 680 1004 ἀφώρισται.”
724 925 819 984 ταῦτα
835 920 1001 983 ἀκούσασα
1016 921 1037 1002 ή
1054 919 1142 1002 γυνή,
1160 917 1226 982 ἐπεὶ
1241 919 1378 1001 νοσήσας

255 1026 322 1088 ἐκεῖ
345 1025 535 1106 κατελείφθη
563 1023 582 1086 ὁ
606 1023 779 1104 Βασίλειος,
812 1023 992 1104 ἀπάραντος
1023 1021 1146 1085 ἐκεῖθεν
1176 1027 1233 1083 τοῦ
1265 1021 1404 1102 κυρίαυῐτ

254 1128 362 1210 αὐτοῦ,
394 1127 604 1209 προσελάβετό
632 1149 663 1188 τε
691 1124 788 1188 αὐτὸν
814 1126 857 1194 εἰς
884 1124 938 1188 τὸν
967 1122 1057 1188 υλκον
1084 1124 1181 1207 αὐτῆς
1203 1123 1257 1186 καὶ
1278 1124 1376 1204 θερα-

254 1230 343 1300 πείας
374 1230 490 1312 ήξίωσε
515 1227 570 1292 καλ
599 1227 847 1310 ἀναρρωσθέντα
874 1227 1050 1310 εἰσποιητὸν
1077 1225 1217 1309 ἀδελφὸν
1244 1233 1291 1307 τῷ
1316 1226 1378 1307 υἱῷ

210 1341 243 1394 21
255 1333 351 1415 αὐτῆς
374 1331 518 1414 γενέσθαι
539 1332 665 1394 πέπεικε
692 1329 746 1392 καλ
774 1331 921 1412 χρήματα
949 1331 1120 1412 παρέσχεν·
1152 1326 1216 1392 εἶτα
1243 1329 1297 1391 καλ
1322 1327 1379 1411 τήν

254 1433 411 1516 βασιλείαν
433 1433 520 1514 αὐτῷ
542 1433 760 1515 προαγορεύει,
793 1430 847 1493 καὶ
876 1431 928 1494 ὅτε
954 1431 1089 1504 τεύξεται
1114 1437 1169 1513 τῆς
1192 1431 1301 1514 ἀρχῆς,
1331 1430 1378 1513 μή

256 1536 461 1599 ἐπιλαθέσθαι
483 1541 539 1598 τοῦ
562 1534 675 1604 παιδὸς
698 1534 795 1616 αὐτῆς
817 1534 902 1606 ἀξιοῖ
920 1529 993 1616 μήτ’
1017 1534 1124 1616 αὐτῆς,
1149 1533 1179 1596 ελ
1197 1540 1261 1603 τοῖς
1283 1535 1380 1607 ζῶσιν
1391 1543 1425 1596 10

256 1640 297 1701 ἔτι
316 1638 584 1721 συγκαταλὲγοιτο.
631 1637 650 1698 ὁ
672 1637 732 1719 μὲν
754 1634 812 1699 οὖν
829 1635 991 1705 Βασίλειος
1013 1634 1063 1698 ἐπὶ
1085 1636 1205 1705 τούτοις
1227 1635 1379 1718 ἀπῆλθεν.

170 1751 246 1806 022
256 1740 356 1822 ἐκείνη
390 1740 425 1803 δὲ
451 1740 690 1822 βασιλεύσαντος
718 1740 786 1820 ἄρτι
813 1737 896 1820 πρὸς
925 1737 982 1820 τήν
1003 1737 1147 1820 βασιλίδα
1169 1743 1234 1800 τῶν
1255 1737 1382 1801 πόλεων

255 1843 332 1926 μετὰ
356 1848 411 1906 τοῦ
434 1845 505 1905 υἱοῦ
536 1844 731 1924 παρεγένετο,
767 1842 858 1924 δῶρα
881 1847 1129 1923 προσαγαγοῦσα
1152 1840 1305 1923 πολυτελῆ
1325 1841 1381 1904 καλ

211 1945 371 2011 23παλλά·
399 1947 436 2027 ἣν
459 1946 592 2027 ἐντίμως
615 1945 633 2006 ὁ
656 1943 801 2026 βασιλεὺς
822 1943 1033 2024 προσεδέξατο
1051 1943 1105 2006 καλ
1119 1943 1174 2006 τὸν
1188 1942 1257 2006 υἱὸν
1272 1944 1379 2026 αὐτῆς,

256 2051 293 2112 ὃν
320 2048 459 2130 ἀδελφὸν
492 2048 527 2112 ἐκ
559 2053 770 2130 πνευματικῆς
804 2047 987 2118 διαθέσεως,
1020 2047 1067 2116 ὥς
1097 2048 1224 2129 εἴρηται,
1256 2048 1379 2129 ἔσχηκε,
1390 2053 1425 2106 ld

255 2151 546 2234 πρωτασπαθάριον
569 2149 718 2231 τετίμηκε,

211 2265 246 2320 ‘24
345 2253 494 2335 Σεισμῶν
517 2252 552 2315 δὲ
571 2252 738 2334 διαφόρων
753 2253 952 2334 συμβάντων,
975 2254 1010 2326 ἐξ
1025 2249 1073 2317 ὧν
1087 2253 1196 2317 πολλοὶ
1211 2253 1281 2316 ναοὶ
1296 2254 1378 2335 θιερ-

212 2356 407 2441 θῡράγησαν,
430 2355 449 2418 ὁ
471 2353 615 2438 βασιλεὺς
638 2353 732 2425 αὖθις
754 2355 870 2425 αὐτοὺς
892 2356 1126 2439 ἀνωρθώσατο·
1152 2356 1191 2421 οὐ
1213 2355 1278 2439 μὴν
1293 2354 1416 2419 ,ἀλλθῦ
1430 2357 1516 2414 ivai

257 2546 291 2600 12
309 2548 346 2599 du
365 2546 566 2617 βασιλεύσαντος
584 2552 629 2599 τοῦ
648 2546 789 2600 Βασιλείαν
807 2547 959 2616 προσῆλθεν
976 2547 1049 2614 αὐτῷ
1068 2550 1136 2611 (om.
1147 2546 1181 2611 Ε)
1200 2546 1218 2615 ή
1235 2544 1300 2617 γυνή
1310 2545 1376 2614 μετὰ

256 2626 302 2673 τοῦ
320 2620 379 2672 υἱοῦ
398 2618 486 2686 αὐτῆς,
505 2618 551 2670 καλ
570 2616 732 2687 ἐτιμήθησαν
752 2618 1028 2689 (μετὰ-ἐτιμήθησαν
1044 2618 1147 2686 ΜΕ)
1160 2616 1208 2672 ΟΕ
1282 2620 1315 2673 Π
1333 2619 1376 2673 oh

255 2690 283 2743 ἓν
298 2698 370 2749 ναοῖς
389 2689 464 2749 οὗτος
482 2690 605 2757 ἐποίησεν
624 2690 641 2741 ὅ
656 2690 779 2760 βασιλεύς
798 2690 822 2743 i}

311 2852 335 2904 1.
354 2850 372 2904 2
393 2850 569 2919 Θεαφιλίτζην
587 2850 838 2920 ἰδιώτην-βασιλέα
857 2849 887 2903 δὲ
905 2850 950 2905 τὸν
967 2850 1118 2920 Βασίλειον]
1139 2848 1184 2905 De
1200 2831 1334 2906 chiasmo
1347 2868 1376 2907 v,

311 2923 349 2977 ad
369 2921 424 2975 ΧΗ
431 2922 441 2975 Ι
461 2922 486 2987 2,
505 2923 522 2975 6
612 2923 629 2976 4
647 2922 787 2991 ἀφώριστο
806 2922 842 2990 D,
861 2937 938 2977 corr.
957 2922 1009 2979 Dw
1092 2930 1146 2976 τῶν
1164 2924 1322 2993 ἕπιρασήσας
1342 2923 1376 2991 D,

311 2994 327 3064 ή
347 2993 412 3063 γυνὴ
430 2994 485 3047 ἐπεὶ
504 2994 617 3063 νοσήσας
638 2993 687 3051 Dw
808 2994 825 3047 λ’)
843 2995 1007 3063 κατελείφθη
1027 2992 1153 3064 Ιῖττρῦἰ,
1172 2996 1330 3065 κατελήφθη
1349 2994 1376 3049 Α

344 3066 447 3189 βασλΒ
550 3120 567 3173 6
584 3120 727 3188 προςέλαβε
749 3120 820 3188 Ewp
922 3120 947 3174 i.
966 3122 984 3173 8
1003 3128 1040 3188 τῷ
1059 3122 1111 3188 υἱῷ
1128 3120 1209 3189 αὐτῆς
1228 3120 1320 3188 (αὐτοῦ
1339 3120 1377 3190 1),

311 3208 387 3245 corr.
407 3192 469 3256 Dw)
488 3197 557 3260 post
575 3194 683 3245 πέπεικε
702 3191 726 3245 O
799 3192 975 3259 δπαρέσχειν
994 3191 1030 3256 D,
1050 3207 1127 3246 corr.
1147 3191 1198 3247 Dw
1279 3193 1296 3246 9
1313 3213 1376 3259 προ·

311 3266 436 3331 ηγόρευσε
456 3262 529 3331 pr
654 3262 686 3315 12
705 3268 774 3332 post
791 3263 849 3329 ἄρτι
869 3262 939 3316 add.
958 3270 1005 3315 τοῦ
1022 3264 1156 3332 βασιλείου
1174 3262 1234 3330 Cf),
1253 3262 1333 3317 αῧτοῦ
1354 3264 1377 3316 Β

312 3335 346 3388 15
364 3336 380 3387 ὃ
398 3334 434 3401 D,
454 3336 484 3387 θν
507 3350 582 3389 corr.
601 3334 651 3392 Dw
725 3334 758 3387 li
776 3334 834 3387 ναοὶ
851 3334 943 3387 πολλοὶ
962 3332 986 3387 0
1060 3335 1094 3387 18
1111 3335 1286 3403 ἀνορθώσατε
1304 3335 1377 3405 Ewp

214 3513 368 3575 sanasset,
397 3524 465 3563 eum
487 3509 517 3562 id
536 3522 596 3562 non
618 3512 730 3562 temese
754 3508 863 3563 secisse
881 3509 1096 3563 arbitrabatur.
1133 3506 1173 3563 At
1192 3509 1240 3563 iiia
1258 3509 1377 3564 “Theo-

258 3580 433 3650 phiiitzem”
459 3581 557 3649 inquit
583 3581 759 3648 “privatum
780 3582 852 3645 vidi,
879 3595 984 3649 regem
1004 3596 1078 3634 vero
1096 3580 1250 3646 Basiliam,
1278 3596 1377 3651 eaque

257 3652 295 3706 de
315 3667 408 3706 causa
426 3652 569 3706 honorem
585 3654 612 3705 ei
626 3658 659 3706 ut
672 3654 738 3721 regi
753 3654 854 3705 habui.
891 3651 972 3707 Scito
992 3654 1072 3705 enim
1085 3666 1155 3706 eum
1168 3669 1188 3705 a
1200 3652 1259 3706 deo
1273 3668 1376 3723 regem

212 3729 248 3782 20
257 3727 449 3795 designatum
463 3723 557 3779 esse.”
592 3724 708 3787 Quibus
722 3724 829 3777 mulier
841 3724 953 3779 auditis
965 3722 1111 3777 Basiliam
1130 3728 1199 3793 post
1211 3724 1376 3779 discessum

256 3800 302 3853 sui
322 3798 433 3851 domini
454 3802 614 3865 aegrotum
638 3796 696 3849 iilic
715 3796 852 3849 relietum
871 3796 902 3849 iu
925 3810 997 3849 suas
1015 3794 1107 3849 aedas
1125 3796 1242 3865 recepit
1260 3802 1377 3850 curata·

257 3884 316 3939 que
335 3876 365 3922 st
385 3868 562 3922 confirmata
581 3868 756 3922 valetudine
775 3867 803 3919 ei
827 3868 985 3936 persuasit,
1003 3877 1038 3921 ut
1055 3868 1103 3921 sui
1122 3867 1173 3920 fltii
1194 3870 1290 3921 frater
1306 3867 1377 3921 ado·

212 3943 243 3997 21
258 3944 358 4012 ptivus
373 3954 439 3994 esse
452 3940 551 4006 veliet,
571 3939 690 3993 audate
703 3938 834 4007 pecunia
853 3952 982 4007 regnum
1001 3941 1030 3992 ei
1048 3939 1202 4007 praedixit
1220 3954 1319 4006 orans,
1338 3954 1376 3993 ue

258 4013 458 4083 principatum
478 4011 608 4081 adeptus
628 4012 679 4064 iiiii
701 4010 819 4077 suique,
847 4011 871 4063 si
891 4009 991 4064 adhue
1009 4013 1040 4063 in
1060 4010 1137 4064 vivis
1158 4016 1245 4079 esset,
1274 4010 1377 4065 oblivi-

212 4084 400 4141 idsceretur.
438 4083 492 4136 His
518 4082 592 4136 actis
611 4082 740 4135 Basilius
761 4082 910 4148 discessit3
939 4082 991 4135 iiia
1015 4096 1089 4136 vero
1114 4083 1142 4135 ei
1166 4098 1268 4136 rerum
1286 4081 1376 4136 modo

257 4158 352 4227 potito
374 4171 442 4209 cum
462 4155 521 4209 filio
542 4152 655 4222 Cpoiim
685 4154 823 4223 proiecta
846 4153 941 4207 inulta
959 4154 1092 4223 pretiosa
1110 4168 1239 4207 munera
1257 4154 1378 4221 obtulit3

212 4228 348 4299 23quem
367 4228 416 4282 ilie
435 4226 599 4280 honorifice
623 4227 743 4294 excepit
766 4226 893 4294 eiusque
912 4224 1013 4290 fliium,
1041 4240 1130 4294 quem
1151 4226 1276 4279 fratrem
1293 4227 1378 4295 spiri·

257 4301 377 4365 tualem,
396 4303 431 4352 ut
449 4298 588 4365 diximus,
608 4304 715 4351 nactus
733 4301 808 4364 erat,
828 4297 1062 4366 protospatharii
1080 4297 1230 4366 dignitate
1249 4299 1377 4351 ornavit.

212 4372 247 4425 24
345 4369 446 4424 Aedes
465 4382 568 4423 sacras
587 4368 715 4423 diversis
743 4376 844 4423 terrae
871 4370 1003 4422 motibus
1024 4369 1176 4438 collapsas
1192 4384 1247 4421 rex
1266 4369 1378 4422 instau-

212 4444 248 4499 25
258 4444 336 4497 ravit
355 4450 446 4513 atque
466 4442 555 4495 etiem
573 4456 718 4511 magnum
738 4442 884 4495 fornicem
903 4440 1120 4495 occidentalem
1138 4439 1241 4511 tempii
1254 4438 1377 4511 Sapien-
