3050 4775
297 492 350 551 746
581 492 717 551 ZONAR.
737 492 836 549 ΕΡΙΤ.
855 491 955 549 XVIII
972 492 1016 562 24,
1034 492 1132 548 8-18.

223 676 250 731 D
269 678 287 736 8
382 676 427 741 ‘H
444 675 549 761 μήτηρ
573 676 607 739 tl
630 682 685 741 τοῦ
708 676 942 759 αὐτοκράτορος
963 676 1075 739 τούτου
1097 680 1163 739 τῶν
1184 682 1239 759 τῆς
1260 674 1409 759 βασιίάας

297 780 494 863 πραγμάτων
514 780 740 864 ἀναδεξαμένη,
764 780 811 850 ὡς
826 780 952 863 εἴρηται,
975 778 1032 863 τὴν
1047 778 1207 862 (imm,
1229 778 1322 862 μέχρ,
1336 777 1408 841 Μή,
1495 751 1496 826 l

297 884 354 948 λοῦ
369 884 484 968 ταύτην
497 884 728 967 μετεχειρίζετο,
752 884 831 947 ὅθεν
844 883 898 947 καί
920 881 957 945 τὰ
979 882 1061 965 πρὸς
1083 884 1226 946 κάκωσιν
1246 886 1312 947 τῶν
1333 882 1409 964 cinq.
1495 941 1496 958 η

270 986 387 1051 9κόων
418 986 485 1051 τότε
513 986 659 1070 γινόμενα
688 988 789 1071 ἐκείνη
816 987 848 1050 ol
868 987 1007 1057 πλείονες
1029 986 1252 1069 ἐπεγράφοντο.
1297 986 1410 1068 ήχάετο

297 1090 356 1172 μίν
388 1088 446 1155 οὖν
469 1090 487 1153 ὁ
510 1090 654 1174 βασιλεὺς
682 1091 729 1161 ὥς
756 1091 791 1154 ἐν
818 1089 911 1173 μάνῳ
939 1088 1053 1173 σχεδὸν
1080 1096 1135 1171 τῆς
1156 1089 1313 1172 βασιλείας
1334 1088 1432 1151 dno-5

297 1194 406 1257 λαύων
438 1193 576 1276 ὀνόματι,
607 1193 711 1278 ᾐδεῖτο
744 1192 779 1257 δὲ
810 1193 866 1276 τὴν
895 1193 1017 1276 μητέρα
1048 1190 1102 1255 καί
1130 1192 1271 1275 ἀκούσης
1296 1192 1412 1274 ἐκείνης
1496 1159 1497 1214 ί

255 1296 288 1353 10
299 1297 471 1381 ἀφελέσθαι
502 1296 558 1379 τὴν
585 1298 728 1371 ἐξουσίαν
756 1297 817 1361 οὐκ
844 1295 965 1379 ήβελεν.
1011 1294 1076 1359 ἐπεὶ
1099 1295 1128 1358 d'
1152 1294 1253 1378 ἐκείνη
1282 1302 1412 1379 συνῆκεν

298 1400 481 1484 ἀχθόμενον
512 1399 566 1463 τὸν
597 1399 677 1482 υίόν,
711 1400 884 1483 πτοηάεῖσα
917 1398 963 1482 μή
998 1398 1142 1481 βιασθείη
1176 1398 1230 1462 καί
1261 1398 1413 1482 άθέλητον

300 1503 377 1587 ὃόξη
400 1503 593 1585 ποιήσασθαι
618 1502 674 1587 τὴν
700 1502 893 1585 μετάστασιν,
925 1502 1191 1585 παρακεχωρήκει
1216 1502 1347 1565 πάντων
1371 1508 1412 1582 τῷ
1497 1569 1498 1576 ,

298 1608 360 1691 υίῷ
382 1632 413 1671 τε
436 1607 490 1671 καί
513 1607 720 1690 αὐτοκράτορι
742 1606 797 1670 καί
818 1612 883 1671 τῶν
904 1606 1070 1689 βασιλείων
1092 1605 1329 1687 ὕπανεχώρησε,
1361 1603 1413 1684 τήν
1422 1605 1447 1657 1⁰

299 1716 354 1775 τοῦ
378 1708 606 1774 Παντεπόπτου
628 1710 741 1794 μονήν,
772 1713 812 1793 liv
834 1710 935 1792 ἐκείνη
959 1708 1113 1791 ίάείματο,
1142 1708 1303 1771 κατοικίαν
1324 1730 1411 1789 ποιη-

255 1812 430 1897 1Ῑσαμένη,
462 1808 538 1895 παρ’
562 1812 584 1897 ᾖ
606 1812 663 1876 καί
686 1836 771 1883 τινας
798 1810 957 1882 ἐνιαυτοὺς
982 1810 1204 1893 παροικήσασα
1231 1810 1366 1891 ἐντίμως
1385 1833 1414 1871 τε

138 1914 163 1968 Ρ
169 1912 286 1970 113124
299 1914 354 1979 καὶ
384 1916 553 1999 βασιλικῶς
581 1915 614 1986 ἐς
641 1915 740 1999 γῆράς
766 1939 798 1979 τε
820 1914 907 1999 βαθὺ
929 1915 1148 1996 καταντήσασα
1169 1913 1342 1997 μετήλλαξε
1363 1910 1414 1994 τὴν

256 2016 289 2071 12
301 2020 398 2101 ζωήν.
444 2018 498 2082 ἕνα
523 2014 551 2081 ‹l'
576 2016 716 2082 ἐνιαυτὸν
738 2018 792 2081 καί
813 2016 929 2101 μικρόν
954 2042 982 2080 τι
1008 2014 1090 2099 πρὸς
1112 2016 1131 2080 ό
1153 2016 1413 2099 σεβαστοκράτωρ

300 2118 439 2204 ἐπιβιοὺς
460 2126 498 2204 τῇ
519 2119 614 2205 μητρί
637 2120 782 2191 κάκεῖνος
804 2122 926 2185 ἀπέτισε
947 2120 983 2184 τὸ
1005 2120 1121 2203 χρεών,
1153 2119 1341 2201 κειράμενος
1363 2118 1415 2200 τήν
1424 2115 1449 2170 15

299 2224 388 2307 τρίχα
411 2223 465 2287 καὶ
486 2224 785 2306 μεταμφιασάμενος
805 2223 885 2286 κατὰ
900 2222 1072 2307 μοναχούς,
1096 2222 1144 2293 ὡς
1159 2224 1241 2304 ἔγνω
1256 2210 1500 2285 musonii

256 2327 289 2382 13
300 2327 388 2409 αὐτῷ
415 2323 451 2390 τὸ
477 2326 640 2410 βιώσιμον.
689 2326 811 2410 ἀπεβίω
839 2322 868 2390 d'
893 2326 942 2390 ἐπί
968 2326 1055 2391 παισί
1086 2326 1221 2408 πολλοῖς,
1254 2326 1320 2398 οὕς,
1354 2323 1415 2387 ἐπεὶ

300 2429 353 2494 καί
376 2431 396 2512 ἡ
418 2429 523 2512 μήτηρ
546 2431 652 2494 αὐτῶν
682 2429 752 2493 ott'
776 2430 851 2494 ὅλον
880 2429 1020 2494 ἐνιαυτὸν
1046 2430 1218 2512 ίπιζήσααα
1249 2435 1296 2510 τῷ
1327 2427 1416 2508 άνάρὶ

299 2532 427 2616 μετέστη
459 2536 523 2596 τῶν
555 2537 690 2616 γεηρῶν,
722 2533 741 2596 ὁ
766 2532 910 2616 βασιλεὺς
937 2532 1150 2616 προσελάβετο
1177 2530 1232 2595 καί
1259 2529 1334 2602 τοὺς
1361 2531 1415 2614 μὲν

301 2726 316 2780 1
335 2727 505 2796 ἀνεχώρησεν
525 2728 589 2792 (sle)
609 2733 662 2782 τῶν
678 2729 819 2800 βασιλείων
836 2728 854 2797 ή
874 2728 962 2796 μήτηρ
982 2734 1029 2782 τοῦ
1045 2728 1183 2796 βασιλέως,
1203 2726 1249 2781 καί
1266 2725 1416 2781 ἀπελθοῦσα

299 2797 482 2939 ηίέάρήηοξείὸ)
501 2799 690 2871 Παντεπάπτην
707 2800 767 2855 ἐκεῖ
781 2800 944 2870 ἐτελεύτησεν
962 2797 985 2856 C
1059 2796 1093 2853 14
1110 2797 1214 2868 τελευτὴ
1232 2806 1279 2854 τοῦ
1297 2800 1416 2869 σεβαοτο

353 3039 371 3094 2
390 3040 428 3100 ὡς
446 3041 545 3109 εἴρηται
566 3045 634 3110 post
651 3040 816 3109 πραγμάτων
833 3039 887 3094 BD
958 3039 1070 3110 εἴρηται]
1089 3039 1189 3095 XVIII
1197 3039 1269 3107 21,6
1341 3041 1417 3108 dua

354 3113 522 3239 Eopglatpgdetor
541 3111 638 3237 Ειέρέδ
653 3193 666 3204 η
703 3112 722 3166 4
739 3114 867 3181 γενόμενα
885 3110 909 3165 Β
1005 3112 1023 3167 5
1043 3118 1110 3182 post
1129 3112 1224 3237 σχὸάὸν
1243 3112 1312 3167 edd.
1333 3113 1370 3203 ηὸς
1388 3109 1416 3235 (13),

355 3199 393 3309 13
405 3211 479 3308 εαίίτ
495 3255 604 3323 αὐτοκρ.
619 3183 744 3309 είίίίοίί]
765 3183 996 3324 Επρῖιίίίῆὲεν]
1015 3185 1227 3323 omnm
1275 3184 1418 3324 egregost

354 3325 489 3386 ε’νιαυτούς
502 3325 571 3380 add.
585 3327 613 3380 ἓν
624 3327 691 3396 αὕτη
710 3326 733 3382 C
806 3327 841 3380 13
858 3328 895 3387 εἰς
914 3325 950 3394 D,
970 3342 998 3380 v.
1010 3325 1228 3394 adXIV12,14
1300 3326 1336 3382 14
1352 3324 1418 3381 dec

355 3397 390 3452 15
408 3397 454 3466 τὴν
472 3395 534 3466 AR,
553 3397 599 3452 καί
618 3397 681 3468 w*p
754 3398 790 3452 18
808 3397 866 3452 οὐδ’
885 3398 946 3452 ὅλον
963 3397 1081 3453 ἐνιαυτὸν
1100 3398 1192 3455 om.0
1265 3397 1299 3454 19
1315 3405 1418 3468 γεηρῶν

354 3466 445 3536 ARW,
466 3475 571 3538 νεκρῶν
589 3467 635 3539 p*,
654 3485 682 3524 V.
704 3470 744 3524 ad
762 3468 862 3525 XVIII
880 3470 924 3538 28,
943 3469 979 3524 20
1048 3471 1222 3542 προςεβάίετο
1241 3469 1268 3524 D

273 3641 291 3696 8
390 3645 477 3701 Matri
497 3648 687 3717 imperatoris
706 3649 795 3718 regni
815 3647 1085 3713 administratione,
1109 3653 1145 3704 ut
1164 3648 1349 3714 dictumest,
1368 3649 1418 3702 dio

301 3719 426 3773 functae
445 3720 532 3786 mala,
557 3720 669 3788 qulbus
688 3721 817 3774 subiecti
836 3722 1038 3786 vexabantur,
1062 3721 1200 3790 plerique
1219 3720 1418 3776 ascribebant.

274 3784 399 3853 ilQuam
418 3805 482 3844 rem
501 3806 565 3858 rex,
584 3796 618 3845 ut
638 3792 689 3860 qul
708 3793 832 3846 nomine
850 3793 915 3846 fere
935 3792 1095 3846 dumtaxat
1112 3801 1265 3862 regnaret,
1288 3794 1344 3847 etsi
1361 3807 1418 3846 mo

302 3861 376 3915 leste
402 3861 527 3929 ferebat,
556 3866 658 3916 tomen
681 3862 762 3916 illem
785 3863 912 3917 invitem
931 3879 986 3932 pro
1005 3865 1179 3918 reverentia
1198 3878 1255 3919 sua
1272 3868 1419 3934 potestate

258 3928 292 3981 10
302 3933 424 4002 [τείνετο
453 3933 557 3987 noluit.
600 3934 667 3998 Quo
687 3933 795 3988 mulier
818 3935 1040 4002 animadverso,
1068 3935 1168 3988 verita
1191 3949 1230 3990 ne
1253 3935 1302 3990 vel
1325 3935 1419 3989 invita

303 4003 453 4060 excedere
482 4009 652 4074 cogeretur,
681 4004 788 4060 rellcta
815 4007 902 4075 regio
930 4006 1012 4061 omni
1040 4008 1221 4062 auctoritate
1247 4007 1417 4075 imperatori

259 4072 290 4125 11
303 4076 382 4130 cedit
401 4082 430 4130 et
446 4077 477 4129 in
491 4076 672 4146 Pantepopti
692 4079 908 4132 monasterium
927 4093 946 4131 a
967 4093 999 4133 se
1018 4076 1211 4132 aedificatum
1230 4079 1349 4147 migret,
1368 4077 1418 4131 nbi

304 4163 371 4200 cum
391 4147 506 4216 aliquot
520 4164 617 4202 annos
631 4149 796 4204 honorilice
809 4154 839 4203 et
851 4149 996 4218 regaliter
1009 4150 1144 4216 vixisset,
1163 4154 1310 4219 provecta
1322 4153 1419 4204 aetate

259 4215 385 4274 luchiit.
424 4219 483 4275 Sed
512 4225 542 4275 et
570 4221 795 4275 sebastocrator
822 4221 924 4290 paullo
953 4220 1082 4290 amplius
1109 4235 1171 4275 uno
1200 4225 1268 4291 post
1297 4226 1418 4274 matrem

304 4305 385 4345 anno
406 4291 541 4346 debiturn
561 4297 690 4346 naturae
711 4292 862 4361 persolvit,
882 4307 951 4346 raso
972 4292 1081 4361 capillo
1095 4296 1125 4346 et
1137 4291 1244 4346 habitu
1258 4292 1418 4347 monastico

260 4361 293 4414 13
304 4367 433 4432 sumpto,
462 4378 531 4417 cum
551 4365 633 4419 vitae
652 4363 741 4418 finem
761 4364 818 4418 sibi
838 4364 951 4419 instare
975 4363 1101 4431 videret,
1129 4363 1231 4418 multis
1254 4364 1356 4419 liberis
1380 4377 1419 4416 re

305 4432 390 4500 lictis,
410 4435 529 4503 quibus,
552 4450 620 4489 curn
640 4435 729 4490 etiarn
750 4441 846 4490 mater
865 4450 927 4489 non
945 4436 1099 4504 integrum
1118 4449 1232 4489 annum
1251 4437 1358 4490 marito
1376 4447 1420 4487 su·

306 4510 422 4576 perstes
442 4513 562 4562 terrena
582 4507 759 4578 reliquisset,
784 4523 839 4562 rex
859 4508 1015 4578 susceptis,
1040 4506 1286 4562 adulescentibus
1304 4519 1418 4570 uxores,
