3050 4775
374 351 558 423 lVLiANVS
576 353 785 423 Aposu's'lll
804 351 1040 424 IMPERATOR.
1233 353 1268 421 63

147 547 202 611 καὶ
218 547 393 611 ἀποκλαίου
410 572 468 610 σου
483 553 547 611 τάιν
563 548 718 631 δγιμάτων
732 550 788 632 τήν
803 550 975 632 πήρωσιν”
993 548 1044 632 (ἦν
1061 548 1120 631 γὰρ
1136 549 1269 631 πάσχων

148 652 263 732 ταύτην
278 651 313 723 ἐξ
328 650 525 732 ἒπιχθσεως).
571 652 589 714 ὁ
614 652 648 715 δὲ
671 653 868 735 “ειἰχαριστῶ
891 661 937 734 τῷ
960 653 1081 734 σωτῆρί
1099 675 1164 734 μου
1188 649 1356 732 Χρι-290

149 754 242 833 στῷ”
264 754 497 836 ἀντεπήνεγκεν,
520 754 588 815 “ὁ’τι
611 778 676 835 μου
699 756 964 838 προεμηθείισατο
979 755 1024 837 μή
1042 755 1116 817 ι’δεῖν
1132 753 1167 816 τδ
1183 755 1269 816 ἀναι-

150 857 204 925 δές
226 879 284 919 σου
306 855 361 918 καὶ
383 857 587 937 ἀσεβέστατον
608 857 818 938 πρόσωπον.”

124 968 141 1021 5
244 958 330 1021 Κατὰ
354 957 493 1040 Περσῶν
521 958 556 1020 δὲ
583 959 639 1040 τήν
671 959 814 1040 στρατιὰν
846 961 975 1042 κινήσας
1007 959 1196 1042 κατήντησεν
1227 959 1315 1028 εἰς30

153 1061 277 1142 Ταρσὸν
298 1068 353 1143 τής
378 1060 516 1130 Κιλικίας
537 1061 628 1124 πόλιν
651 1062 800 1145 ἐπιφανῆ·
829 1063 907 1125 ἔνθα
932 1063 1091 1144 γενομένῳ
1111 1061 1270 1144 Ἀρτέμιος
1280 1065 1312 1118 31

149 1165 331 1246 προσῆλθεν
353 1164 372 1226 6
394 1169 450 1227 τοῦ
469 1163 657 1246 Ἀσκληπιοῦ
681 1165 781 1246 ῑερειίς
801 1200 834 1208 -
856 1164 894 1246 ήν
911 1163 970 1246 γὰρ
987 1166 1020 1228 ἐν
1036 1165 1146 1244 Αἰγαῖς
1171 1163 1272 1245 (πόλις

152 1267 187 1330 δὲ
214 1267 268 1330 καὶ
295 1263 385 1330 αὗται
412 1273 467 1348 τῆς
495 1265 648 1347 Κιλικίας)
684 1267 865 1348 περίφημου
893 1267 1081 1349 Ἀσκληπιοῦ
1116 1266 1201 1348 ἱερόν
1231 1300 1267 1310 -

150 1370 205 1432 καὶ
227 1370 339 1451 ᾔτησεν
361 1368 457 1432 αι’πδν
479 1368 551 1438 τοὺς
573 1367 692 1450 κίονας,
716 1371 774 1440 οὓς
796 1371 903 1451 ἔτυχεν
925 1369 1120 1452 ἀφελόμενος
1144 1370 1179 1432 ἐκ
1198 1368 1270 1431 τού-

108 1483 141 1534 10
151 1495 208 1534 του
230 1478 286 1535 τοῦ
309 1473 395 1552 ἱεροῦ
418 1471 437 1534 δ
460 1471 621 1553 ἀρχιερεὺς
644 1478 699 1536 τοῦ
722 1471 801 1536 λαοῦ
825 1477 889 1536 τῶν
912 1476 1098 1555 χριστιανῶν
1116 1471 1170 1534 καὶ
1187 1471 1270 1534 ἐποι-

150 1575 338 1656 κοδομήσας
360 1575 465 1643 αὐτοῖς
488 1575 602 1638 οἰκεῖον
624 1574 712 1655 ναόν,
736 1575 988 1658 ἀποκαταστῆναι
1009 1573 1103 1644 αὖθις
1125 1581 1172 1654 τῷ
1195 1574 1272 1656 ίερῷ

150 1683 207 1740 τοῦ
237 1677 436 1758 Ἀσκληπιοῦ.
496 1677 549 1739 καὶ
583 1677 601 1740 ὁ
635 1678 822 1760 παραβάτης
856 1677 967 1741 αὐτίκα
1002 1681 1093 1740 τοῦτο
1128 1676 1272 1757 γενέσθαι
1281 1679 1317 1736 32

150 1780 323 1862 προσέταξε
346 1779 499 1850 δαπάναις
521 1785 576 1842 τοῦ
600 1779 783 1843 ἐπισκόπου.
829 1779 920 1862 μόλις
943 1777 1000 1842 οὖν
1016 1777 1204 1861 οῖἚλληνες
1219 1778 1358 1842 natatu

151 1883 262 1952 πόνοις
282 1882 408 1952 πολλοῖς
430 1881 485 1945 καὶ
506 1883 691 1964 ἀναλώμασι
712 1882 864 1952 πλείστοις
886 1883 940 1946 ἕνα
964 1887 1028 1944 τῶν
1050 1881 1169 1944 κιόνων
1189 1881 1271 1944 καθ-

109 2000 143 2052 15
152 1985 273 2054 ελόντες
294 1984 349 2047 καὶ
369 1986 463 2066 μέχρι
483 1991 538 2067 τῆς
560 1984 653 2068 φλιᾶς
674 1991 729 2067 τής
751 1985 852 2068 πύλης
875 1991 928 2068 τῆς
952 1982 1118 2065 ἐκκλησίας
1139 1983 1195 2047 σὺν
1210 2009 1272 2067 μη-

152 2089 330 2171 χανήμασιν
353 2087 531 2168 ἀγαγόντες,
554 2087 609 2150 καὶ
631 2088 739 2170 χρόνῳ
762 2096 871 2170 συχνῷ
885 2087 1060 2170 περαιτέρω
1075 2093 1274 2169 προενεγκεῖν

150 2192 272 2253 ἐκεῖνον
294 2191 355 2254 οὐκ
378 2188 600 2273 ἠδυνήθησαν·
625 2190 679 2253 καὶ
702 2190 921 2261 καταλιπόντες
944 2189 1039 2254 αὐτόν
1058 2189 1273 2273 ἀνεχώρησαν.

150 2299 208 2356 τοῦ
236 2293 271 2356 δὲ
293 2291 466 2355 Ἰουλιανοῦ
494 2291 649 2362 θανόντος
677 2291 772 2364 αὖθις
804 2292 899 2356 αὐτὸν
928 2292 947 2356 6
975 2291 1147 2364 ἐπίσκοπος
1179 2294 1319 2377 ἀνορ-34

149 2397 266 2466 θώσας
289 2396 388 2478 ῥᾷστα
412 2396 456 2466 εἰς
477 2394 532 2459 τδν
553 2395 651 2460 τόπον
673 2396 727 2459 τόν
749 2397 863 2460 ἐαυτοῦ
888 2396 1073 2481 ἐπανήγαγε.

153 2574 167 2626 l
188 2573 336 2641 σημείωοαι
355 2570 408 2625 ΑΕ

209 2752 222 2806 l
242 2760 291 2807 σοῦ
310 2749 429 2821 prDt'
477 2751 532 2806 3.l
551 2772 600 2805 σοι·
620 2751 648 2805 τό
666 2752 806 2819 πρόςωπον
825 2750 853 2805 τὸ
871 2750 1054 2805 ἀναιδέστατον
1073 2750 1118 2805 καί
1136 2750 1274 2821 ἀσεβέστα-

208 2846 252 2878 τον
272 2824 303 2893 Β,
322 2831 371 2878 σοῦ
386 2824 416 2877 τδ
428 2825 610 2878 ἀναιδέστατον
623 2822 668 2877 καὶ
681 2824 852 2892 ἀσεβέστατον
864 2826 1005 2892 πρόςωπον
1024 2822 1057 2891 R,
1077 2844 1125 2877 σου
1146 2826 1205 2885 (σοῦ
1216 2828 1274 2893 wp)

208 2896 238 2950 τδ
256 2897 429 2964 ἀσεβέστατον
446 2895 492 2949 καί
512 2895 696 2949 ἀναιδέστατον
713 2896 856 2962 πρόςωπον
875 2893 951 2965 pr
1036 2895 1053 2949 5
1070 2897 1191 2963 στρατίαν
1210 2894 1274 2962 (sic)

208 2968 261 3021 ΑΕ
332 2966 467 3035 6θαρσδν
486 2966 509 3020 Ε
591 2966 711 3025 ’λπόλεις
730 2964 754 3018 Β
831 2967 1017 3035 8περίιγηγιος
1039 2965 1116 3036 pr
1136 2966 1276 3030 (relatum

208 3040 249 3093 ad
266 3039 352 3107 πόλις)
424 3038 442 3091 9
459 3036 557 3107 ἔτυχεν]
576 3038 670 3105 έλαχεν
685 3036 721 3104 D,
742 3053 818 3091 corr.
831 3036 881 3095 Dw
955 3038 987 3092 ll
1007 3039 1079 3091 οίκεῖ
1093 3037 1156 3091 ναόν
1174 3036 1208 3104 A,
1225 3038 1230 3104 Ι
1247 3058 1276 3090 ον

208 3110 271 3165 ναὸν
291 3111 402 3164 omisso
420 3109 529 3164 σίκεῖΟ
610 3110 821 3177 ἀποκαταστῆσαι
842 3106 1001 3179 B⁵prl>i
1081 3108 1115 3163 15
1134 3110 1219 3178 ιγλυᾶς
1240 3107 1276 3175 D,

209 3198 287 3237 corr.
307 3180 358 3239 ὓ»,
433 3182 466 3236 16
486 3182 655 3250 ἀναγαγόντες
674 3180 698 3233 Ε
771 3189 862 3249 συχνῷ
883 3180 918 3247 Α,
937 3180 1028 3249 πολλῷ
1048 3180 1121 3251 pr
1197 3201 1276 3249 προς-

209 3262 325 3322 εντγκεῖν
346 3253 370 3307 Ε
443 3253 476 3306 lt
494 3253 597 3306 ἐκεῖνον
616 3268 673 3306 om.
693 3251 716 3304 B
792 3252 825 3305 18
844 3253 859 3305 6
878 3268 934 3306 om.
955 3252 978 3305 li

153 3448 268 3504 scopus
281 3433 442 3487 laborabat
455 3432 654 3501 lippitudine).
692 3430 770 3485 Tum
787 3431 836 3487 ille
852 3430 1000 3502 “Magnas
1013 3446 1073 3501 age
1088 3432 1203 3500 gratias
1217 3445 1276 3485 ser·
1286 3426 1321 3481 29

153 3507 257 3561 vatori
276 3520 343 3559 meo
360 3504 499 3559 Citristo”
518 3506 561 3558 ait
576 3504 684 3573 “quod
704 3505 746 3557 ita
764 3503 837 3557 mibi
854 3503 1012 3571 consuluit,
1032 3508 1141 3556 utnon
1156 3502 1276 3555 videam

155 3594 192 3633 os
210 3584 297 3632 tuum
316 3576 477 3647 impudens
495 3581 525 3630 et
544 3576 783 3646 inipiissimum‘'.

247 3648 359 3704 Contra
370 3648 478 3702 Persas
488 3649 625 3702 exercitu
638 3654 719 3701 moto
733 3648 817 3701 venit
831 3647 967 3711 Tarsum,
987 3646 1016 3698 in
1033 3644 1154 3700 Ciliciae
1170 3644 1276 3699 urbem
1286 3642 1322 3695 30

154 3720 316 3788 illustrem,
345 3734 435 3789 quem
458 3720 500 3773 ibi
526 3723 698 3773 versantem
717 3718 870 3773 Artemius
895 3718 968 3771 adiit
987 3716 1160 3785 Aesculapii
1180 3713 1319 3770 sacer-31

155 3794 213 3846 des
233 3822 266 3831 -
286 3799 351 3845 eret
370 3793 449 3845 enim
463 3790 566 3860 Aegis,
585 3791 616 3843 iu
634 3789 757 3844 Ciliciae
776 3790 910 3845 eiusdem
930 3790 1015 3854 urbe,
1035 3788 1155 3842 celebre
1166 3786 1277 3841 Aescu·

155 3866 230 3933 lapii
251 3864 395 3933 templum
414 3892 447 3901 -
467 3877 599 3931 eumque
618 3863 749 3931 rogavit,
771 3867 806 3914 ut
825 3861 992 3925 columnae,
1016 3874 1092 3929 ques
1112 3859 1278 3913 abstulerat

157 3938 217 3989 boc
241 3950 280 3989 ex
304 3950 391 3988 sacro
415 3935 540 3988 antistes
563 3933 764 3987 multitudinis
783 3932 1020 3987 Christianorum
1044 3932 1141 3999 iisque
1166 3931 1278 3983 inaedi-

158 4008 307 4061 iicaverat
326 4021 414 4060 suum
432 4006 585 4075 templum,
604 4007 836 4059 restituerentur
855 4017 960 4057 rursus
973 4003 1085 4071 temple
1096 4002 1277 4069 Aesculapii.

159 4078 263 4147 Atque
282 4082 422 4147 apostata
440 4076 519 4130 illico
538 4076 570 4129 id
589 4077 653 4128 lieri
677 4078 763 4131 iussit
787 4074 957 4143 sumpt-ibus
981 4074 1123 4143 episcopi.
1160 4070 1330 4140 Pagani3‘2.
1351 4070 1385 4121 33

159 4151 264 4219 igitur,
293 4164 362 4203 cum
382 4149 435 4201 vix
453 4153 485 4202 et
503 4147 658 4201 laboribus
676 4147 776 4200 multis
803 4153 832 4200 et
855 4146 998 4214 impensis
1023 4144 1162 4197 maximis
1186 4158 1278 4196 unam

160 4222 333 4275 columnam
354 4218 520 4272 detractam
539 4218 695 4287 usquead
715 4224 830 4287 postem
851 4222 958 4287 portae
978 4217 1123 4270 eeclesiae
1138 4230 1205 4267 cuin
1219 4228 1278 4267 ma·

160 4293 258 4347 ebiuis
277 4291 445 4359 (luxissent,
464 4304 503 4345 ne
523 4290 615 4359 longo
635 4290 755 4359 quidem
776 4295 911 4359 tempore
929 4288 1008 4341 illam
1022 4288 1149 4341 ulterius
1163 4300 1280 4355 promo-

161 4382 235 4421 τετο
254 4368 434 4439 potueruut,
452 4363 555 4435 itaque
575 4375 613 4417 ea
628 4361 733 4417 relicta
746 4365 946 4417 recesserunt.
984 4358 1102 4415 Iuliano
1116 4371 1190 4417 sero
1203 4370 1278 4415 mer·
1289 4354 1324 4411 ³4
