3050 4775
248 430 302 494 tis
551 429 688 492 teitus.
707 429 807 493 seit.
825 429 909 492 xvtt
927 436 953 505 6,
972 429 1069 493 5-19.

215 617 368 694 Οθέντος,
400 620 436 690 ὃς
458 617 731 702 Σφενάοσθλάβος
758 618 813 682 καλ
834 617 985 702 Ἰωάννης
1014 619 1186 701 ἀιωνάμως
1212 617 1368 702 ἐκέκλητο.

221 721 301 786 6καὶ
324 721 343 804 ἡ
367 727 421 804 τῆς
444 721 643 804 Βουλγαρίας
665 721 747 804 ἀρχὴ
772 722 816 791 είς
836 720 938 803 μόνον
960 723 1101 804 περιέστη
1127 721 1182 784 τὸν
1203 721 1368 804 Σαμουήλ,

222 825 285 895 tic
307 828 371 887 τῶν
382 823 572 906 Ῥωμαϊκῶν
590 823 831 904 στρατευμάτων
853 830 917 894 τοῖς
939 823 1101 906 ἐμφυλίοις
1123 825 1369 907 ἀσχολουμένων

248 925 355 990 ἀάειαν
376 925 524 1009 εὑρηκὼς
545 926 582 990 τὰ
605 932 660 1008 τῆς
671 924 851 1010 Ῥωμαϊκῆς
866 927 1034 1008 ἡγεμονίας
1054 927 1181 1008 ἑσπέρια
1204 927 1406 1010 ξύμπανταΙ)
1421 929 1462 984 IV
1477 931 1522 983 lll

248 1027 374 1112 περιῄει,
407 1029 446 1092 οὐ
473 1027 657 1111 ληιζόμενος
685 1027 798 1111 μόνον,
831 1027 909 1092 ἀλλά
936 1029 990 1091 καί
1015 1028 1070 1098 τὰς
1092 1029 1203 1111 χώρας
1224 1029 1291 1111 ἀμα
1315 1028 1396 1092 καὶὸ

222 1130 303 1202 8τὰς
324 1130 428 1202 πόλεις
449 1130 711 1214 περιποιούμενος
734 1131 848 1213 ἑαυτῷ.
896 1130 961 1195 ἐπεὶ
984 1131 1028 1212 δέ,
1056 1132 1103 1202 ὡς
1125 1132 1291 1215 ἱστόρηται,
1313 1130 1369 1213 τὴν

248 1239 303 1298 τοῦ
331 1232 482 1317 Σκληροῦ
514 1232 681 1316 τυραννίδα
714 1233 732 1295 ὁ
764 1233 909 1316 βασιλεὺς
940 1233 1133 1314 ἀπεσείσατο,
1165 1235 1256 1316 ὤργα
1287 1232 1369 1316 πρὸς

248 1335 372 1418 ἀμυναν
389 1341 444 1398 τοῦ
459 1336 628 1418 βαρβάρου
643 1335 697 1399 καὶ
721 1331 760 1400 δι’
785 1335 899 1399 ἑαυτοῦ
922 1335 1030 1410 ἔδοξεν
1052 1337 1139 1417 αὐτῷ
1161 1335 1218 1418 τὴν
1237 1337 1367 1419 ἐκστρα-

222 1438 330 1502 9τείαν
355 1437 558 1522 ποιήσασθαι.
604 1440 712 1512 ἔξεισιν
740 1437 799 1502 οὖν
824 1440 904 1522 μήτε
931 1445 978 1520 τῴ
998 1439 1162 1521 μαγίστρῳ
1184 1438 1300 1521 Βάράα
1321 1447 1368 1521 τῷ

252 1541 364 1624 Φωκᾷ,
390 1541 490 1604 καίτοι
513 1540 689 1623 ἀομεστίκῳ
713 1541 778 1604 ὄντι
799 1545 864 1604 τῶν
887 1539 1012 1624 σχολῶν
1033 1547 1088 1623 τῆς
1110 1540 1270 1624 ἀνατολῆς,
1297 1541 1368 1622 περὶ
1379 1551 1413 1604 10

247 1650 302 1727 τῆς
329 1643 476 1727 πράξεως
501 1645 739 1728 κοινωσάμενος
763 1645 843 1727 μήτε
864 1643 930 1727 μὴν
957 1643 1054 1726 ἑτέρῳ
1085 1649 1150 1706 τῶν
1180 1648 1244 1706 τῶν
1275 1643 1369 1726 ἑῴων

157 1755 184 1810 D
205 1757 240 1812 10
248 1746 527 1830 στραταρχούντων
551 1746 727 1829 δυνάμεων.
773 1746 835 1830 ἤδη
852 1745 887 1810 ἀὲ
901 1744 982 1828 πρὸς
997 1744 1034 1808 τά
1050 1744 1248 1828 Βουλγάρων
1263 1746 1368 1809 εἰσιὼν

247 1849 302 1914 τὸν
323 1848 494 1932 μάγιστρον
516 1847 638 1913 Λέοντα
660 1845 715 1912 τὸν
735 1846 935 1930 Μελισσηνόν
957 1847 1087 1912 κατόπιν
1109 1848 1269 1912 ἐκέλευσεν
1291 1846 1367 1912 εἶναι

205 1963 238 2016 11
248 1953 301 2016 καὶ
323 1951 378 2023 τὰς
402 1952 582 2034 ἀυσχωρίας
603 1957 721 2034 τηρεῖν·
745 1949 840 2021 αὐτὸς
864 1946 893 2014 ἀ’
913 1949 1066 2014 εἰσελθὼν
1079 1957 1117 2033 τῇ
1131 1950 1298 2032 πολιορκίᾳ
1313 1957 1368 2034 τῆς

247 2054 411 2138 Σοράικῆς
444 2052 534 2136 (αὕτη
564 2049 593 2118 ἀ’
622 2053 701 2118 ἐστὶν
729 2054 747 2136 ἡ
778 2051 953 2134 Τριάάιτζα)
987 2054 1148 2135 ἐπιχειρεῖν
1175 2054 1366 2135 ἡτοιμάζετο.
1379 2064 1414 2118 15

206 2167 239 2221 12
248 2161 313 2221 τῶν
345 2155 480 2222 ἀυιικῶν
512 2156 547 2220 ἀὲ
578 2157 746 2238 ταγμάτων
773 2155 958 2238 ἀομέστικος
985 2157 1034 2219 ὢν
1061 2155 1080 2218 ὁ
1107 2157 1368 2239 Κοντοστίφανος

247 2260 413 2344 Στέφανος
440 2258 495 2323 καί
522 2258 725 2342 λογισάμενος
748 2258 795 2329 ὡς
817 2259 846 2321 εἰ
865 2258 1050 2342 εὖτυχιγθείιγ
1073 2257 1111 2320 τὰ
1133 2263 1188 2341 τῆς
1210 2259 1368 2340 στρατείας

246 2371 294 2449 τῷ
320 2361 446 2449 βασιλεῖ,
480 2362 540 2425 οὐκ
568 2361 607 2425 ἀν
633 2383 708 2425 ποτε
736 2361 891 2425 παύσαιτο
915 2356 953 2425 δι’
978 2361 1091 2424 ἑαυτοῦ
1113 2359 1186 2432 τοὺς
1208 2359 1368 2445 πολέμους

248 2575 265 2629 6
284 2576 322 2627 ὅτι
339 2574 355 2625 ά
371 2568 493 2641 βασιλεὺς
511 2568 692 2638 ἐξεστράτευσε
710 2568 779 2623 κατά
796 2570 961 2638 Βουλγάρων
979 2569 1025 2623 καί
1043 2568 1090 2639 τὴν
1106 2570 1260 2637 Τριάάιτζαν
1276 2570 1367 2637 ἔμελλε

247 2647 397 2712 πολιορκεῖν
417 2640 471 2703 ΟΕ,
554 2642 587 2695 16
605 2642 678 2700 ὅπως
696 2642 712 2694 ά
731 2642 943 2711 Κοντοστέφανος
960 2641 1045 2710 ἀπάτῃ
1064 2642 1180 2710 μετῆλθε
1198 2641 1367 2711 τὸνβασιλέα

249 2715 297 2773 ci}
315 2715 361 2769 καὶ
378 2712 502 2767 πέπεικεν
520 2712 657 2775 ἀναζεῦξαι
678 2711 700 2767 C

302 2907 316 2961 1
339 2905 555 2975 σφενάόοτλλαβος
575 2904 656 2973 Ewp,
677 2920 704 2957 v.
724 2904 763 2959 ad
784 2904 868 2958 XVII
886 2905 912 2971 2,
930 2904 965 2959 34
1054 2906 1073 2959 3
1092 2910 1161 2974 post
1177 2905 1275 2974 ίμφυλ.
1296 2905 1366 2959 add.

301 2978 423 3046 πολέμοις
442 2975 516 3046 pr
615 2976 632 3030 6
651 2976 793 3044 λ’στοριγται]
813 2975 896 3029 XVII
915 2976 940 3041 ί),
960 2976 1025 3030 788.
1118 2977 1152 3029 10
1169 2977 1320 3045 τυγχάνοντι
1341 2976 1365 3031 Ο

303 3051 335 3104 11
356 3056 409 3101 τῶν
427 3054 480 3101 τῶν
499 3045 550 3101 ΑΟ
571 3050 611 3110 (v,
631 3046 670 3101 ad
690 3046 758 3100 XIV
781 3048 821 3113 lt,
842 3049 878 3110 9),
897 3054 950 3099 τῶν
970 3045 1085 3117 Ewth'
1169 3048 1201 3102 14
1219 3048 1251 3101 ἀὲ
1267 3046 1295 3101 Ι)

303 3120 337 3175 15
359 3120 496 3188 Τριαάίτζα
515 3115 558 3171 Dt'
673 3118 706 3172 16
725 3119 932 3186 κοντοστὲφανος
950 3116 1076 3188 prDi,
1095 3120 1313 3188 κωντοστίφιινος
1330 3119 1366 3187 A,

302 3191 356 3247 sed
374 3193 455 3245 inire
473 3197 555 3244 recte
638 3189 669 3243 17
689 3192 816 3258 στέφανος
835 3190 975 3259 om.Bwp
1055 3191 1102 3245 καὶ
1121 3190 1216 3245 om.B
1287 3191 1366 3245 εὐθυ-

301 3263 400 3333 ιιθείσ
420 3262 456 3332 ν*

248 3442 318 3509 ficit,
346 3441 411 3495 sive
430 3438 513 3509 quod
532 3453 679 3494 summam
704 3454 807 3494 rernm
830 3440 888 3493 sibi
911 3439 967 3494 seli
985 3438 1170 3509 vindicabat,
1198 3440 1265 3497 sive
1284 3440 1367 3510 quod

221 3509 391 3567 iiRomnnis
408 3510 532 3564 studere
551 3510 725 3579 videbatur3
745 3527 815 3565 mun
834 3516 998 3580 utrumque
1017 3512 1122 3566 fertur.
1159 3510 1188 3566 Is
1206 3513 1301 3582 igitur
1316 3511 1366 3568 Sa-

222 3582 329 3638 7musl
343 3582 545 3651 Buigarorum
566 3582 767 3651 principatum
787 3583 870 3636 solus
889 3583 1027 3651 adeptus,
1046 3582 1118 3637 dum
1131 3582 1259 3638 Romani
1274 3584 1366 3638 rebus

250 3654 389 3709 civilibus
403 3654 592 3721 distinentur,
607 3654 809 3708 occidentales
823 3669 928 3708 eorum
942 3656 1115 3724 provincias
1129 3670 1233 3709 omnes
1243 3656 1367 3724 impune

250 3726 386 3781 circumit
404 3740 462 3779 nec
481 3740 520 3794 ρο
543 3725 644 3779 ulatur
668 3730 793 3791 tantum,
821 3725 875 3779 scd
898 3733 928 3779 et
951 3727 1093 3795 regiones
1117 3726 1270 3795 urbesque
1292 3742 1367 3781 sune

222 3796 370 3851 8diticnis
394 3796 475 3850 iacit.
512 3741 579 3859 (Iun
602 3796 641 3851 de
664 3812 758 3851 causa
782 3812 845 3861 rex,
874 3796 1002 3865 depuisa
1021 3795 1114 3852 Scleri
1134 3797 1304 3866 tyrannide,
1332 3804 1367 3852 ut

249 3883 342 3938 supra
355 3866 522 3935 docuimus,
541 3867 706 3922 ulciscendi
725 3868 847 3921 barbari
861 3868 1027 3936 cupiditate
1041 3868 1175 3936 flagrans
1191 3868 1254 3922 suis
1268 3871 1367 3938 euspi-

222 3937 303 3994 Sciis
313 3938 423 3993 bellum
438 3938 465 3993 ei
479 3940 591 3993 inferre
604 3940 716 3993 statuit.
753 3938 917 4007 Egreditur
936 3940 1038 4008 igitur,
1058 3941 1184 3994 consilio
1197 3954 1253 3995 suo
1266 3955 1366 4009 neque

250 4025 319 4065 cum
343 4012 489 4079 magistro
514 4010 616 4064 Bsrds
642 4010 751 4077 Phene,
780 4011 971 4064 orientalium
997 4010 1168 4065 scholarum
1192 4012 1366 4077 domestico,

206 4081 349 4151 tonoque
374 4097 442 4137 cum
467 4081 528 4135 ulio
552 4082 611 4137 elio
636 4082 747 4135 ducum
773 4082 965 4135 orientalium
989 4083 1219 4137 communicato.
1256 4082 1366 4152 Bulgn·

250 4168 352 4207 rorum
372 4154 447 4207 iines
470 4154 529 4207 inm
548 4154 713 4223 ingressus,
733 4154 879 4221 magistro
898 4150 1001 4207 Leone
1014 4152 1173 4208 Melisseno
1188 4170 1267 4224 pone
1279 4155 1366 4222 sequi

207 4224 331 4279 iliussc
355 4224 396 4278 ud
425 4225 560 4279 locorum
585 4224 743 4294 augustias
768 4223 921 4289 tutandas,
950 4225 1016 4293 ipse
1040 4223 1205 4292 Serdicam,
1233 4240 1313 4294 quae
1336 4233 1367 4279 et

207 4294 403 4351 12Trisditzn
423 4296 542 4363 dicitur,
562 4295 701 4351 obsidere
719 4296 857 4349 instituit.
894 4294 1006 4350 Verum
1025 4296 1257 4351 occidentalium
1274 4296 1366 4366 legio·

249 4382 321 4421 num
336 4366 519 4422 domesticus
530 4364 793 4436 Centcstepimnus
804 4365 977 4436 Stephanus
990 4370 1129 4437 cogitans
1142 4384 1175 4423 re
1190 4368 1266 4422 benc
1277 4374 1366 4437 gesta

249 4454 353 4511 regem
374 4454 531 4510 uunquam
550 4453 610 4492 non
630 4444 738 4509 suopte
757 4438 853 4493 ductu
872 4446 963 4509 atquc
982 4440 1126 4509 auspiciis
1145 4440 1222 4494 bella
1241 4438 1365 4495 admini-
