3050 4775
421 448 572 513 ROMANI
591 451 643 511 AB
662 448 861 515 nonnanis
880 451 995 515 VIO'I’I.
1211 454 1264 517 577

146 662 224 711 τινες
250 640 420 724 ἅνθρωποι
445 640 500 703 καλ
525 640 684 723 τολμητίαι
710 640 844 724 κέλητες,
878 641 928 725 ἐφ’
952 642 1058 705 ἳππων
1081 642 1265 707 ὠκυπόδων

148 744 260 826 γυμνολ
282 744 481 826 ἑκατέρωθεν
504 742 625 825 έλόχων
647 748 702 806 τού
725 745 868 827 χάρακος
890 744 944 807 καί
966 743 1038 815 τοὺς
1054 745 1097 816 είς
1112 744 1265 827 συλλογὴν

147 845 294 917 ἀπιόντας
321 846 410 928 χιλού
438 844 554 915 ύόατός
579 869 611 908 τε
639 844 768 928 ἀρόείαν
795 846 982 930 ἐνθορόντες
1005 846 1145 931 ἀνῄρουν
1168 850 1187 930 ἢ
1211 848 1265 911 καί

147 950 359 1032 συνήρπαζον,
394 948 441 1019 ὡς
472 948 545 1018 τούς
577 971 608 1010 τε
640 949 829 1030 στρατιώτας
860 949 913 1013 καλ
945 948 1001 1032 τὴν
1032 951 1127 1013 ἵππον
1159 950 1265 1013 αὐτῶν

121 1052 347 1135 ἀάπειρηκέναι
378 1058 425 1133 τῷ
457 1050 548 1132 όίφει.
593 1049 656 1113 εἶτα
685 1051 907 1134 συνηθέστεροι
935 1053 1095 1134 γεγονότες
1119 1059 1185 1124 ταῖς
1211 1053 1263 1116 ἒκ-
1276 1058 1309 1113 19
1339 1096 1342 1101 -

149 1154 282 1236 όρομαῖς
303 1153 385 1236 πρὸς
406 1152 479 1223 τοὺς
493 1152 670 1235 Ῥωμαίους
693 1154 724 1217 σί
738 1154 874 1236 Ἄραβες
896 1155 950 1218 καί
973 1155 1039 1219 οἷον
1061 1156 1266 1237 καταγνόντες

149 1256 262 1319 όετλίαν
288 1257 404 1336 αὐτῶν,
437 1256 560 1337 ἀθρόον
588 1255 652 1319 ἀπό
679 1260 744 1318 τῶν
771 1257 943 1339 μετεώρων
971 1256 1191 1341 ἕξωρμηκότες
1211 1257 1266 1321 καὶ

147 1358 345 1441 βαρβαρικὸν
367 1357 574 1431 ἀλαλάξαντες
596 1358 650 1421 καλ
664 1359 810 1439 πλήθους
825 1359 998 1441 φαντασίαν
1013 1360 1265 1443 ἀπεργασάμενοι

147 1468 194 1542 τῷ
215 1461 261 1544 μὴ
284 1460 500 1541 συνασπισμὸν
520 1466 634 1543 τηρεῖν,
667 1459 744 1523 ἀλλά
775 1460 1010 1544 διεσπασμένως
1037 1463 1190 1545 ἐκτρέχειν
1212 1462 1298 1525 καλΒ

0 1581 6 1620 l
28 1574 72 1629 lV
87 1574 138 1627 131
148 1563 264 1627 ἐπιέναι
286 1564 487 1633 ἀσυντάκτως
509 1571 556 1645 τῴ
579 1564 704 1646 χάρακι,
737 1563 972 1645 έκόειματοῦσιν
998 1566 1083 1628 ἅπαν
1109 1565 1144 1629 τὸ
1171 1589 1263 1648 στρα-

147 1664 290 1729 τιωτικὸν
311 1666 365 1728 καί
387 1666 430 1736 είς
452 1665 558 1748 φυγὴν
579 1667 733 1749 τρέπουσι.
779 1666 832 1729 καί
847 1668 908 1730 κᾶν
923 1667 1007 1731 ἑάλω
1023 1668 1042 1730 ὁ
1057 1670 1310 1753 αὐτοκράτωρ20

148 1767 252 1849 αὐτός,
285 1776 339 1851 τῆς
365 1768 436 1851 περὶ
460 1768 555 1832 αὐτὸν
577 1769 825 1853 ἐκταραχθείσης
847 1775 993 1852 φρουρᾶς
1015 1770 1069 1833 καλ
1091 1771 1265 1843 λελοιπυίας

148 1871 351 1954 ἀφρούρητον
372 1870 427 1934 τόν
449 1871 701 1953 φρουρούμενον,
726 1873 755 1934 εί
773 1873 819 1954 μή
842 1896 886 1942 τις
909 1872 1005 1935 αὐτὸν
1027 1873 1077 1936 ἐπὶ
1099 1874 1152 1938 τὸν
1171 1876 1265 1939 ἵππον

147 1974 279 2057 ἀνέλαβε
301 1974 354 2036 καί
376 1974 503 2055 φεύγειν
525 1974 705 2055 ἐπέρρωσεν
727 1975 960 2039 ἐκπεπνευκότα
982 1983 1029 2057 τῷ
1054 1976 1115 2040 όέει
1136 1982 1264 2059 μικροῦ.

105 2086 138 2139 15
148 2075 289 2159 ἀπῄεσαν
305 2074 364 2158 μέν
379 2074 437 2138 οὗν
452 2077 483 2138 ολ
497 2074 647 2155 Ῥωμαῖοι
661 2076 805 2147 ἀτάκτως
821 2078 867 2147 ὡς
883 2078 1013 2148 ἕκαστος
1028 2080 1116 2162 ἔτυχε
1131 2080 1264 2151 θέοντες.
1275 2088 1308 2141 21

148 2179 179 2241 σί
201 2178 236 2241 ἀὲ
258 2179 417 2261 βάρβαροι
437 2178 474 2241 τὸ
496 2178 678 2260 παράλογον
699 2186 754 2262 τῆς
772 2186 891 2262 τροπῆς
906 2180 1084 2263 τεθηπότες,
1107 2182 1186 2245 κατὰ
1202 2186 1266 2245 τῶν
1275 2191 1310 2244 22

146 2280 446 2362 ἀνιοόιόρασκόντων
461 2281 521 2344 οὐκ
541 2281 718 2363 ἐπεξέθεον,
742 2280 819 2344 ἀλλὰ
838 2281 918 2344 κατὰ
934 2288 989 2345 τοῦ
1004 2284 1147 2365 χάρακος
1162 2285 1264 2357 ἔθεον,

146 2384 269 2466 ὀλίγους
290 2390 355 2448 τῶν
378 2383 629 2467 έπεφανεστέρων
657 2384 885 2468 ζωγρήσαντες,
918 2386 972 2449 καὶ
1002 2386 1058 2469 τήν
1084 2410 1116 2450 τε
1144 2385 1264 2469 σκηνὴν

147 2485 336 2569 όιηρπάκαατ
358 2486 414 2569 τὴν
441 2486 608 2568 βασίλειον,
638 2487 754 2570 μεστὴν
778 2486 877 2552 οὖσαν
898 2488 1035 2552 πλούτου
1058 2487 1296 2553 παντοδαπαῦῦ

145 2724 163 2778 5
181 2725 219 2778 ὅτι
232 2724 340 2794 Ἄραβες
357 2723 458 2793 ἀθρόον
470 2732 508 2792 τῷ
520 2724 618 2793 χάρακι
630 2725 793 2795 ἐπελθόντες,
813 2726 956 2797 ἐτρέψαντο
969 2727 1027 2788 τοὺς
1043 2730 1199 2796 Ῥωμαίους,
1219 2728 1264 2782 καί

145 2798 162 2848 ἀ
178 2796 300 2866 βασιλεὺς
319 2797 399 2865 ἔφυγε
418 2795 466 2850 CE
484 2797 530 2851 καί
548 2797 577 2850 τὸ
595 2798 771 2864 στρατόπεόον
789 2800 921 2868 διηρπάγη
941 2798 963 2854 C

201 3020 215 3071 l
236 3017 384 3088 ἅνθρωποι]
403 3020 534 3090 βάρβαροι
548 3019 596 3076 ΒΟ
668 3022 850 3090 ὅγεγονόταις
869 3023 905 3092 ρ*
978 3024 995 3077 8
1013 3023 1219 3092 ὑπεργασάμενοι
1238 3022 1264 3076 D

202 3091 237 3144 10
253 3091 353 3145 ἀπιέναι
373 3091 421 3145 ΒΕ
515 3101 553 3161 τῷ
574 3109 630 3146 om.
651 3093 677 3145 D
775 3096 805 3146 11
827 3095 873 3148 καί
892 3095 923 3147 ἂν
942 3095 1012 3147 έάλω
1032 3095 1113 3164 Ewp,
1133 3096 1178 3147 καί
1196 3095 1265 3148 έάλω

200 3163 232 3215 ἀν
251 3161 278 3214 D
357 3168 427 3216 anie
445 3163 462 3216 ό
479 3163 549 3217 add.
569 3165 614 3217 καί
633 3163 752 3234 prDl'
833 3166 866 3218 14
884 3166 993 3235 ἀνέβαλε
1013 3164 1086 3232 CDi,
1105 3165 1266 3232 ἀναθέμενος

201 3233 287 3287 Psell.
306 3250 335 3303 p.
353 3235 425 3299 35,6
497 3235 613 3305 φεύγειν]
633 3236 767 3305 φέρεινΒ
841 3237 874 3290 15
892 3239 1001 3296 ἕκαστος
1021 3236 1111 3291 om.C
1184 3237 1218 3290 16
1237 3237 1267 3290 δὲ

202 3304 302 3359 om.E
374 3307 409 3359 18
426 3305 566 3376 ίπιφανῶν
584 3306 632 3362 BC

148 3531 234 3600 equis
252 3529 327 3584 nudi
345 3531 385 3584 ab
403 3536 536 3599 utraque
554 3531 626 3586 valli
641 3536 727 3603 parte
740 3532 894 3588 collocatis
913 3533 1037 3598 insidiis,
1057 3534 1082 3586 si
1103 3533 1154 3602 qni
1173 3534 1266 3602 pabu-

147 3603 240 3656 latum
266 3608 320 3656 snt
345 3608 490 3671 aquatum
515 3603 661 3670 exierant,
690 3618 743 3658 eos
771 3605 885 3673 impetn
911 3605 991 3658 lacto
1021 3603 1190 3659 caedebant
1214 3609 1267 3658 aut

148 3675 317 3743 capiebant,
337 3675 380 3727 ita
397 3681 432 3727 ut
445 3679 475 3728 et
488 3674 596 3728 milites
615 3680 646 3728 et
665 3677 735 3744 equi
754 3677 803 3730 siti
823 3675 995 3730 delicerent.
1032 3675 1151 3729 Deinde
1169 3677 1267 3729 incur·
1279 3675 1311 3728 19

148 3746 284 3800 sionibus
306 3745 363 3798 illis
386 3746 484 3814 inagis
507 3746 671 3800 assuefacti
696 3753 726 3801 et
745 3745 897 3801 Romanos
919 3748 1064 3817 ignaviae
1088 3747 1267 3801 damnantes

148 3817 247 3872 subito
269 3832 307 3870 ex
326 3817 479 3870 arentibus
498 3816 661 3872 decurrere
680 3825 711 3872 et
731 3818 850 3872 sublato
872 3818 1032 3872 barbarico
1045 3819 1184 3883 clamore,
1203 3833 1268 3887 spe·

149 3890 225 3943 ciem
243 3887 442 3941 multitudinis
462 3888 652 3957 praebentes,
672 3890 753 3957 quod
773 3905 835 3943 non
854 3888 982 3944 densata
998 3890 1072 3956 acie,
1091 3889 1145 3942 sed
1165 3889 1268 3942 laxata

149 3960 354 4014 excurrebant
373 3959 518 4028 nulloque
543 3958 650 4014 ordine
675 3961 788 4014 vallum
815 3960 1010 4028 invadebant,
1039 3975 1158 4016 omnem
1183 3975 1268 4014 exer·

150 4032 240 4085 citum
260 4031 397 4084 territum
417 4031 447 4083 in
466 4032 573 4099 l'ugam
592 4035 757 4085 verterunt.
795 4030 895 4100 Atque
914 4033 980 4102 ipse
998 4035 1161 4101 imperator
1177 4030 1314 4086 eliam20

151 4108 258 4171 captus
278 4108 365 4166 esset,
384 4117 403 4153 a
417 4102 539 4155 turbata
552 4102 690 4156 custodia
702 4103 903 4157 incustoditus
922 4104 1054 4168 relictus,
1073 4104 1129 4157 nisi
1144 4104 1268 4173 quidam

151 4187 220 4227 enm
239 4174 271 4226 in
290 4188 401 4241 equum
421 4173 572 4227 sublatum
592 4173 630 4226 acl
651 4175 757 4243 fugam
777 4175 953 4228 cohortatus
972 4179 1051 4228 esset
1069 4179 1152 4228 metu
1171 4190 1269 4244 paene

151 4246 366 4299 exanimatum.
403 4243 530 4298 Romani
549 4245 643 4313 igitur
663 4246 747 4299 nullo
768 4245 873 4299 ordine
897 4250 1071 4313 temereque
1095 4246 1312 4315 fugiebant32l

151 4331 251 4384 nsque
274 4331 349 4370 vero
373 4316 496 4369 barbari
520 4317 596 4384 suga
620 4318 831 4386 inexspectata
850 4317 1012 4386 stupefacti
1032 4317 1185 4384 fugientes
1204 4317 1313 4386 per-22

151 4387 367 4456 sequebantur,
387 4387 441 4440 scd
463 4387 574 4440 rallurn
598 4389 736 4456 ingressi,
767 4390 872 4458 paucis
895 4386 1060 4442 illustribus
1080 4389 1175 4456 capiis
1195 4389 1269 4440 dire·

151 4465 265 4530 pioque
293 4460 380 4529 regio
408 4458 614 4526 tabernaculo,
645 4461 797 4513 variarum
827 4475 918 4529 opum
948 4464 977 4512 et
1002 4459 1107 4528 regiae
1134 4457 1269 4528 magnili-

206 4565 324 4609 Ζοιτατατ
339 4564 453 4618 epitome
467 4562 513 4611 ΙΙΙ.
1087 4548 1122 4605 37
