3050 4775
407 381 562 444 GALLVS
581 384 740 447 CAESAR.
777 384 1039 448 Mnnnsurtvs.
1248 378 1282 437 41

164 570 219 635 καλ
242 573 319 655 οἴνῳ
341 570 377 636 τὸ
400 572 512 658 ταύτης
535 574 612 657 αἷμα
629 574 800 657 προσμίξαι
814 574 869 639 καὶ
884 575 993 639 δοῦναι
1007 580 1071 645 τοῖς
1086 573 1285 655 στρατιώταις

115 728 120 737 .
165 675 264 739 αὐτοῦ
287 676 533 759 ἀπογεύσασθαι,
557 676 607 741 ἐπὶ
627 676 746 748 τούτοις
762 677 881 761 ἐκείνης
896 675 1025 761 ἐπῳύὰς
1039 676 1187 759 εἰπούσης
1203 671 1357 747 τινὰςΡῙῙ
1368 668 1439 727 ITA

165 779 220 842 καὶ
243 779 405 862 ύαιμύνιον
428 780 674 863 ἐπικαλουμένης
697 781 887 863 ἐπικουρίαν.
932 781 1001 863 ἄρτι
1024 779 1059 844 dl
1082 786 1137 862 τῆς
1163 780 1285 862 ἡμέρας
1296 775 1329 830 13

165 882 313 965 κλινάσης
337 884 480 966 ἀλλήλαις
506 886 751 967 συνερράγησαν,
768 882 806 947 τὰ
835 884 1059 967 στρατεύματα,
1086 881 1141 947 καί
1167 881 1286 954 πολλὰς

138 988 222 1069 ὁτῆς
243 986 348 1069 μάχης
371 986 507 1070 σχούσης
532 986 709 1071 μεταβολὰς
738 987 824 1059 τέλος
852 988 872 1070 ἡ
901 988 971 1071 νίκη
1000 993 1047 1070 τῷ
1073 986 1284 1069 Κωνσταντίῳ

166 1088 369 1171 ἔπεμειύίασε,
402 1088 455 1153 καί
485 1092 578 1174 μέχρι
609 1091 742 1174 βαύείας
773 1089 886 1161 νυκτὸς
917 1089 1144 1155 συνεκότιτοντα
1173 1090 1203 1153 οἱ
1228 1094 1284 1153 τοῦ

166 1189 363 1273 ύίαγνεταίου
386 1191 440 1255 καί
462 1193 660 1257 ἀπώλλυντο·
690 1193 776 1257 οὕτω
804 1192 838 1257 δὲ
863 1200 919 1276 τῆς
940 1200 996 1257 τοῦ
1018 1193 1160 1275 πολέμου
1183 1194 1285 1275 ῥοπῆς
1295 1187 1330 1242 14

166 1300 212 1375 τῷ
235 1294 379 1377 τυράννῳ
401 1296 645 1379 συνενεχύείσης,
669 1297 712 1367 εἰς
735 1295 841 1379 φυγὴν
864 1296 981 1367 ἐκεῖνος
1003 1295 1136 1360 ἀπεῖδεν.
1182 1297 1231 1359 ἵνα
1251 1294 1285 1359 δέ
1296 1288 1329 1345 15

15 1396 210 1481 11111198μὴ
234 1402 298 1468 τοῖς
319 1399 489 1481 βασιλικοῖς
511 1400 712 1483 παρασήμοις
735 1400 866 1482 φεύγων
888 1400 1079 1481 γνωρίζοιτο,
1106 1399 1285 1463 ἀποτίθεται

121 1503 156 1556 10
163 1506 260 1563 ταῦτα
284 1500 337 1563 καὶ
359 1500 517 1585 ἰδιωτικὴν
540 1501 752 1584 ἀναλαμβάνει
775 1501 887 1585 στολὴν
906 1501 1021 1583 καὶτῷ
1035 1501 1182 1583 βασιλείῳ
1197 1502 1285 1583 ἵππῳ

163 1602 201 1666 τὰ
224 1604 398 1685 παράσημα
422 1604 607 1687 ἐπιθέμενος
629 1604 737 1668 ύνετον
759 1604 866 1688 ἀφῆκε
887 1607 1005 1687 τρέχειν
1027 1602 1131 1676 αὐτόν,
1158 1604 1208 1667 ἴνα
1231 1627 1284 1668 νο-

162 1706 284 1788 μίζοιτο
310 1705 392 1789 πρὸς
419 1711 484 1771 τῶν
511 1706 663 1789 ὁρώντων
690 1706 744 1772 τὸν
776 1709 871 1771 ἵππον
901 1708 1017 1772 θέοντα
1048 1712 1104 1770 τοῦ
1137 1705 1284 1789 ἔπιβάτου

163 1807 264 1891 χωρίς
287 1809 484 1893 ἀνῃρημένος
507 1808 601 1880 αὐτὸς
623 1809 677 1873 καὶ
699 1809 744 1893 μὴ
769 1810 998 1874 καταύιώκοιτο
1020 1808 1102 1893 πρός
1117 1832 1219 1873 τινων.
1265 1807 1329 1873 616

163 1910 224 1993 μέν
245 1909 303 1975 οὖν
325 1912 410 1976 οὕτω
434 1911 555 1995 ύιέύρα·
580 1912 683 1975 έωύεν
707 1911 741 1976 δὲ
756 1911 776 1976 ὁ
793 1910 1010 1983 Κωνστάντιος
1032 1912 1085 1975 έπί
1103 1935 1185 1981 τινος
1208 1908 1318 1974 ἀνα-Β

118 2012 226 2096 15βάς
247 2014 350 2096 λόφου
373 2015 427 2077 καὶ
449 2014 504 2097 τὴν
525 2016 759 2097 παρακειμένην
781 2014 925 2095 πεύιάύα,
953 2013 1031 2078 ἀλλὰ
1059 2012 1124 2097 μὴν
1150 2012 1205 2077 καί
1231 2011 1286 2077 τύν

164 2118 384 2199 παραρρέοντα
407 2116 551 2200 ποταμὸν
573 2121 697 2199 νεκρῶν
720 2116 799 2181 ἰύὼν
821 2118 965 2200 γέμοντα,
988 2119 1031 2187 εἷς
1050 2114 1173 2199 φανερὰ
1189 2116 1285 2198 κατή-

164 2242 256 2282 νετττο
288 2218 423 2302 ύύκρυα,
455 2220 494 2283 ού
522 2219 642 2301 μᾶλλον
670 2218 720 2283 tui
748 2219 805 2302 τὴν
833 2220 922 2303 νίιιην
949 2219 1106 2302 ἡδόμενος
1134 2218 1210 2282 ὅσον
1234 2216 1285 2281 ded

163 2320 219 2385 τὸν
240 2326 305 2385 τῶν
326 2322 487 2387 πεσόντων
510 2322 705 2406 ύακνύμενος
727 2320 873 2406 ὄλεθρον.
918 2321 1056 2405 λέγονται
1080 2319 1140 2405 γὰρ
1164 2321 1200 2385 ἐκ
1226 2318 1331 2406 pinli

164 2543 182 2597 'l
202 2543 240 2596 ὅτι
259 2543 381 2614 ἡττηθεὶς
399 2544 416 2598 ά
433 2544 595 2614 Mandrum
613 2545 710 2614 ἔφυγεν
730 2544 778 2601 ΟΕ

221 2749 239 2803 2
257 2749 321 2804 αύτό
338 2748 415 2819 pr
531 2772 599 2810 τινας
617 2750 835 2820 ιλπούσηςΝΟιιρ
952 2752 970 2805 3
988 2753 1067 2806 inter
1085 2750 1221 2818 δαιμόνων
1237 2749 1242 2815 Ι
1258 2753 1289 2804 et

224 2819 226 2883 l
248 2821 455 2892 ἐπικαλουμένης
468 2827 612 2891 quattuor
624 2824 688 2876 scre
702 2823 821 2877 litterae
834 2827 906 2877 sunt
920 2837 1027 2877 srnsue
1047 2823 1077 2876 in
1097 2819 1120 2877 O
1191 2820 1210 2875 4
1227 2822 1286 2874 κλι-

221 2893 317 2962 νούσης
327 2893 401 2962 pr
455 2893 651 2962 συνερράγησαν
664 2894 785 2963 ἀλλήλαις
799 2893 872 2963 pr
927 2893 952 2948 6.
973 2895 989 2950 'l
1007 2897 1035 2947 οἱ
1051 2902 1097 2948 τοῦ
1114 2913 1191 2960 μαγν.
1210 2913 1287 2946 συνε-

221 2965 349 3018 κόπτοντο
367 2963 441 3034 pr
511 2965 527 3018 λ
545 2965 684 3019 ἀπώλοντο
694 2965 729 3031 Α,
747 2965 901 3020 ἀπώλλυντο
911 2965 994 3035 pr,
1013 2966 1143 3018 ἀπόλοντο
1153 2964 1190 3028 D,
1210 2979 1286 3018 corr.

222 3033 274 3092 Dw
371 3037 442 3090 οὕτω
462 3033 573 3105 Apr,
592 3036 668 3090 οὔπω
688 3035 710 3090 C
813 3037 911 3091 1212»
929 3039 1009 3090 ίππον
1027 3034 1154 3106 prDt',
1173 3043 1227 3088 τῶν
1244 3037 1286 3087 λ’π-

220 3127 281 3231 τῦων
299 3105 326 3160 Α
398 3107 494 3161 θύοντα
506 3107 753 3176 ροελύρώντωνΕ
827 3108 861 3163 16
878 3108 1063 3177 παρρίονταΕ
1136 3106 1170 3161 18
1188 3106 1286 3176 λέγεται

252 3194 299 3248 wp

166 3407 229 3462 qus
247 3393 407 3462 implorata
427 3407 493 3462 ope.
531 3393 594 3448 Iam
621 3393 670 3446 dis
695 3393 840 3448 inclinato
863 3395 942 3448 inter
969 3409 1002 3447 se
1023 3394 1187 3463 congressi
1216 3388 1333 3448 suntid

165 3465 321 3518 exercitus
340 3469 379 3528 et,
408 3479 476 3518 oum
500 3465 553 3518 diu
578 3479 684 3534 pugna
707 3465 838 3519 stetisset
860 3479 982 3534 anceps,
1010 3465 1132 3518 tandem
1158 3464 1287 3519 victoria

166 3535 345 3592 Constantio
365 3537 473 3604 arrisit,
493 3535 532 3590 sd
551 3535 675 3590 multam
689 3540 808 3589 noctem
823 3537 950 3590 concisis
963 3535 1107 3590 militibus
1120 3535 1286 3605 Magnentii

165 3623 205 3661 ae
224 3607 407 3676 profligatis3
435 3607 478 3660 its
496 3613 598 3662 autem
620 3621 688 3660 cum
708 3606 787 3661 bello
807 3608 962 3661 decretum
982 3612 1069 3673 esset,
1088 3614 1237 3675 tyrannus
1255 3607 1287 3659 in
1300 3601 1333 3655 14

166 3679 276 3748 sugam
298 3693 330 3732 se
350 3677 440 3732 dedit.
477 3676 522 3732 Nc
540 3693 616 3732 voro
636 3679 758 3748 fugiens
777 3693 815 3732 ex
835 3679 928 3747 regiis
941 3679 1112 3747 insignibus
1125 3673 1333 3745 cognosco-15

166 3755 262 3816 retur,
291 3749 336 3802 his
360 3749 505 3818 depositis
528 3751 679 3819 privatam
702 3751 792 3802 sumit
815 3756 931 3803 vestem
955 3755 985 3804 et
1004 3764 1115 3817 equum
1135 3763 1224 3802 suum
1243 3763 1288 3802 re-

166 3822 254 3888 gium
274 3819 445 3890 insignibus
464 3821 611 3890 impositis
631 3820 762 3874 solutum
783 3820 894 3874 dimisit
912 3820 952 3873 ad
971 3824 1085 3890 lugam,
1110 3826 1145 3874 ut
1163 3821 1229 3889 ipse
1248 3819 1286 3873 ab

167 3893 214 3956 iis,
244 3893 296 3960 qni
316 3891 463 3946 vidissent
483 3907 594 3960 equum
620 3896 791 3945 currentem
816 3906 935 3946 sessore
958 3907 1099 3958 vacuum,
1128 3895 1288 3960 putaretur

166 3963 308 4018 sublatus
328 3977 394 4017 esse
413 3978 512 4032 neque
532 3979 550 4016 a
569 3963 824 4032 persequentibus
843 3968 1017 4017 vexaretur.
1060 3962 1114 4016 Ille
1133 3963 1227 4032 igitur
1246 3963 1288 4016 ito
1300 3958 1333 4012 16

166 4035 290 4104 εῆὶιγζίτς
319 4049 409 4088 mane
436 4049 510 4088 vero
536 4031 730 4089 Constantius
759 4032 891 4101 quodam
920 4049 1046 4088 ascenso
1076 4035 1190 4087 tumulo
1219 4048 1288 4086 cum

166 4105 360 4160 adiacentem
387 4105 541 4174 planitiem
566 4109 630 4159 turn
660 4106 924 4173 praeterfluentem
954 4105 1080 4158 fluvium
1109 4102 1288 4173 corporibus

166 4178 365 4246 conspicatus
389 4177 510 4245 plenum
534 4177 711 4230 manifestas
735 4176 842 4229 effudit
865 4176 1004 4230 lacrimas
1028 4191 1089 4230 non
1108 4180 1169 4228 tsm
1189 4174 1227 4227 de
1246 4174 1288 4226 vi-

166 4249 265 4302 storia
284 4247 416 4300 laetatus
433 4261 523 4316 quam
538 4262 695 4301 caesorum
709 4261 828 4300 morsus
841 4248 944 4301 exitio.
981 4247 1132 4301 Dicuntur
1151 4245 1230 4299 enim
1250 4244 1288 4298 de
1300 4242 1333 4295 17

166 4319 248 4374 illius
267 4319 420 4386 militibus,
449 4319 500 4388 qui
522 4319 643 4373 omnino
663 4323 750 4372 erant
771 4318 926 4387 octoginta
944 4319 1067 4385 milium,
1096 4317 1135 4370 ad
1163 4315 1288 4382 triginta

166 4391 251 4447 milia
271 4389 426 4460 cecidisse,
455 4389 493 4445 ds
512 4387 689 4460 Magnentii,
717 4389 768 4460 qui
789 4394 876 4446 eraut
895 4405 949 4445 sex
969 4400 999 4445 et
1017 4389 1143 4459 triginta
1165 4387 1287 4454 milium,
