<?xml version="1.0" encoding="UTF-8"?>
<!DOCTYPE html PUBLIC "-//W3C//DTD XHTML 1.0 Transitional//EN"
    "http://www.w3.org/TR/xhtml1/DTD/xhtml1-transitional.dtd">
<html xmlns="http://www.w3.org/1999/xhtml" xml:lang="en" lang="en">
 <head>
  <title>
</title>
<meta http-equiv="Content-Type" content="text/html;charset=utf-8" />
  <meta name='ocr-system' content='tesseract 3.04.00' />
  <meta name='ocr-capabilities' content='ocr_page ocr_carea ocr_par ocr_line ocrx_word'/>
</head>
<body>
  <div class='ocr_page' id='page_1' title='image "./corpusscriptoru01theogoog/corpusscriptoru01theogoog_0502.png"; bbox 0 0 3050 4775; ppageno 0'>
   <div class='ocr_carea' id='block_1_1' title="bbox 277 427 1137 501">
    <p class='ocr_par' dir='ltr' id='par_1_1' title="bbox 277 427 1137 501">
     <span class='ocr_line' id='line_1_1' title="bbox 277 427 1137 501; baseline -0.007 -9"><span class='ocrx_word' id='word_1_1' title='bbox 277 433 330 492; x_wconf 81' lang='grc' dir='ltr'><em>ιιι</em></span> <span class='ocrx_word' id='word_1_2' title='bbox 536 427 672 490; x_wconf 81' lang='lat' dir='ltr'>zoana.</span> <span class='ocrx_word' id='word_1_3' title='bbox 693 429 793 488; x_wconf 80' lang='lat' dir='ltr'>arn.</span> <span class='ocrx_word' id='word_1_4' title='bbox 812 428 881 490; x_wconf 75' lang='lat' dir='ltr'><em>xri</em></span> <span class='ocrx_word' id='word_1_5' title='bbox 902 430 942 501; x_wconf 83' lang='grc' dir='ltr'><em>τε,</em></span> <span class='ocrx_word' id='word_1_6' title='bbox 960 429 1075 501; x_wconf 76' lang='grc' dir='ltr'><em>ιιι-ιτ,</em></span> <span class='ocrx_word' id='word_1_7' title='bbox 1096 429 1137 488; x_wconf 89' lang='grc' dir='ltr'><em>ιο.</em></span> 
     </span>
    </p>
   </div>
   <div class='ocr_carea' id='block_1_2' title="bbox 162 612 1442 2338">
    <p class='ocr_par' dir='ltr' id='par_1_2' title="bbox 162 612 1442 2338">
     <span class='ocr_line' id='line_1_2' title="bbox 244 612 1395 700; baseline -0.003 -20"><span class='ocrx_word' id='word_1_8' title='bbox 244 619 330 682; x_wconf 73' lang='lat' dir='ltr'>cnei</span> <span class='ocrx_word' id='word_1_9' title='bbox 351 623 407 680; x_wconf 89' lang='grc' dir='ltr'><em>τοῦ</em></span> <span class='ocrx_word' id='word_1_10' title='bbox 429 616 488 700; x_wconf 80' lang='grc' dir='ltr'><em>μὲν</em></span> <span class='ocrx_word' id='word_1_11' title='bbox 509 616 651 698; x_wconf 81' lang='grc' dir='ltr'><em>πολέμου</em></span> <span class='ocrx_word' id='word_1_12' title='bbox 675 615 849 698; x_wconf 80' lang='grc' dir='ltr'><em>ἀπέσχοντο</em></span> <span class='ocrx_word' id='word_1_13' title='bbox 872 614 926 678; x_wconf 84' lang='grc' dir='ltr'><em>καῖ</em></span> <span class='ocrx_word' id='word_1_14' title='bbox 944 622 998 698; x_wconf 75' lang='grc' dir='ltr'><em>της</em></span> <span class='ocrx_word' id='word_1_15' title='bbox 1014 615 1156 687; x_wconf 79' lang='grc' dir='ltr'><em>διώξεως</em></span> <span class='ocrx_word' id='word_1_16' title='bbox 1171 615 1312 696; x_wconf 85' lang='grc' dir='ltr'><em>ἔστησαν,</em></span> <span class='ocrx_word' id='word_1_17' title='bbox 1337 612 1395 676; x_wconf 78' lang='grc' dir='ltr'><em>δό-</em></span> 
     </span>
     <span class='ocr_line' id='line_1_3' title="bbox 233 716 1398 802; baseline -0.004 -20"><span class='ocrx_word' id='word_1_18' title='bbox 233 720 376 802; x_wconf 74' lang='grc' dir='ltr'><em>Βύρυβος</em></span> <span class='ocrx_word' id='word_1_19' title='bbox 400 719 428 780; x_wconf 88' lang='grc' dir='ltr'><em>δ’</em></span> <span class='ocrx_word' id='word_1_20' title='bbox 452 719 541 800; x_wconf 79' lang='grc' dir='ltr'><em>ἔσχεν</em></span> <span class='ocrx_word' id='word_1_21' title='bbox 564 717 687 787; x_wconf 84' lang='grc' dir='ltr'><em>αὐτούς.</em></span> <span class='ocrx_word' id='word_1_22' title='bbox 734 717 752 778; x_wconf 86' lang='grc' dir='ltr'>ὁ</span> <span class='ocrx_word' id='word_1_23' title='bbox 776 717 812 780; x_wconf 85' lang='grc' dir='ltr'><em>δέ</em></span> <span class='ocrx_word' id='word_1_24' title='bbox 835 741 869 798; x_wconf 91' lang='grc' dir='ltr'><em>γε</em></span> <span class='ocrx_word' id='word_1_25' title='bbox 891 716 1031 798; x_wconf 84' lang='grc' dir='ltr'><em>Συμεών</em></span> <span class='ocrx_word' id='word_1_26' title='bbox 1059 717 1095 779; x_wconf 77' lang='grc' dir='ltr'><em>ἐκ</em></span> <span class='ocrx_word' id='word_1_27' title='bbox 1122 721 1285 799; x_wconf 78' lang='grc' dir='ltr'><em>περιωπῆς</em></span> <span class='ocrx_word' id='word_1_28' title='bbox 1315 739 1398 786; x_wconf 87' lang='grc' dir='ltr'><em>τινος</em></span> 
     </span>
     <span class='ocr_line' id='line_1_4' title="bbox 278 801 1398 904; baseline -0.004 -20"><span class='ocrx_word' id='word_1_29' title='bbox 278 801 376 904; x_wconf 84' lang='grc' dir='ltr'><em>ὁρῶν</em></span> <span class='ocrx_word' id='word_1_30' title='bbox 393 819 429 883; x_wconf 91' lang='grc' dir='ltr'><em>τδ</em></span> <span class='ocrx_word' id='word_1_31' title='bbox 459 819 662 902; x_wconf 79' lang='grc' dir='ltr'><em>συμβεβηκὸς</em></span> <span class='ocrx_word' id='word_1_32' title='bbox 689 819 760 901; x_wconf 84' lang='grc' dir='ltr'><em>περ)</em></span> <span class='ocrx_word' id='word_1_33' title='bbox 791 819 828 882; x_wconf 88' lang='grc' dir='ltr'><em>τὰ</em></span> <span class='ocrx_word' id='word_1_34' title='bbox 861 819 1074 901; x_wconf 80' lang='grc' dir='ltr'><em>στρατεύματα</em></span> <span class='ocrx_word' id='word_1_35' title='bbox 1105 824 1169 887; x_wconf 90' lang='grc' dir='ltr'><em>τοῖς</em></span> <span class='ocrx_word' id='word_1_36' title='bbox 1199 817 1270 899; x_wconf 78' lang='grc' dir='ltr'><em>περὶ</em></span> <span class='ocrx_word' id='word_1_37' title='bbox 1301 816 1398 880; x_wconf 78' lang='grc' dir='ltr'><em>αὐτὸν</em></span> 
     </span>
     <span class='ocr_line' id='line_1_5' title="bbox 278 921 1398 1005; baseline -0.003 -19"><span class='ocrx_word' id='word_1_38' title='bbox 278 921 465 1005; x_wconf 81' lang='grc' dir='ltr'><em>ἔγκελεύεται</em></span> <span class='ocrx_word' id='word_1_39' title='bbox 487 923 540 985; x_wconf 79' lang='grc' dir='ltr'><em>καὶ</em></span> <span class='ocrx_word' id='word_1_40' title='bbox 563 921 642 984; x_wconf 85' lang='grc' dir='ltr'><em>κατά</em></span> <span class='ocrx_word' id='word_1_41' title='bbox 663 921 831 1004; x_wconf 87' lang='grc' dir='ltr'><em>Ῥωμαίων</em></span> <span class='ocrx_word' id='word_1_42' title='bbox 858 922 1024 1003; x_wconf 74' lang='grc' dir='ltr'><em>ἐξώρμησε</em></span> <span class='ocrx_word' id='word_1_43' title='bbox 1052 921 1105 984; x_wconf 83' lang='grc' dir='ltr'><em>καῖ</em></span> <span class='ocrx_word' id='word_1_44' title='bbox 1131 921 1398 1003; x_wconf 70' lang='grc' dir='ltr'><strong><em>τεθορυβημένοις</em></strong></span> 
     </span>
     <span class='ocr_line' id='line_1_6' title="bbox 277 1022 1424 1106; baseline -0.003 -18"><span class='ocrx_word' id='word_1_45' title='bbox 277 1026 382 1094; x_wconf 73' lang='grc' dir='ltr'><em>αὐτοῖς</em></span> <span class='ocrx_word' id='word_1_46' title='bbox 404 1023 554 1106; x_wconf 80' lang='grc' dir='ltr'><em>ἐμβαλὼν</em></span> <span class='ocrx_word' id='word_1_47' title='bbox 577 1025 619 1093; x_wconf 79' lang='grc' dir='ltr'><em>εἷς</em></span> <span class='ocrx_word' id='word_1_48' title='bbox 643 1023 748 1106; x_wconf 74' lang='grc' dir='ltr'><em>φυγὴν</em></span> <span class='ocrx_word' id='word_1_49' title='bbox 771 1026 910 1092; x_wconf 82' lang='grc' dir='ltr'><em>ἅπαντας</em></span> <span class='ocrx_word' id='word_1_50' title='bbox 928 1023 1051 1104; x_wconf 76' lang='grc' dir='ltr'><em>άύράον</em></span> <span class='ocrx_word' id='word_1_51' title='bbox 1067 1025 1231 1104; x_wconf 76' lang='grc' dir='ltr'><em>ἐτρέψατο·</em></span> <span class='ocrx_word' id='word_1_52' title='bbox 1255 1023 1309 1086; x_wconf 85' lang='grc' dir='ltr'><em>καῖ</em></span> <span class='ocrx_word' id='word_1_53' title='bbox 1324 1022 1424 1092; x_wconf 74' lang='grc' dir='ltr'><em>τοὺςδ</em></span> 
     </span>
     <span class='ocr_line' id='line_1_7' title="bbox 276 1122 1408 1209; baseline -0.003 -19"><span class='ocrx_word' id='word_1_54' title='bbox 276 1127 335 1209; x_wconf 82' lang='grc' dir='ltr'><em>μὲν</em></span> <span class='ocrx_word' id='word_1_55' title='bbox 351 1127 381 1190; x_wconf 86' lang='grc' dir='ltr'><em>οῖ</em></span> <span class='ocrx_word' id='word_1_56' title='bbox 396 1126 575 1208; x_wconf 87' lang='grc' dir='ltr'><em>Βούλγαροι</em></span> <span class='ocrx_word' id='word_1_57' title='bbox 592 1126 760 1196; x_wconf 87' lang='grc' dir='ltr'><em>διώκοντες</em></span> <span class='ocrx_word' id='word_1_58' title='bbox 776 1128 920 1203; x_wconf 80' lang='grc' dir='ltr'><em>ἔκτεινον,</em></span> <span class='ocrx_word' id='word_1_59' title='bbox 944 1127 974 1188; x_wconf 88' lang='grc' dir='ltr'><em>οῖ</em></span> <span class='ocrx_word' id='word_1_60' title='bbox 998 1122 1026 1188; x_wconf 88' lang='grc' dir='ltr'><em>δ’</em></span> <span class='ocrx_word' id='word_1_61' title='bbox 1045 1123 1096 1188; x_wconf 75' lang='grc' dir='ltr'><em>ὑπ’</em></span> <span class='ocrx_word' id='word_1_62' title='bbox 1120 1126 1264 1209; x_wconf 69' lang='grc' dir='ltr'><em>ἀλλήλων</em></span> <span class='ocrx_word' id='word_1_63' title='bbox 1287 1125 1408 1188; x_wconf 77' lang='grc' dir='ltr'><em>άπώλ-’</em></span> 
     </span>
     <span class='ocr_line' id='line_1_8' title="bbox 234 1227 1397 1311; baseline -0.002 -19"><span class='ocrx_word' id='word_1_64' title='bbox 234 1239 268 1292; x_wconf 88' lang='grc'><em>36</em></span> <span class='ocrx_word' id='word_1_65' title='bbox 278 1232 368 1293; x_wconf 81' lang='grc' dir='ltr'><em>λύντο</em></span> <span class='ocrx_word' id='word_1_66' title='bbox 391 1229 656 1311; x_wconf 86' lang='grc' dir='ltr'><em>συμπατούμενοι.</em></span> <span class='ocrx_word' id='word_1_67' title='bbox 703 1228 721 1290; x_wconf 89' lang='grc' dir='ltr'><em>ά</em></span> <span class='ocrx_word' id='word_1_68' title='bbox 746 1228 780 1291; x_wconf 85' lang='grc' dir='ltr'><em>δὲ</em></span> <span class='ocrx_word' id='word_1_69' title='bbox 802 1234 867 1290; x_wconf 83' lang='grc' dir='ltr'><em>τῶν</em></span> <span class='ocrx_word' id='word_1_70' title='bbox 889 1228 1015 1310; x_wconf 78' lang='grc' dir='ltr'><em>σχολῶν</em></span> <span class='ocrx_word' id='word_1_71' title='bbox 1038 1228 1222 1309; x_wconf 83' lang='grc' dir='ltr'><em>δομέστοιος</em></span> <span class='ocrx_word' id='word_1_72' title='bbox 1243 1227 1334 1310; x_wconf 86' lang='grc' dir='ltr'><em>μόλις</em></span> <span class='ocrx_word' id='word_1_73' title='bbox 1353 1229 1397 1297; x_wconf 81' lang='grc' dir='ltr'><em>εἷς</em></span> 
     </span>
     <span class='ocr_line' id='line_1_9' title="bbox 279 1331 1397 1415; baseline -0.001 -21"><span class='ocrx_word' id='word_1_74' title='bbox 279 1331 490 1415; x_wconf 78' lang='grc' dir='ltr'><em>Μεσημβρίαν</em></span> <span class='ocrx_word' id='word_1_75' title='bbox 506 1332 669 1412; x_wconf 84' lang='grc' dir='ltr'><em>διαδράναι</em></span> <span class='ocrx_word' id='word_1_76' title='bbox 685 1331 850 1414; x_wconf 86' lang='grc' dir='ltr'><em>δεδύνητο·</em></span> <span class='ocrx_word' id='word_1_77' title='bbox 874 1331 983 1393; x_wconf 76' lang='grc' dir='ltr'><em>πολλοὶ</em></span> <span class='ocrx_word' id='word_1_78' title='bbox 1000 1331 1034 1393; x_wconf 83' lang='grc' dir='ltr'><em>δὲ</em></span> <span class='ocrx_word' id='word_1_79' title='bbox 1052 1331 1105 1393; x_wconf 79' lang='grc' dir='ltr'><em>καὶ</em></span> <span class='ocrx_word' id='word_1_80' title='bbox 1128 1335 1191 1393; x_wconf 82' lang='grc' dir='ltr'><em>τιῖιν</em></span> <span class='ocrx_word' id='word_1_81' title='bbox 1215 1335 1397 1413; x_wconf 78' lang='grc' dir='ltr'><em>στρατηγῶν</em></span> 
     </span>
     <span class='ocr_line' id='line_1_10' title="bbox 278 1433 875 1516; baseline -0.007 -16"><span class='ocrx_word' id='word_1_82' title='bbox 278 1435 331 1500; x_wconf 84' lang='grc' dir='ltr'><em>καῖ</em></span> <span class='ocrx_word' id='word_1_83' title='bbox 353 1435 565 1516; x_wconf 90' lang='grc' dir='ltr'><em>ταγματάρχαι</em></span> <span class='ocrx_word' id='word_1_84' title='bbox 589 1433 656 1496; x_wconf 88' lang='grc' dir='ltr'><em>τότε</em></span> <span class='ocrx_word' id='word_1_85' title='bbox 679 1433 875 1515; x_wconf 71' lang='grc' dir='ltr'><em>ἐφθάρησαν.</em></span> 
     </span>
     <span class='ocr_line' id='line_1_11' title="bbox 162 1535 1442 1619; baseline 0.001 -21"><span class='ocrx_word' id='word_1_86' title='bbox 162 1610 166 1619; x_wconf 33' lang='grc' dir='ltr'>Ι</span> <span class='ocrx_word' id='word_1_87' title='bbox 229 1540 266 1605; x_wconf 80' lang='grc' dir='ltr'><em>Ιῖ</em></span> <span class='ocrx_word' id='word_1_88' title='bbox 362 1536 513 1619; x_wconf 84' lang='grc' dir='ltr'><em>Ἰωάννης</em></span> <span class='ocrx_word' id='word_1_89' title='bbox 536 1536 571 1599; x_wconf 82' lang='grc' dir='ltr'><em>δὲ</em></span> <span class='ocrx_word' id='word_1_90' title='bbox 595 1535 613 1597; x_wconf 87' lang='grc' dir='ltr'>ὁ</span> <span class='ocrx_word' id='word_1_91' title='bbox 637 1535 744 1618; x_wconf 86' lang='grc' dir='ltr'><em>Βογᾶς</em></span> <span class='ocrx_word' id='word_1_92' title='bbox 768 1537 877 1618; x_wconf 87' lang='grc' dir='ltr'><em>ε’στάλη</em></span> <span class='ocrx_word' id='word_1_93' title='bbox 902 1535 1121 1609; x_wconf 82' lang='grc' dir='ltr'><em>Ιλατζινάιιονς</em></span> <span class='ocrx_word' id='word_1_94' title='bbox 1144 1538 1187 1606; x_wconf 82' lang='grc' dir='ltr'><em>εἷς</em></span> <span class='ocrx_word' id='word_1_95' title='bbox 1215 1537 1397 1619; x_wconf 83' lang='grc' dir='ltr'><em>συμμαχίαν</em></span> <span class='ocrx_word' id='word_1_96' title='bbox 1410 1542 1442 1594; x_wconf 88' lang='grc'><em>10</em></span> 
     </span>
     <span class='ocr_line' id='line_1_12' title="bbox 279 1637 1397 1722; baseline -0.002 -20"><span class='ocrx_word' id='word_1_97' title='bbox 279 1641 404 1722; x_wconf 82' lang='grc' dir='ltr'><em>ἀγαγεῖν</em></span> <span class='ocrx_word' id='word_1_98' title='bbox 436 1638 515 1701; x_wconf 85' lang='grc' dir='ltr'><em>κατά</em></span> <span class='ocrx_word' id='word_1_99' title='bbox 548 1644 612 1700; x_wconf 83' lang='grc' dir='ltr'><em>τῶν</em></span> <span class='ocrx_word' id='word_1_100' title='bbox 640 1637 847 1720; x_wconf 84' lang='grc' dir='ltr'><em>Βονλγάρων,</em></span> <span class='ocrx_word' id='word_1_101' title='bbox 878 1639 932 1700; x_wconf 81' lang='grc' dir='ltr'><em>καί</em></span> <span class='ocrx_word' id='word_1_102' title='bbox 961 1639 979 1701; x_wconf 86' lang='grc' dir='ltr'>ὁ</span> <span class='ocrx_word' id='word_1_103' title='bbox 1006 1640 1167 1720; x_wconf 81' lang='grc' dir='ltr'><em>πατρίκιος</em></span> <span class='ocrx_word' id='word_1_104' title='bbox 1186 1639 1350 1720; x_wconf 88' lang='grc' dir='ltr'><em>Ῥωμανός</em></span> <span class='ocrx_word' id='word_1_105' title='bbox 1377 1638 1397 1700; x_wconf 85' lang='grc' dir='ltr'><em>ά</em></span> 
     </span>
     <span class='ocr_line' id='line_1_13' title="bbox 241 1740 1397 1824; baseline 0 -20"><span class='ocrx_word' id='word_1_106' title='bbox 241 1741 485 1824; x_wconf 79' lang='grc' dir='ltr'><em>ΒΛακαπηνός,</em></span> <span class='ocrx_word' id='word_1_107' title='bbox 511 1741 720 1822; x_wconf 86' lang='grc' dir='ltr'><em>δροιιγγάριος</em></span> <span class='ocrx_word' id='word_1_108' title='bbox 742 1742 791 1802; x_wconf 85' lang='grc' dir='ltr'><em>ὢν</em></span> <span class='ocrx_word' id='word_1_109' title='bbox 812 1746 877 1804; x_wconf 85' lang='grc' dir='ltr'><em>τῶν</em></span> <span class='ocrx_word' id='word_1_110' title='bbox 899 1740 1064 1822; x_wconf 89' lang='grc' dir='ltr'><em>πλωίμων,</em></span> <span class='ocrx_word' id='word_1_111' title='bbox 1093 1741 1218 1824; x_wconf 73' lang='grc' dir='ltr'><em>ὡρίσθη</em></span> <span class='ocrx_word' id='word_1_112' title='bbox 1240 1740 1318 1824; x_wconf 81' lang='grc' dir='ltr'><em>μετά</em></span> <span class='ocrx_word' id='word_1_113' title='bbox 1341 1747 1397 1804; x_wconf 81' lang='grc' dir='ltr'><em>τοῦ</em></span> 
     </span>
     <span class='ocr_line' id='line_1_14' title="bbox 279 1843 1397 1929; baseline -0.003 -20"><span class='ocrx_word' id='word_1_114' title='bbox 279 1845 390 1909; x_wconf 84' lang='grc' dir='ltr'><em>στόλον</em></span> <span class='ocrx_word' id='word_1_115' title='bbox 413 1843 595 1925; x_wconf 79' lang='grc' dir='ltr'><em>παραπλεῖν,</em></span> <span class='ocrx_word' id='word_1_116' title='bbox 618 1845 685 1924; x_wconf 83' lang='grc' dir='ltr'><em>ἅμα</em></span> <span class='ocrx_word' id='word_1_117' title='bbox 708 1843 768 1925; x_wconf 75' lang='grc' dir='ltr'><em>μὲν</em></span> <span class='ocrx_word' id='word_1_118' title='bbox 790 1845 833 1912; x_wconf 82' lang='grc' dir='ltr'><em>εἰς</em></span> <span class='ocrx_word' id='word_1_119' title='bbox 856 1844 1019 1929; x_wconf 81' lang='grc' dir='ltr'><em>συνεργίαν</em></span> <span class='ocrx_word' id='word_1_120' title='bbox 1041 1850 1096 1906; x_wconf 86' lang='grc' dir='ltr'><em>τοῦ</em></span> <span class='ocrx_word' id='word_1_121' title='bbox 1119 1849 1183 1906; x_wconf 85' lang='grc' dir='ltr'><em>τῶν</em></span> <span class='ocrx_word' id='word_1_122' title='bbox 1201 1843 1326 1926; x_wconf 78' lang='grc' dir='ltr'><em>σχολῶν</em></span> <span class='ocrx_word' id='word_1_123' title='bbox 1342 1843 1397 1906; x_wconf 88' lang='grc' dir='ltr'><em>δσ-</em></span> 
     </span>
     <span class='ocr_line' id='line_1_15' title="bbox 277 1945 1397 2030; baseline 0 -21"><span class='ocrx_word' id='word_1_124' title='bbox 277 1947 435 2029; x_wconf 85' lang='grc' dir='ltr'><em>μεστίκου,</em></span> <span class='ocrx_word' id='word_1_125' title='bbox 468 1947 534 2028; x_wconf 78' lang='grc' dir='ltr'><em>ἅμα</em></span> <span class='ocrx_word' id='word_1_126' title='bbox 565 1945 599 2009; x_wconf 78' lang='grc' dir='ltr'><em>δὲ</em></span> <span class='ocrx_word' id='word_1_127' title='bbox 622 1950 685 2026; x_wconf 85' lang='grc' dir='ltr'><em>καί,</em></span> <span class='ocrx_word' id='word_1_128' title='bbox 718 1948 746 2008; x_wconf 82' lang='grc' dir='ltr'><em>εἰ</em></span> <span class='ocrx_word' id='word_1_129' title='bbox 771 1947 898 2029; x_wconf 82' lang='grc' dir='ltr'><em>άχύεῖεν</em></span> <span class='ocrx_word' id='word_1_130' title='bbox 924 1948 1086 2030; x_wconf 85' lang='grc' dir='ltr'><em>σύμμαχοι</em></span> <span class='ocrx_word' id='word_1_131' title='bbox 1107 1947 1194 2029; x_wconf 86' lang='grc' dir='ltr'><em>παρὰ</em></span> <span class='ocrx_word' id='word_1_132' title='bbox 1217 1953 1272 2010; x_wconf 86' lang='grc' dir='ltr'><em>τοῦ</em></span> <span class='ocrx_word' id='word_1_133' title='bbox 1296 1946 1397 2029; x_wconf 85' lang='grc' dir='ltr'><em>Βογᾶ,</em></span> 
     </span>
     <span class='ocr_line' id='line_1_16' title="bbox 252 2047 1442 2133; baseline -0.005 -19"><span class='ocrx_word' id='word_1_134' title='bbox 252 2049 569 2131; x_wconf 63' lang='grc' dir='ltr'><em>ἳδιαπεραιώσαούαι</em></span> <span class='ocrx_word' id='word_1_135' title='bbox 594 2053 686 2130; x_wconf 75' lang='grc' dir='ltr'><em>σφᾶς.</em></span> <span class='ocrx_word' id='word_1_136' title='bbox 733 2047 809 2132; x_wconf 81' lang='grc' dir='ltr'><em>ἧκεν</em></span> <span class='ocrx_word' id='word_1_137' title='bbox 833 2049 890 2112; x_wconf 86' lang='grc' dir='ltr'><em>σύν</em></span> <span class='ocrx_word' id='word_1_138' title='bbox 912 2050 931 2112; x_wconf 86' lang='grc' dir='ltr'>ὁ</span> <span class='ocrx_word' id='word_1_139' title='bbox 957 2048 1063 2131; x_wconf 87' lang='grc' dir='ltr'><em>Βογάς</em></span> <span class='ocrx_word' id='word_1_140' title='bbox 1084 2049 1161 2133; x_wconf 90' lang='grc' dir='ltr'><em>μετά</em></span> <span class='ocrx_word' id='word_1_141' title='bbox 1184 2055 1248 2113; x_wconf 85' lang='grc' dir='ltr'><em>τῶν</em></span> <span class='ocrx_word' id='word_1_142' title='bbox 1270 2051 1397 2132; x_wconf 87' lang='grc' dir='ltr'><em>συμμά-</em></span> <span class='ocrx_word' id='word_1_143' title='bbox 1411 2053 1442 2107; x_wconf 83' lang='grc'><em>15</em></span> 
     </span>
     <span class='ocr_line' id='line_1_17' title="bbox 252 2147 1397 2235; baseline 0 -21"><span class='ocrx_word' id='word_1_144' title='bbox 252 2163 357 2234; x_wconf 76' lang='grc' dir='ltr'><em>Βχων.</em></span> <span class='ocrx_word' id='word_1_145' title='bbox 404 2152 543 2220; x_wconf 85' lang='grc' dir='ltr'><em>στάσεως</em></span> <span class='ocrx_word' id='word_1_146' title='bbox 573 2147 601 2213; x_wconf 89' lang='grc' dir='ltr'><em>δ’</em></span> <span class='ocrx_word' id='word_1_147' title='bbox 630 2151 827 2234; x_wconf 79' lang='grc' dir='ltr'><em>ἐμπεσούσης</em></span> <span class='ocrx_word' id='word_1_148' title='bbox 858 2153 947 2233; x_wconf 76' lang='grc' dir='ltr'><em>αὐτῷ</em></span> <span class='ocrx_word' id='word_1_149' title='bbox 977 2176 1009 2214; x_wconf 91' lang='grc' dir='ltr'><em>τε</em></span> <span class='ocrx_word' id='word_1_150' title='bbox 1040 2152 1094 2215; x_wconf 85' lang='grc' dir='ltr'><em>καὶ</em></span> <span class='ocrx_word' id='word_1_151' title='bbox 1125 2160 1171 2234; x_wconf 79' lang='grc' dir='ltr'><em>τῷ</em></span> <span class='ocrx_word' id='word_1_152' title='bbox 1199 2153 1397 2235; x_wconf 80' lang='grc' dir='ltr'><em>Λακαπηνῷ,</em></span> 
     </span>
     <span class='ocr_line' id='line_1_18' title="bbox 279 2253 1398 2338; baseline 0.002 -22"><span class='ocrx_word' id='word_1_153' title='bbox 279 2254 416 2336; x_wconf 85' lang='grc' dir='ltr'><em>ὁρῶντες</em></span> <span class='ocrx_word' id='word_1_154' title='bbox 431 2254 462 2316; x_wconf 79' lang='grc' dir='ltr'><em>οἱ</em></span> <span class='ocrx_word' id='word_1_155' title='bbox 478 2253 669 2326; x_wconf 84' lang='grc' dir='ltr'><em>Πατζινάκοι</em></span> <span class='ocrx_word' id='word_1_156' title='bbox 688 2253 802 2324; x_wconf 76' lang='grc' dir='ltr'><em>αύτούς</em></span> <span class='ocrx_word' id='word_1_157' title='bbox 816 2254 898 2336; x_wconf 89' lang='grc' dir='ltr'><em>πρὸς</em></span> <span class='ocrx_word' id='word_1_158' title='bbox 913 2255 1066 2337; x_wconf 82' lang='grc' dir='ltr'><em>ἀλλήλους</em></span> <span class='ocrx_word' id='word_1_159' title='bbox 1082 2255 1398 2338; x_wconf 74' lang='grc' dir='ltr'><em>διαπληκτιζομένους</em></span> 
     </span>
    </p>
   </div>
   <div class='ocr_carea' id='block_1_3' title="bbox 330 2448 1397 3517">
    <p class='ocr_par' dir='ltr' id='par_1_3' title="bbox 331 2448 1397 2947">
     <span class='ocr_line' id='line_1_19' title="bbox 333 2448 1397 2519; baseline 0.001 -19"><span class='ocrx_word' id='word_1_160' title='bbox 333 2449 346 2500; x_wconf 93' lang='lat'>1</span> <span class='ocrx_word' id='word_1_161' title='bbox 367 2450 482 2518; x_wconf 77' lang='grc' dir='ltr'><em>πολέμου</em></span> <span class='ocrx_word' id='word_1_162' title='bbox 502 2488 619 2503; x_wconf 89' lang='grc'>.......</span> <span class='ocrx_word' id='word_1_163' title='bbox 638 2449 684 2503; x_wconf 81' lang='grc' dir='ltr'><em>καί</em></span> <span class='ocrx_word' id='word_1_164' title='bbox 703 2448 738 2517; x_wconf 98' lang='lat' dir='ltr'><em>D,</em></span> <span class='ocrx_word' id='word_1_165' title='bbox 759 2449 814 2504; x_wconf 78' lang='lat' dir='ltr'>lae.</span> <span class='ocrx_word' id='word_1_166' title='bbox 834 2450 930 2519; x_wconf 78' lang='lat' dir='ltr'>suppl.</span> <span class='ocrx_word' id='word_1_167' title='bbox 950 2448 1001 2508; x_wconf 75' lang='lat' dir='ltr'><em>Dw</em></span> <span class='ocrx_word' id='word_1_168' title='bbox 1082 2450 1151 2503; x_wconf 82' lang='grc'><em>1-3</em></span> <span class='ocrx_word' id='word_1_169' title='bbox 1170 2450 1289 2513; x_wconf 78' lang='grc' dir='ltr'><em>διώξεως</em></span> <span class='ocrx_word' id='word_1_170' title='bbox 1305 2450 1309 2515; x_wconf 96' lang='grc' dir='ltr'>Ι</span> <span class='ocrx_word' id='word_1_171' title='bbox 1325 2450 1397 2518; x_wconf 78' lang='grc' dir='ltr'><em>ἔχετε</em></span> 
     </span>
     <span class='ocr_line' id='line_1_20' title="bbox 333 2520 1397 2591; baseline 0 -17"><span class='ocrx_word' id='word_1_172' title='bbox 333 2559 682 2575; x_wconf 90' lang='grc'>....................</span> <span class='ocrx_word' id='word_1_173' title='bbox 702 2522 772 2589; x_wconf 80' lang='grc' dir='ltr'><em>ἔρων</em></span> <span class='ocrx_word' id='word_1_174' title='bbox 795 2520 823 2572; x_wconf 84' lang='grc' dir='ltr'><em>τά</em></span> <span class='ocrx_word' id='word_1_175' title='bbox 845 2523 924 2591; x_wconf 74' lang='grc' dir='ltr'><em>οτιμβ.</em></span> <span class='ocrx_word' id='word_1_176' title='bbox 948 2520 984 2587; x_wconf 94' lang='grc' dir='ltr'>Ι),</span> <span class='ocrx_word' id='word_1_177' title='bbox 1012 2521 1132 2583; x_wconf 81' lang='grc' dir='ltr'><em>διώξεως</em></span> <span class='ocrx_word' id='word_1_178' title='bbox 1154 2521 1272 2589; x_wconf 82' lang='grc' dir='ltr'><em>ἔστησαν.</em></span> <span class='ocrx_word' id='word_1_179' title='bbox 1300 2522 1317 2573; x_wconf 86' lang='grc' dir='ltr'><em>ά</em></span> <span class='ocrx_word' id='word_1_180' title='bbox 1338 2521 1397 2589; x_wconf 80' lang='grc' dir='ltr'><em>δέγε</em></span> 
     </span>
     <span class='ocr_line' id='line_1_21' title="bbox 331 2591 1396 2662; baseline 0 -17"><span class='ocrx_word' id='word_1_181' title='bbox 331 2591 438 2659; x_wconf 83' lang='grc' dir='ltr'><em>συμεάιν</em></span> <span class='ocrx_word' id='word_1_182' title='bbox 464 2592 495 2643; x_wconf 81' lang='grc' dir='ltr'><em>ε’τι</em></span> <span class='ocrx_word' id='word_1_183' title='bbox 521 2600 658 2661; x_wconf 80' lang='grc' dir='ltr'><em>περιωπῆς</em></span> <span class='ocrx_word' id='word_1_184' title='bbox 686 2612 754 2651; x_wconf 88' lang='grc' dir='ltr'><em>τινος</em></span> <span class='ocrx_word' id='word_1_185' title='bbox 778 2592 845 2645; x_wconf 85' lang='grc' dir='ltr'><em>ῖδὼν</em></span> <span class='ocrx_word' id='word_1_186' title='bbox 869 2593 898 2645; x_wconf 89' lang='grc' dir='ltr'><em>τδ</em></span> <span class='ocrx_word' id='word_1_187' title='bbox 921 2594 1000 2662; x_wconf 79' lang='grc' dir='ltr'><em>συμβ.</em></span> <span class='ocrx_word' id='word_1_188' title='bbox 1021 2591 1072 2650; x_wconf 76' lang='lat' dir='ltr'><em>Dw</em></span> <span class='ocrx_word' id='word_1_189' title='bbox 1096 2593 1213 2647; x_wconf 78' lang='lat' dir='ltr'>omissis</span> <span class='ocrx_word' id='word_1_190' title='bbox 1236 2593 1353 2662; x_wconf 75' lang='grc' dir='ltr'><em>θόρυβος</em></span> <span class='ocrx_word' id='word_1_191' title='bbox 1371 2592 1396 2645; x_wconf 86' lang='grc' dir='ltr'><em>δ’</em></span> 
     </span>
     <span class='ocr_line' id='line_1_22' title="bbox 331 2663 1396 2733; baseline 0.001 -18"><span class='ocrx_word' id='word_1_192' title='bbox 331 2664 407 2732; x_wconf 75' lang='grc' dir='ltr'><em>ἔσχεν</em></span> <span class='ocrx_word' id='word_1_193' title='bbox 430 2663 537 2731; x_wconf 79' lang='grc' dir='ltr'><em>αὐτούς;</em></span> <span class='ocrx_word' id='word_1_194' title='bbox 567 2664 673 2716; x_wconf 84' lang='lat' dir='ltr'>eadem</span> <span class='ocrx_word' id='word_1_195' title='bbox 700 2664 795 2717; x_wconf 83' lang='lat' dir='ltr'>verba</span> <span class='ocrx_word' id='word_1_196' title='bbox 814 2664 950 2733; x_wconf 76' lang='lat' dir='ltr'>neglegit</span> <span class='ocrx_word' id='word_1_197' title='bbox 975 2666 1025 2718; x_wconf 85' lang='lat' dir='ltr'><em>Wo</em></span> <span class='ocrx_word' id='word_1_198' title='bbox 1044 2664 1095 2717; x_wconf 85' lang='lat' dir='ltr'>iat.</span> <span class='ocrx_word' id='word_1_199' title='bbox 1236 2664 1341 2731; x_wconf 77' lang='grc' dir='ltr'><em>3ἕρων</em></span> <span class='ocrx_word' id='word_1_200' title='bbox 1360 2664 1396 2729; x_wconf 85' lang='grc' dir='ltr'>Ι),</span> 
     </span>
     <span class='ocr_line' id='line_1_23' title="bbox 331 2733 1395 2805; baseline 0 -18"><span class='ocrx_word' id='word_1_201' title='bbox 331 2734 398 2787; x_wconf 84' lang='grc' dir='ltr'><em>ίδάιν</em></span> <span class='ocrx_word' id='word_1_202' title='bbox 410 2733 534 2805; x_wconf 82' lang='lat' dir='ltr'><em>Ewap</em></span> <span class='ocrx_word' id='word_1_203' title='bbox 614 2736 792 2803; x_wconf 82' lang='grc' dir='ltr'><em>στρατεύματα</em></span> <span class='ocrx_word' id='word_1_204' title='bbox 806 2775 974 2789; x_wconf 86' lang='grc'><strong><em>..........</em></strong></span> <span class='ocrx_word' id='word_1_205' title='bbox 985 2744 1074 2788; x_wconf 83' lang='grc' dir='ltr'><em>πεσεῖν</em></span> <span class='ocrx_word' id='word_1_206' title='bbox 1094 2736 1137 2788; x_wconf 84' lang='grc' dir='ltr'><em>τάν</em></span> <span class='ocrx_word' id='word_1_207' title='bbox 1154 2735 1309 2803; x_wconf 80' lang='grc' dir='ltr'><em>δομέσττκον</em></span> <span class='ocrx_word' id='word_1_208' title='bbox 1325 2736 1329 2801; x_wconf 83' lang='grc' dir='ltr'>Ι</span> <span class='ocrx_word' id='word_1_209' title='bbox 1346 2741 1395 2801; x_wconf 78' lang='lat' dir='ltr'>(ex</span> 
     </span>
     <span class='ocr_line' id='line_1_24' title="bbox 334 2806 1396 2875; baseline 0 -16"><span class='ocrx_word' id='word_1_210' title='bbox 334 2822 360 2875; x_wconf 85' lang='lat' dir='ltr'><em>p.</em></span> <span class='ocrx_word' id='word_1_211' title='bbox 373 2806 434 2872; x_wconf 81' lang='grc'>463,</span> <span class='ocrx_word' id='word_1_212' title='bbox 454 2806 500 2870; x_wconf 83' lang='lat'><em>20)</em></span> <span class='ocrx_word' id='word_1_213' title='bbox 520 2806 556 2873; x_wconf 94' lang='lat' dir='ltr'><em>D,</em></span> <span class='ocrx_word' id='word_1_214' title='bbox 575 2808 750 2873; x_wconf 85' lang='grc' dir='ltr'><em>στρατεύματα</em></span> <span class='ocrx_word' id='word_1_215' title='bbox 770 2814 822 2865; x_wconf 86' lang='grc' dir='ltr'><em>τοῖς</em></span> <span class='ocrx_word' id='word_1_216' title='bbox 844 2822 920 2860; x_wconf 81' lang='lat' dir='ltr'>cerr.</span> <span class='ocrx_word' id='word_1_217' title='bbox 940 2806 991 2863; x_wconf 79' lang='lat' dir='ltr'><em>Dw</em></span> <span class='ocrx_word' id='word_1_218' title='bbox 1064 2806 1124 2865; x_wconf 79' lang='grc' dir='ltr'><em>τοὺς</em></span> <span class='ocrx_word' id='word_1_219' title='bbox 1144 2808 1167 2859; x_wconf 76' lang='lat' dir='ltr'><em>i}</em></span> <span class='ocrx_word' id='word_1_220' title='bbox 1239 2808 1265 2860; x_wconf 84' lang='lat'><em>3.</em></span> <span class='ocrx_word' id='word_1_221' title='bbox 1283 2808 1301 2859; x_wconf 81' lang='grc'><strong>4</strong></span> <span class='ocrx_word' id='word_1_222' title='bbox 1318 2807 1396 2860; x_wconf 79' lang='grc' dir='ltr'><em>αὐτὸν</em></span> 
     </span>
     <span class='ocr_line' id='line_1_25' title="bbox 331 2877 1396 2947; baseline 0.001 -17"><span class='ocrx_word' id='word_1_223' title='bbox 331 2877 468 2945; x_wconf 77' lang='grc' dir='ltr'><em>ἑγκύκλετο</em></span> <span class='ocrx_word' id='word_1_224' title='bbox 551 2878 618 2931; x_wconf 86' lang='grc' dir='ltr'><em>κατὰ</em></span> <span class='ocrx_word' id='word_1_225' title='bbox 638 2878 672 2942; x_wconf 89' lang='grc' dir='ltr'>Ι),</span> <span class='ocrx_word' id='word_1_226' title='bbox 693 2894 770 2931; x_wconf 80' lang='lat' dir='ltr'>corr.</span> <span class='ocrx_word' id='word_1_227' title='bbox 790 2883 820 2930; x_wconf 77' lang='lat' dir='ltr'>et</span> <span class='ocrx_word' id='word_1_228' title='bbox 839 2879 937 2947; x_wconf 76' lang='lat' dir='ltr'>suppl.</span> <span class='ocrx_word' id='word_1_229' title='bbox 958 2877 1008 2935; x_wconf 80' lang='lat' dir='ltr'><em>Dw</em></span> <span class='ocrx_word' id='word_1_230' title='bbox 1087 2879 1106 2931; x_wconf 83' lang='grc'>4</span> <span class='ocrx_word' id='word_1_231' title='bbox 1124 2878 1265 2946; x_wconf 84' lang='grc' dir='ltr'><em>ε’·γελεύεται</em></span> <span class='ocrx_word' id='word_1_232' title='bbox 1285 2878 1350 2945; x_wconf 77' lang='lat' dir='ltr'>(sie)</span> <span class='ocrx_word' id='word_1_233' title='bbox 1370 2877 1396 2930; x_wconf 79' lang='grc' dir='ltr'>Α</span> 
     </span>
    </p>

    <p class='ocr_par' dir='ltr' id='par_1_4' title="bbox 330 2948 1396 3233">
     <span class='ocr_line' id='line_1_26' title="bbox 368 2948 1396 3018; baseline 0 -18"><span class='ocrx_word' id='word_1_234' title='bbox 368 2950 500 3016; x_wconf 83' lang='grc' dir='ltr'><em>ἐξώρμισε</em></span> <span class='ocrx_word' id='word_1_235' title='bbox 519 2948 554 3016; x_wconf 83' lang='grc' dir='ltr'>Ι),</span> <span class='ocrx_word' id='word_1_236' title='bbox 576 2965 651 3002; x_wconf 74' lang='lat' dir='ltr'>corr.</span> <span class='ocrx_word' id='word_1_237' title='bbox 666 2948 716 3007; x_wconf 80' lang='lat' dir='ltr'><em>Dw</em></span> <span class='ocrx_word' id='word_1_238' title='bbox 790 2950 1032 3018; x_wconf 80' lang='grc' dir='ltr'><em>τεδοροβνσμίνους</em></span> <span class='ocrx_word' id='word_1_239' title='bbox 1051 2948 1086 3017; x_wconf 90' lang='grc' dir='ltr'>Ι),</span> <span class='ocrx_word' id='word_1_240' title='bbox 1107 2966 1183 3003; x_wconf 79' lang='lat' dir='ltr'>corr.</span> <span class='ocrx_word' id='word_1_241' title='bbox 1195 2949 1246 3007; x_wconf 80' lang='lat' dir='ltr'><em>Dw</em></span> <span class='ocrx_word' id='word_1_242' title='bbox 1317 2949 1396 3017; x_wconf 77' lang='grc' dir='ltr'><em>ἷτέμ·</em></span> 
     </span>
     <span class='ocr_line' id='line_1_27' title="bbox 330 3019 1396 3090; baseline -0.001 -16"><span class='ocrx_word' id='word_1_243' title='bbox 330 3021 423 3090; x_wconf 72' lang='grc' dir='ltr'><em>βώλων</em></span> <span class='ocrx_word' id='word_1_244' title='bbox 444 3020 478 3086; x_wconf 88' lang='lat' dir='ltr'><em>D,</em></span> <span class='ocrx_word' id='word_1_245' title='bbox 498 3036 573 3073; x_wconf 75' lang='lat' dir='ltr'>corr.</span> <span class='ocrx_word' id='word_1_246' title='bbox 594 3020 644 3077; x_wconf 83' lang='lat' dir='ltr'><em>Dw</em></span> <span class='ocrx_word' id='word_1_247' title='bbox 768 3022 883 3079; x_wconf 74' lang='grc' dir='ltr'><em>ἅπαντας</em></span> <span class='ocrx_word' id='word_1_248' title='bbox 899 3023 903 3086; x_wconf 94' lang='grc' dir='ltr'>Ι</span> <span class='ocrx_word' id='word_1_249' title='bbox 921 3060 1124 3075; x_wconf 89' lang='grc'><strong>............</strong></span> <span class='ocrx_word' id='word_1_250' title='bbox 1143 3022 1188 3075; x_wconf 81' lang='grc' dir='ltr'><em>καιΙ</em></span> <span class='ocrx_word' id='word_1_251' title='bbox 1206 3020 1267 3079; x_wconf 81' lang='grc' dir='ltr'><em>τούς</em></span> <span class='ocrx_word' id='word_1_252' title='bbox 1286 3019 1322 3087; x_wconf 91' lang='grc' dir='ltr'>Ι),</span> <span class='ocrx_word' id='word_1_253' title='bbox 1341 3021 1396 3073; x_wconf 79' lang='lat' dir='ltr'>lac.</span> 
     </span>
     <span class='ocr_line' id='line_1_28' title="bbox 333 3090 1396 3161; baseline 0 -16"><span class='ocrx_word' id='word_1_254' title='bbox 333 3092 430 3161; x_wconf 77' lang='lat' dir='ltr'>suppl.</span> <span class='ocrx_word' id='word_1_255' title='bbox 450 3090 501 3150; x_wconf 81' lang='lat' dir='ltr'><em>Dw</em></span> <span class='ocrx_word' id='word_1_256' title='bbox 573 3092 590 3144; x_wconf 89' lang='grc'><strong>6</strong></span> <span class='ocrx_word' id='word_1_257' title='bbox 608 3094 725 3145; x_wconf 75' lang='grc' dir='ltr'><em>ἔκτειναν</em></span> <span class='ocrx_word' id='word_1_258' title='bbox 744 3090 771 3143; x_wconf 87' lang='grc' dir='ltr'><em>Ι)</em></span> <span class='ocrx_word' id='word_1_259' title='bbox 855 3093 880 3145; x_wconf 87' lang='grc'><em>6.</em></span> <span class='ocrx_word' id='word_1_260' title='bbox 901 3092 917 3146; x_wconf 83' lang='grc' dir='ltr'><em>ῖ</em></span> <span class='ocrx_word' id='word_1_261' title='bbox 936 3113 1048 3160; x_wconf 87' lang='grc' dir='ltr'><em>συμπατ.</em></span> <span class='ocrx_word' id='word_1_262' title='bbox 1067 3092 1220 3146; x_wconf 80' lang='grc' dir='ltr'><em>άπώλλυντο</em></span> <span class='ocrx_word' id='word_1_263' title='bbox 1239 3092 1298 3158; x_wconf 81' lang='lat' dir='ltr'><em>OD,</em></span> <span class='ocrx_word' id='word_1_264' title='bbox 1319 3108 1396 3145; x_wconf 76' lang='lat' dir='ltr'>corr.</span> 
     </span>
     <span class='ocr_line' id='line_1_29' title="bbox 333 3162 1344 3233; baseline 0.001 -18"><span class='ocrx_word' id='word_1_265' title='bbox 333 3162 384 3220; x_wconf 83' lang='lat' dir='ltr'><em>Dw</em></span> <span class='ocrx_word' id='word_1_266' title='bbox 468 3164 486 3217; x_wconf 88' lang='grc'><strong>8</strong></span> <span class='ocrx_word' id='word_1_267' title='bbox 503 3163 649 3231; x_wconf 84' lang='grc' dir='ltr'><em>άποδράνατ</em></span> <span class='ocrx_word' id='word_1_268' title='bbox 670 3162 751 3232; x_wconf 77' lang='lat' dir='ltr'><em>pr,</em></span> <span class='ocrx_word' id='word_1_269' title='bbox 770 3163 917 3230; x_wconf 83' lang='grc' dir='ltr'><em>ἀποδράναι</em></span> <span class='ocrx_word' id='word_1_270' title='bbox 938 3163 971 3231; x_wconf 90' lang='lat'><em>0,</em></span> <span class='ocrx_word' id='word_1_271' title='bbox 992 3164 1131 3233; x_wconf 85' lang='grc' dir='ltr'><em>διαδράναι</em></span> <span class='ocrx_word' id='word_1_272' title='bbox 1151 3163 1186 3228; x_wconf 80' lang='grc' dir='ltr'><em>Α,</em></span> <span class='ocrx_word' id='word_1_273' title='bbox 1205 3180 1282 3217; x_wconf 79' lang='lat' dir='ltr'>corr.</span> <span class='ocrx_word' id='word_1_274' title='bbox 1301 3162 1344 3216; x_wconf 78' lang='lat' dir='ltr'><em>Di</em></span> 
     </span>
    </p>

    <p class='ocr_par' dir='ltr' id='par_1_5' title="bbox 331 3233 1397 3517">
     <span class='ocr_line' id='line_1_30' title="bbox 369 3233 1396 3304; baseline 0.001 -17"><span class='ocrx_word' id='word_1_275' title='bbox 369 3236 505 3301; x_wconf 80' lang='grc' dir='ltr'><em>δεδύνηται</em></span> <span class='ocrx_word' id='word_1_276' title='bbox 520 3234 547 3287; x_wconf 85' lang='grc' dir='ltr'>Ι)</span> <span class='ocrx_word' id='word_1_277' title='bbox 622 3235 655 3287; x_wconf 87' lang='grc'><em>10</em></span> <span class='ocrx_word' id='word_1_278' title='bbox 672 3233 762 3303; x_wconf 78' lang='grc' dir='ltr'><em>βωγὰς</em></span> <span class='ocrx_word' id='word_1_279' title='bbox 776 3234 824 3288; x_wconf 87' lang='lat' dir='ltr'><em>BC</em></span> <span class='ocrx_word' id='word_1_280' title='bbox 837 3240 911 3297; x_wconf 83' lang='lat' dir='ltr'>(tum</span> <span class='ocrx_word' id='word_1_281' title='bbox 926 3240 1018 3300; x_wconf 77' lang='lat' dir='ltr'>reete)</span> <span class='ocrx_word' id='word_1_282' title='bbox 1090 3236 1250 3296; x_wconf 82' lang='grc' dir='ltr'><em>πατζτνάκας</em></span> <span class='ocrx_word' id='word_1_283' title='bbox 1263 3233 1396 3304; x_wconf 76' lang='lat' dir='ltr'>Cwap,</span> 
     </span>
     <span class='ocr_line' id='line_1_31' title="bbox 331 3305 1397 3375; baseline 0.001 -15"><span class='ocrx_word' id='word_1_284' title='bbox 331 3308 491 3369; x_wconf 80' lang='grc' dir='ltr'><em>πατζινακᾶς</em></span> <span class='ocrx_word' id='word_1_285' title='bbox 511 3306 537 3358; x_wconf 87' lang='grc' dir='ltr'>Ι)</span> <span class='ocrx_word' id='word_1_286' title='bbox 630 3306 662 3358; x_wconf 81' lang='grc'><em>14</em></span> <span class='ocrx_word' id='word_1_287' title='bbox 681 3307 705 3357; x_wconf 83' lang='grc' dir='ltr'><em>εἰ</em></span> <span class='ocrx_word' id='word_1_288' title='bbox 724 3306 833 3373; x_wconf 75' lang='grc' dir='ltr'><em>άχτλεῖτν</em></span> <span class='ocrx_word' id='word_1_289' title='bbox 853 3305 981 3375; x_wconf 77' lang='lat' dir='ltr'><em>prDi,</em></span> <span class='ocrx_word' id='word_1_290' title='bbox 1001 3307 1144 3375; x_wconf 75' lang='grc' dir='ltr'><em>είςαγτλεῖεν</em></span> <span class='ocrx_word' id='word_1_291' title='bbox 1163 3307 1189 3359; x_wconf 86' lang='grc' dir='ltr'>Α</span> <span class='ocrx_word' id='word_1_292' title='bbox 1276 3307 1308 3359; x_wconf 82' lang='lat'><em>15</em></span> <span class='ocrx_word' id='word_1_293' title='bbox 1326 3313 1397 3375; x_wconf 73' lang='grc' dir='ltr'><em>σφεῖς</em></span> 
     </span>
     <span class='ocr_line' id='line_1_32' title="bbox 334 3376 1396 3447; baseline -0.001 -15"><span class='ocrx_word' id='word_1_294' title='bbox 334 3394 391 3433; x_wconf 82' lang='lat' dir='ltr'>oin.</span> <span class='ocrx_word' id='word_1_295' title='bbox 405 3377 440 3443; x_wconf 93' lang='lat' dir='ltr'><em>D,</em></span> <span class='ocrx_word' id='word_1_296' title='bbox 460 3377 558 3447; x_wconf 86' lang='lat' dir='ltr'>suppl.</span> <span class='ocrx_word' id='word_1_297' title='bbox 571 3376 621 3435; x_wconf 76' lang='lat' dir='ltr'><em>Dw</em></span> <span class='ocrx_word' id='word_1_298' title='bbox 696 3378 728 3431; x_wconf 80' lang='lat' dir='ltr'><em>li</em></span> <span class='ocrx_word' id='word_1_299' title='bbox 746 3378 902 3439; x_wconf 81' lang='grc' dir='ltr'><em>πατζινάκαι</em></span> <span class='ocrx_word' id='word_1_300' title='bbox 923 3377 973 3432; x_wconf 87' lang='lat' dir='ltr'><em>CD</em></span> <span class='ocrx_word' id='word_1_301' title='bbox 1046 3378 1396 3447; x_wconf 60' lang='grc' dir='ltr'><em>διαπληκτιζομώονςαῐτλθ</em></span> 
     </span>
     <span class='ocr_line' id='line_1_33' title="bbox 331 3449 444 3517; baseline -0.009 -14"><span class='ocrx_word' id='word_1_302' title='bbox 331 3449 397 3517; x_wconf 74' lang='grc' dir='ltr'><em>πρὸς</em></span> <span class='ocrx_word' id='word_1_303' title='bbox 418 3449 444 3502; x_wconf 92' lang='lat' dir='ltr'>D</span> 
     </span>
    </p>
   </div>
   <div class='ocr_carea' id='block_1_4' title="bbox 208 3584 1398 4513">
    <p class='ocr_par' dir='ltr' id='par_1_6' title="bbox 234 3584 1398 4083">
     <span class='ocr_line' id='line_1_34' title="bbox 280 3584 1398 3655; baseline -0.002 -14"><span class='ocrx_word' id='word_1_304' title='bbox 280 3588 386 3642; x_wconf 84' lang='lat' dir='ltr'>sticum</span> <span class='ocrx_word' id='word_1_305' title='bbox 411 3584 555 3639; x_wconf 82' lang='lat' dir='ltr'>cecidisse</span> <span class='ocrx_word' id='word_1_306' title='bbox 579 3585 660 3650; x_wconf 77' lang='lat' dir='ltr'>ratis,</span> <span class='ocrx_word' id='word_1_307' title='bbox 690 3589 725 3639; x_wconf 87' lang='lat' dir='ltr'><em>ut</em></span> <span class='ocrx_word' id='word_1_308' title='bbox 744 3589 775 3637; x_wconf 85' lang='lat' dir='ltr'>et</span> <span class='ocrx_word' id='word_1_309' title='bbox 793 3599 899 3654; x_wconf 70' lang='lat' dir='ltr'>pugna</span> <span class='ocrx_word' id='word_1_310' title='bbox 918 3588 949 3639; x_wconf 83' lang='lat' dir='ltr'>et</span> <span class='ocrx_word' id='word_1_311' title='bbox 967 3586 1178 3655; x_wconf 85' lang='lat' dir='ltr'>perseeutione</span> <span class='ocrx_word' id='word_1_312' title='bbox 1197 3584 1328 3639; x_wconf 81' lang='lat' dir='ltr'>iiostium</span> <span class='ocrx_word' id='word_1_313' title='bbox 1347 3586 1398 3639; x_wconf 86' lang='lat' dir='ltr'><em>ab·</em></span> 
     </span>
     <span class='ocr_line' id='line_1_35' title="bbox 235 3655 1396 3726; baseline -0.002 -13"><span class='ocrx_word' id='word_1_314' title='bbox 235 3658 425 3713; x_wconf 79' lang='lat' dir='ltr'>35stinerent</span> <span class='ocrx_word' id='word_1_315' title='bbox 448 3657 598 3725; x_wconf 74' lang='lat' dir='ltr'>trabeque</span> <span class='ocrx_word' id='word_1_316' title='bbox 622 3658 759 3710; x_wconf 84' lang='lat' dir='ltr'>oriretur.</span> <span class='ocrx_word' id='word_1_317' title='bbox 798 3656 883 3719; x_wconf 82' lang='lat' dir='ltr'>Quae</span> <span class='ocrx_word' id='word_1_318' title='bbox 907 3671 975 3710; x_wconf 84' lang='lat' dir='ltr'><em>cum</em></span> <span class='ocrx_word' id='word_1_319' title='bbox 994 3655 1126 3726; x_wconf 80' lang='lat' dir='ltr'>Symeon</span> <span class='ocrx_word' id='word_1_320' title='bbox 1145 3673 1162 3711; x_wconf 89' lang='grc' dir='ltr'><em>ο</em></span> <span class='ocrx_word' id='word_1_321' title='bbox 1181 3656 1305 3726; x_wconf 84' lang='lat' dir='ltr'>specula</span> <span class='ocrx_word' id='word_1_322' title='bbox 1325 3672 1396 3726; x_wconf 89' lang='lat' dir='ltr'>qua-</span> 
     </span>
     <span class='ocr_line' id='line_1_36' title="bbox 280 3728 1396 3798; baseline -0.002 -15"><span class='ocrx_word' id='word_1_323' title='bbox 280 3730 348 3783; x_wconf 83' lang='lat' dir='ltr'>darn</span> <span class='ocrx_word' id='word_1_324' title='bbox 374 3728 506 3793; x_wconf 82' lang='lat' dir='ltr'>vidisset,</span> <span class='ocrx_word' id='word_1_325' title='bbox 536 3742 607 3781; x_wconf 84' lang='lat' dir='ltr'>euos</span> <span class='ocrx_word' id='word_1_326' title='bbox 631 3728 807 3783; x_wconf 76' lang='lat' dir='ltr'><strong>cohortatus</strong></span> <span class='ocrx_word' id='word_1_327' title='bbox 830 3733 936 3782; x_wconf 83' lang='lat' dir='ltr'>eontra</span> <span class='ocrx_word' id='word_1_328' title='bbox 954 3728 1107 3783; x_wconf 86' lang='lat' dir='ltr'>Romanos</span> <span class='ocrx_word' id='word_1_329' title='bbox 1132 3730 1216 3782; x_wconf 82' lang='lat' dir='ltr'>dueit</span> <span class='ocrx_word' id='word_1_330' title='bbox 1233 3729 1396 3798; x_wconf 77' lang='lat' dir='ltr'>subitoque</span> 
     </span>
     <span class='ocr_line' id='line_1_37' title="bbox 280 3799 1395 3869; baseline 0 -16"><span class='ocrx_word' id='word_1_331' title='bbox 280 3802 308 3853; x_wconf 92' lang='lat' dir='ltr'><em>in</em></span> <span class='ocrx_word' id='word_1_332' title='bbox 330 3800 522 3869; x_wconf 79' lang='lat' dir='ltr'>perturbatos</span> <span class='ocrx_word' id='word_1_333' title='bbox 541 3799 738 3868; x_wconf 77' lang='lat' dir='ltr'>impressione</span> <span class='ocrx_word' id='word_1_334' title='bbox 762 3803 844 3852; x_wconf 82' lang='lat' dir='ltr'>facta</span> <span class='ocrx_word' id='word_1_335' title='bbox 868 3801 1028 3854; x_wconf 86' lang='lat' dir='ltr'>universos</span> <span class='ocrx_word' id='word_1_336' title='bbox 1052 3801 1082 3853; x_wconf 90' lang='lat' dir='ltr'><em>in</em></span> <span class='ocrx_word' id='word_1_337' title='bbox 1108 3802 1212 3869; x_wconf 78' lang='lat' dir='ltr'>fugam</span> <span class='ocrx_word' id='word_1_338' title='bbox 1238 3803 1395 3866; x_wconf 84' lang='lat' dir='ltr'>convertit,</span> 
     </span>
     <span class='ocr_line' id='line_1_38' title="bbox 279 3869 1396 3940; baseline -0.001 -16"><span class='ocrx_word' id='word_1_339' title='bbox 279 3873 310 3925; x_wconf 90' lang='lat' dir='ltr'><em>in</em></span> <span class='ocrx_word' id='word_1_340' title='bbox 330 3885 391 3940; x_wconf 89' lang='lat' dir='ltr'><em>qua</em></span> <span class='ocrx_word' id='word_1_341' title='bbox 410 3870 484 3924; x_wconf 90' lang='lat' dir='ltr'>aiios</span> <span class='ocrx_word' id='word_1_342' title='bbox 503 3869 628 3938; x_wconf 84' lang='lat' dir='ltr'>Bulgari</span> <span class='ocrx_word' id='word_1_343' title='bbox 650 3873 780 3925; x_wconf 72' lang='lat' dir='ltr'>assecuti</span> <span class='ocrx_word' id='word_1_344' title='bbox 800 3871 984 3937; x_wconf 81' lang='lat' dir='ltr'>oeciderunt,</span> <span class='ocrx_word' id='word_1_345' title='bbox 1009 3871 1059 3924; x_wconf 84' lang='lat' dir='ltr'>alii</span> <span class='ocrx_word' id='word_1_346' title='bbox 1078 3873 1207 3925; x_wconf 85' lang='lat' dir='ltr'>invicem</span> <span class='ocrx_word' id='word_1_347' title='bbox 1227 3873 1396 3925; x_wconf 77' lang='lat' dir='ltr'>conculcati</span> 
     </span>
     <span class='ocr_line' id='line_1_39' title="bbox 234 3940 1396 4012; baseline -0.001 -15"><span class='ocrx_word' id='word_1_348' title='bbox 234 3944 269 3997; x_wconf 87' lang='lat'><em>36</em></span> <span class='ocrx_word' id='word_1_349' title='bbox 280 3944 442 4011; x_wconf 83' lang='lat' dir='ltr'>perierant.</span> <span class='ocrx_word' id='word_1_350' title='bbox 462 3940 638 3995; x_wconf 81' lang='lat' dir='ltr'>Sehoiarum</span> <span class='ocrx_word' id='word_1_351' title='bbox 654 3956 726 3995; x_wconf 89' lang='lat' dir='ltr'>vero</span> <span class='ocrx_word' id='word_1_352' title='bbox 740 3942 922 3997; x_wconf 68' lang='lat' dir='ltr'>domesticas</span> <span class='ocrx_word' id='word_1_353' title='bbox 935 3958 1029 4012; x_wconf 80' lang='lat' dir='ltr'>aegre</span> <span class='ocrx_word' id='word_1_354' title='bbox 1042 3943 1249 3997; x_wconf 81' lang='lat' dir='ltr'>Mesembriani</span> <span class='ocrx_word' id='word_1_355' title='bbox 1263 3943 1396 3997; x_wconf 80' lang='lat' dir='ltr'>evadere</span> 
     </span>
     <span class='ocr_line' id='line_1_40' title="bbox 280 4013 1236 4083; baseline 0 -16"><span class='ocrx_word' id='word_1_356' title='bbox 280 4014 385 4083; x_wconf 88' lang='lat' dir='ltr'>potuit,</span> <span class='ocrx_word' id='word_1_357' title='bbox 405 4013 505 4066; x_wconf 79' lang='lat' dir='ltr'>multis</span> <span class='ocrx_word' id='word_1_358' title='bbox 525 4013 613 4066; x_wconf 84' lang='lat' dir='ltr'>etiarn</span> <span class='ocrx_word' id='word_1_359' title='bbox 634 4013 763 4067; x_wconf 85' lang='lat' dir='ltr'>ducibus</span> <span class='ocrx_word' id='word_1_360' title='bbox 783 4019 813 4067; x_wconf 80' lang='lat' dir='ltr'>et</span> <span class='ocrx_word' id='word_1_361' title='bbox 831 4014 960 4067; x_wconf 84' lang='lat' dir='ltr'>tribunis</span> <span class='ocrx_word' id='word_1_362' title='bbox 978 4021 1042 4068; x_wconf 87' lang='lat' dir='ltr'>turn</span> <span class='ocrx_word' id='word_1_363' title='bbox 1061 4015 1236 4068; x_wconf 80' lang='lat' dir='ltr'>interiectis.</span> 
     </span>
    </p>

    <p class='ocr_par' dir='ltr' id='par_1_7' title="bbox 279 4083 1397 4370">
     <span class='ocr_line' id='line_1_41' title="bbox 370 4083 1396 4154; baseline 0 -17"><span class='ocrx_word' id='word_1_364' title='bbox 370 4083 410 4137; x_wconf 83' lang='lat'><em>17.</em></span> <span class='ocrx_word' id='word_1_365' title='bbox 448 4084 579 4138; x_wconf 83' lang='lat' dir='ltr'>Ioannes</span> <span class='ocrx_word' id='word_1_366' title='bbox 598 4090 699 4138; x_wconf 79' lang='lat' dir='ltr'>autern</span> <span class='ocrx_word' id='word_1_367' title='bbox 713 4084 815 4154; x_wconf 83' lang='lat' dir='ltr'>Bogas</span> <span class='ocrx_word' id='word_1_368' title='bbox 833 4086 942 4139; x_wconf 85' lang='lat' dir='ltr'>missus</span> <span class='ocrx_word' id='word_1_369' title='bbox 960 4090 1012 4153; x_wconf 82' lang='lat' dir='ltr'>esi,</span> <span class='ocrx_word' id='word_1_370' title='bbox 1031 4089 1066 4139; x_wconf 83' lang='lat' dir='ltr'><em>ui</em></span> <span class='ocrx_word' id='word_1_371' title='bbox 1077 4086 1258 4140; x_wconf 82' lang='lat' dir='ltr'>Patzinecos</span> <span class='ocrx_word' id='word_1_372' title='bbox 1273 4086 1313 4139; x_wconf 90' lang='lat' dir='ltr'><em>ad</em></span> <span class='ocrx_word' id='word_1_373' title='bbox 1327 4085 1396 4139; x_wconf 85' lang='lat' dir='ltr'>belii</span> 
     </span>
     <span class='ocr_line' id='line_1_42' title="bbox 279 4155 1397 4228; baseline 0 -19"><span class='ocrx_word' id='word_1_374' title='bbox 279 4155 432 4225; x_wconf 81' lang='lat' dir='ltr'>Balgariei</span> <span class='ocrx_word' id='word_1_375' title='bbox 451 4157 626 4210; x_wconf 75' lang='lat' dir='ltr'>societatem</span> <span class='ocrx_word' id='word_1_376' title='bbox 646 4156 821 4221; x_wconf 80' lang='lat' dir='ltr'>adduceret,</span> <span class='ocrx_word' id='word_1_377' title='bbox 843 4156 997 4210; x_wconf 85' lang='lat' dir='ltr'>Romanus</span> <span class='ocrx_word' id='word_1_378' title='bbox 1016 4172 1089 4211; x_wconf 84' lang='lat' dir='ltr'>vero</span> <span class='ocrx_word' id='word_1_379' title='bbox 1109 4156 1290 4226; x_wconf 85' lang='lat' dir='ltr'>Laeapenus</span> <span class='ocrx_word' id='word_1_380' title='bbox 1308 4157 1397 4228; x_wconf 80' lang='lat' dir='ltr'>patri-</span> 
     </span>
     <span class='ocr_line' id='line_1_43' title="bbox 280 4226 1396 4352; baseline -0.001 -70"><span class='ocrx_word' id='word_1_381' title='bbox 280 4229 352 4295; x_wconf 82' lang='lat' dir='ltr'>cius,</span> <span class='ocrx_word' id='word_1_382' title='bbox 380 4227 481 4280; x_wconf 84' lang='lat' dir='ltr'>elassis</span> <span class='ocrx_word' id='word_1_383' title='bbox 501 4226 694 4352; x_wconf 49' lang='lat' dir='ltr'><em>sangarius,</em></span> <span class='ocrx_word' id='word_1_384' title='bbox 721 4227 791 4281; x_wconf 80' lang='lat' dir='ltr'>litus</span> <span class='ocrx_word' id='word_1_385' title='bbox 811 4228 906 4281; x_wconf 76' lang='lat' dir='ltr'>classe</span> <span class='ocrx_word' id='word_1_386' title='bbox 926 4228 1030 4292; x_wconf 66' lang='lat' dir='ltr'>legere</span> <span class='ocrx_word' id='word_1_387' title='bbox 1049 4229 1149 4283; x_wconf 86' lang='lat' dir='ltr'>iussus</span> <span class='ocrx_word' id='word_1_388' title='bbox 1168 4235 1221 4296; x_wconf 87' lang='lat' dir='ltr'>est,</span> <span class='ocrx_word' id='word_1_389' title='bbox 1250 4230 1338 4282; x_wconf 81' lang='lat' dir='ltr'>simul</span> <span class='ocrx_word' id='word_1_390' title='bbox 1357 4228 1396 4282; x_wconf 81' lang='lat' dir='ltr'><em>ati</em></span> 
     </span>
     <span class='ocr_line' id='line_1_44' title="bbox 280 4299 1396 4370; baseline -0.002 -17"><span class='ocrx_word' id='word_1_391' title='bbox 280 4314 367 4370; x_wconf 84' lang='lat' dir='ltr'>opem</span> <span class='ocrx_word' id='word_1_392' title='bbox 387 4299 555 4353; x_wconf 83' lang='lat' dir='ltr'>scholarum</span> <span class='ocrx_word' id='word_1_393' title='bbox 598 4302 741 4353; x_wconf 86' lang='lat' dir='ltr'>omestico</span> <span class='ocrx_word' id='word_1_394' title='bbox 762 4300 927 4365; x_wconf 86' lang='lat' dir='ltr'>serendam,</span> <span class='ocrx_word' id='word_1_395' title='bbox 946 4300 1034 4353; x_wconf 86' lang='lat' dir='ltr'>simui</span> <span class='ocrx_word' id='word_1_396' title='bbox 1053 4306 1087 4353; x_wconf 86' lang='lat' dir='ltr'><em>ut</em></span> <span class='ocrx_word' id='word_1_397' title='bbox 1105 4300 1254 4355; x_wconf 80' lang='lat' dir='ltr'>adductos</span> <span class='ocrx_word' id='word_1_398' title='bbox 1273 4315 1292 4352; x_wconf 90' lang='lat' dir='ltr'>a</span> <span class='ocrx_word' id='word_1_399' title='bbox 1310 4300 1396 4368; x_wconf 76' lang='lat' dir='ltr'>Bega</span> 
     </span>
    </p>

    <p class='ocr_par' dir='ltr' id='par_1_8' title="bbox 208 4370 1397 4513">
     <span class='ocr_line' id='line_1_45' title="bbox 208 4370 1397 4441; baseline -0.002 -16"><span class='ocrx_word' id='word_1_400' title='bbox 208 4372 233 4426; x_wconf 79' lang='lat'><em>2.</em></span> <span class='ocrx_word' id='word_1_401' title='bbox 252 4372 378 4425; x_wconf 79' lang='lat' dir='ltr'>3eoei0s</span> <span class='ocrx_word' id='word_1_402' title='bbox 398 4371 543 4438; x_wconf 81' lang='lat' dir='ltr'>quosdam</span> <span class='ocrx_word' id='word_1_403' title='bbox 565 4372 782 4424; x_wconf 76' lang='lat' dir='ltr'>transveheret.</span> <span class='ocrx_word' id='word_1_404' title='bbox 819 4370 864 4424; x_wconf 84' lang='lat' dir='ltr'>Ae</span> <span class='ocrx_word' id='word_1_405' title='bbox 883 4372 967 4424; x_wconf 75' lang='lat' dir='ltr'>venit</span> <span class='ocrx_word' id='word_1_406' title='bbox 980 4370 1082 4441; x_wconf 82' lang='lat' dir='ltr'>Bogas</span> <span class='ocrx_word' id='word_1_407' title='bbox 1101 4388 1169 4426; x_wconf 85' lang='lat' dir='ltr'><em>cum</em></span> <span class='ocrx_word' id='word_1_408' title='bbox 1188 4373 1285 4426; x_wconf 86' lang='lat' dir='ltr'>sociis.</span> <span class='ocrx_word' id='word_1_409' title='bbox 1323 4370 1397 4424; x_wconf 74' lang='lat' dir='ltr'>Oria</span> 
     </span>
     <span class='ocr_line' id='line_1_46' title="bbox 280 4441 1397 4513; baseline 0 -16"><span class='ocrx_word' id='word_1_410' title='bbox 280 4446 380 4497; x_wconf 84' lang='lat' dir='ltr'>autern</span> <span class='ocrx_word' id='word_1_411' title='bbox 401 4443 479 4495; x_wconf 76' lang='lat' dir='ltr'>inter</span> <span class='ocrx_word' id='word_1_412' title='bbox 501 4443 599 4511; x_wconf 85' lang='lat' dir='ltr'>ipsum</span> <span class='ocrx_word' id='word_1_413' title='bbox 624 4447 653 4495; x_wconf 83' lang='lat' dir='ltr'>et</span> <span class='ocrx_word' id='word_1_414' title='bbox 672 4441 867 4513; x_wconf 81' lang='lat' dir='ltr'>Laeapenum</span> <span class='ocrx_word' id='word_1_415' title='bbox 891 4444 967 4508; x_wconf 84' lang='lat' dir='ltr'>rixa,</span> <span class='ocrx_word' id='word_1_416' title='bbox 995 4442 1149 4499; x_wconf 73' lang='lat' dir='ltr'>Petrinaei</span> <span class='ocrx_word' id='word_1_417' title='bbox 1179 4443 1316 4498; x_wconf 78' lang='lat' dir='ltr'>videntes</span> <span class='ocrx_word' id='word_1_418' title='bbox 1343 4457 1397 4497; x_wconf 86' lang='lat' dir='ltr'>eos</span> 
     </span>
    </p>
   </div>
   <div class='ocr_carea' id='block_1_5' title="bbox 0 0 1530 4775">
    <p class='ocr_par' dir='ltr' id='par_1_9' title="bbox 0 0 1530 4775">
     <span class='ocr_line' id='line_1_47' title="bbox 0 0 1530 4775; baseline 0 0"><span class='ocrx_word' id='word_1_419' title='bbox 0 0 1530 4775; x_wconf 95' lang='lat' dir='ltr'><em> </em></span> 
     </span>
    </p>
   </div>
  </div>
 </body>
</html>
