3050 4775
139 382 1258 447 meteretiscesentiotaelonssravcmsrrnnsoarcru.193
1291 408 1295 413 ·

140 573 218 637 odoi
241 574 344 644 οὕτως
365 572 438 645 τοὺς
461 574 591 645 ἁλόντας
614 574 749 657 ἠθέλησε
771 575 934 656 πρίασθαι,
958 572 993 637 τὸ
1015 575 1075 656 μέν
1096 598 1123 637 τι
1141 574 1177 637 ἐκ
1192 597 1260 656 φει-

141 676 260 747 δωλίας
284 674 406 759 (ἥττητο
422 676 481 759 γὰρ
497 674 694 760 χρημάτων),
717 676 752 739 τὸ
777 676 853 739 δέτι
873 682 937 746 τοῖς
959 678 1159 759 στρατιώταις
1180 700 1260 759 μνη-

141 783 294 843 σικακῶν.
341 778 484 860 ἐκμανεὶς
507 776 565 842 οὖν
587 780 606 841 ὁ
628 779 793 861 βάρβαρος
819 779 939 849 πάντας
966 780 1084 861 ξίφεσιν
1106 780 1262 862 tamtam
1272 788 1306 842 19

142 880 197 945 καί
212 881 381 954 ἀνέζευξεν.
428 882 571 945 ἐντεῦθεν
584 887 659 945 πᾶσι
677 888 770 963 μῖσος
791 880 871 944 κατὰ
894 888 950 944 τοῦ
971 882 1126 964 βασιλέως
1148 882 1262 964 ἐφύετο
1271 891 1308 945 20
1320 889 1347 943 D

115 984 198 1053 5καί
219 982 301 1065 πρὸς
322 984 450 1047 πάντων
473 984 667 1065 ἑλοιάορεῖτο.
714 984 732 1047 ὁ
757 984 792 1047 ol
808 983 938 1065 στρατὸς
953 983 1033 1047 κατὰ
1049 984 1262 1066 Κσμεντιάλου
1271 993 1304 1049 21

144 1085 312 1168 ἀναφορὰν
334 1085 511 1168 ἐποιήσατο,
535 1086 581 1156 ὡς
602 1086 778 1169 προδόντος
800 1087 834 1149 ἐν
853 1094 900 1168 τῷ
913 1087 1046 1169 πολέμῳ
1061 1086 1096 1150 τὸ
1112 1110 1261 1169 στρατια)-

144 1188 239 1252 τικάν.
285 1194 349 1258 τοῖς
376 1187 411 1251 ἀὲ
437 1188 493 1270 τὴν
519 1188 685 1271 ἀναφορὰν
712 1190 826 1271 ταύτην
856 1191 1057 1271 ποιουμένοις
1085 1197 1182 1273 συνῆν
1209 1190 1308 1254 uniti

145 1292 164 1355 ὁ
191 1292 380 1374 στρατιώτης
406 1290 525 1360 Φωκᾶς
552 1291 605 1353 καί
632 1291 771 1361 ἀναιδῶς
798 1299 845 1373 τῴ
875 1292 997 1373 βασιλεῖ
1026 1292 1184 1374 διελέγετο,
1217 1292 1264 1363 ὡς

144 1394 338 1476 τυπτητίῆναι
352 1393 440 1475 παρά
455 1415 555 1456 τινων.
601 1392 619 1455 ὁ
636 1392 670 1455 δὲ
687 1393 831 1475 βασιλεὺς
845 1393 891 1476 μὴ
907 1394 1079 1477 προσσχὼν
1098 1400 1161 1464 τοῖς
1183 1394 1263 1457 κατὰ
1273 1406 1308 1459 93

99 1502 201 1565 loreis
217 1496 429 1578 Κομεντιάλσυ
446 1497 620 1579 αἰτιάμασιν
642 1497 823 1579 ἀπράκτους
845 1497 918 1566 τοὺς
941 1495 1036 1559 αὐτὸν
1059 1497 1264 1578 αἰτιωμένους

146 1600 315 1681 ἀνέπεμψε.
361 1598 570 1669 λιτανεύοντας
592 1596 651 1662 οὗν
672 1604 728 1661 τοῦ
751 1598 906 1680 βασιλέως
921 1599 1024 1668 στάσις
1039 1599 1160 1681 ἠγέρθη
1176 1598 1310 1680 παρὰῖλ

144 1708 201 1765 τοῦ
234 1701 349 1784 δήμου,
382 1701 435 1765 καὶ
461 1702 543 1764 λίθοι
571 1700 639 1763 κατ’
668 1702 764 1764 αὐτοῦ
792 1702 879 1782 παρά
904 1724 998 1764 τινων
1020 1700 1263 1784 ἠκοντίσιλησαν

146 1801 194 1867 ὧν
217 1805 342 1886 ζήτησιν
364 1804 383 1868 ὁ
405 1802 547 1886 βασιλεὺς
569 1804 781 1886 ποιησάμενος
795 1805 851 1866 καί
862 1827 946 1875 τινας
961 1804 1108 1886 εὑρηκὼς
1122 1804 1263 1868 ἐκόλασε.

146 1914 192 1989 τῷ
221 1931 256 1989 γε
282 1906 348 1989 μὴν
379 1908 439 1987 υἱῷ
470 1906 568 1968 αὐτοῦ
595 1904 759 1989 Θεοδοσίῳ
791 1908 987 1989 κατηχγύησε
1017 1906 1074 1990 τὴν
1104 1908 1310 1991 dispersionis)

103 2009 168 2079 151
173 2009 317 2091 ἐρμανοῠ
345 2008 519 2090 πατρικίου,
551 2014 606 2071 τοῦ
633 2011 829 2091 πατριάρχου
857 2010 1023 2091 Κυριακοῦ
1051 2009 1107 2091 τὴν
1139 2010 1188 2073 ε’πί
1219 2018 1265 2092 τῷ

3 2122 73 2176 llll
83 2122 139 2175 998
148 2114 243 2194 γάμῳ
274 2112 498 2195 πληρώσαντας
529 2111 659 2193 τελετήν.
704 2111 847 2194 μοναχὸς
874 2112 909 2175 ὁέ
935 2136 979 2181 τις
1006 2112 1097 2195 ξίφος
1123 2115 1312 2196 κατέχωνῖὃ
1332 2120 1462 2177 ΡΙΠΘΑ

148 2213 268 2297 γυμνὸν
296 2212 360 2277 ἀπὸ
386 2219 441 2277 τοῦ
474 2214 583 2297 Φόρου
609 2215 702 2297 μέχρι
730 2221 785 2297 τῆς
812 2213 944 2297 Χαλκῆς
975 2214 1200 2298 προελήλυθεν,
1234 2217 1267 2280 ἕν

147 2429 166 2482 l
185 2429 222 2481 ὅτι
242 2427 286 2481 διὰ
304 2427 350 2481 τ“ν
369 2433 423 2481 τῶν
441 2427 616 2497 αἰχμαλώτων
634 2427 768 2482 ἀπώλειαν
785 2427 900 2497 ἕμισὴἀη
920 2429 937 2480 ά
952 2427 1075 2497 βασιλεὺς
1093 2428 1139 2481 καί
1156 2429 1172 2479 o‘
1182 2429 1268 2497 δῆμος

148 2501 298 2554 ἐστασίασεν
317 2451 339 2554 Z)
359 2499 398 2566 (v.
418 2498 458 2552 ad
476 2498 545 2554 XIV
566 2499 607 2563 13,
626 2498 672 2562 21)
789 2499 822 2552 14
841 2501 879 2552 ὅτι
899 2508 937 2568 τῷ
955 2501 1006 2567 υίῷ
1024 2499 1105 2553 αὐτοῦ
1123 2507 1235 2568 γυναῖκα
1254 2501 1270 2552 ά

147 2569 272 2642 βασιλεὺς
290 2572 443 2633 συνέζευξεν
463 2571 558 2634 (συνίζ.
578 2571 635 2641 dli.
657 2569 691 2636 Ε)
711 2569 758 2626 CE

206 2770 220 2821 1
240 2770 325 2827 οὕτως
342 2765 417 2834 ΕΒί,
436 2766 512 2827 οὗτος
530 2765 566 2836 Α,
584 2767 708 2820 τοσούτου
728 2767 802 2838 pr
897 2767 946 2835 μίν
965 2789 988 2820 τι
1007 2767 1096 2834 Allw,
1114 2771 1204 2836 μέντοι
1224 2766 1269 2837 Op

206 2839 223 2892 2
242 2860 264 2892 τι
284 2839 372 2901 ARw,
392 2859 430 2891 τοι
449 2837 497 2908 Dp
600 2837 617 2892 5
636 2839 778 2908 στρατηγὸς
797 2839 838 2897 τὸς
857 2837 892 2906 D,
913 2854 989 2892 corr.
1009 2838 1061 2898 Dw
1167 2839 1184 2892 6
1202 2845 1272 2908 post

206 2911 345 2980 ἐποιήσατο
364 2910 433 2964 edd.
452 2911 490 2963 ὅτι
510 2908 554 2964 διὰ
572 2908 619 2979 τὴν
637 2916 691 2963 τῶν
708 2910 884 2978 αἰχμαλώτων
902 2909 1043 2980 ἀπώλειαν,
1060 2911 1176 2979 ε’κινήάη
1195 2911 1271 2980 ἀβσ-

207 2983 293 3042 σιλεὺς
305 2981 351 3036 καί
363 2983 379 3034 ὁ
390 2983 473 3050 ὀῆμος
486 2981 634 3035 ἐστασίασεν
647 2979 671 3034 Ε
684 2987 865 3050 argumento
884 2985 925 3046 (v,
938 2997 1056 3052 argum.
1071 2981 1110 3035 ad
1131 2998 1158 3050 p.
1170 2981 1229 3048 193,
1243 2981 1272 3047 4)

208 3068 368 3124 perperam
387 3054 417 3106 in
438 3056 554 3106 textum
573 3057 696 3121 recepto
715 3055 756 3116 lv.
776 3053 813 3106 de
833 3053 919 3107 simili
940 3055 1013 3108 vitio
1034 3053 1074 3108 ad
1093 3070 1121 3124 p.
1138 3053 1182 3120 27,
1202 3053 1225 3105 l.
1244 3051 1273 3114 9)

207 3129 225 3180 8
244 3131 312 3196 porti
330 3124 367 3183 ὥς
387 3123 455 3178 add.
477 3123 520 3178 διὰ
538 3131 613 3178 τοῦτο
629 3123 675 3177 καί
688 3119 771 3194 pr‚
790 3125 835 3176 καί
847 3123 892 3178 διὰ
904 3133 979 3178 τοῦτο
992 3125 1038 3179 καί
1052 3123 1104 3178 ΒΕ
1176 3124 1193 3176 9
1210 3144 1273 3191 προ·

207 3197 282 3267 σχὼν
301 3194 481 3265 A⁵R⁸wth⁶‚
500 3210 577 3250 corr.
594 3195 676 3248 B-W
747 3195 782 3248 10
799 3203 844 3248 τοῦ
863 3211 920 3250 om.
940 3197 1012 3266 Ewp
1086 3197 1118 3250 ll
1139 3197 1275 3264 ἀνέπεμψε

208 3269 270 3337 ΑΒ,
288 3268 439 3337 ἀνέπεμψεν
458 3266 494 3334 D,
511 3267 684 3335 προέπεμψεν
702 3267 735 3334 Ε,
753 3267 908 3337 άπίπεμηνεν
927 3283 982 3338 wp,
1002 3268 1143 3336 άπίπεμηνε
1161 3265 1203 3320 Di

209 3343 243 3397 17
260 3339 457 3410 προσελήλυθεν
477 3339 513 3410 p¹⁸
534 3339 636 3393 invitis
656 3337 736 3393 ARw

156 3541 205 3595 ille
225 3555 264 3594 na
283 3541 325 3593 ita
345 3539 465 3608 quidem
494 3538 602 3592 milites
630 3537 780 3592 redimere
800 3537 896 3604 vellet,
925 3537 1034 3606 partim
1054 3551 1092 3590 ex
1111 3537 1276 3590 tenacitate

156 3611 310 3676 (sordidus
329 3610 505 3678 enituerat),
524 3610 634 3679 partim
647 3609 774 3662 militum
794 3608 872 3675 odio,
891 3608 1042 3662 barbarus
1055 3609 1159 3661 lurore
1179 3622 1275 3661 corre·
1287 3608 1320 3661 19

158 3690 228 3754 ptus
248 3681 388 3736 omnibus
416 3682 539 3735 ensibus
563 3681 751 3735 obtruncatis
771 3680 891 3734 domum
911 3679 1008 3734 rediit.
1044 3678 1124 3733 Hinc
1143 3679 1321 3734 omniumao

158 3756 229 3810 odia
248 3755 278 3807 iu
298 3767 403 3822 regem
424 3759 504 3818 nata,
528 3757 561 3806 nt
581 3768 599 3806 a
619 3751 763 3806 conviciis
782 3766 842 3804 non
867 3756 1078 3820 temperarent.
1116 3750 1276 3804 Exercitus
1285 3750 1319 3805 21

159 3842 233 3880 vero
253 3824 470 3879 Comerrtiolnm
483 3822 661 3892 proditionis
675 3837 760 3878 rcum
781 3823 862 3889 lecit3
882 3829 975 3890 atquo
994 3838 1031 3876 ex
1047 3821 1321 3876 accusatoribusat

158 3897 242 3952 miles
261 3895 384 3965 quidam
403 3894 520 3948 Phocoe
540 3894 617 3949 adeo
636 3893 828 3963 impudenter
856 3907 923 3946 cum
943 3909 1017 3961 rege
1036 3892 1185 3959 disseruit,
1205 3897 1240 3945 ut
1258 3907 1277 3946 a

159 3967 340 4039 quibusdam
356 3965 523 4034 vapularet.
560 3966 670 4020 Verum
691 3979 745 4018 rex
756 3963 918 4032 repudiata
928 3963 1105 4019 Comentioli
1125 3963 1321 4019 delatione23

157 4043 354 4095 accusatores
376 4038 489 4090 iniecta
510 4053 541 4092 re
561 4037 681 4090 remisit.
718 4033 830 4088 Postea
850 4049 918 4088 cum
937 4051 991 4090 rex
1014 4035 1207 4105 supplicaret,
1232 4035 1322 4089 rte-24

158 4113 272 4166 ditione
290 4109 393 4178 populi
415 4113 519 4160 coorta
538 4109 626 4162 ctiam
646 4105 763 4174 lapides
783 4121 802 4158 a
821 4107 972 4160 nonnullis
992 4112 1098 4160 contra
1117 4120 1185 4160 eum
1203 4105 1276 4158 iacti

157 4187 242 4249 sunt3
261 4195 391 4250 quorum
407 4179 522 4246 aliquot
535 4177 696 4245 indagatos
716 4178 865 4246 supplicio
884 4178 992 4232 affecit.
1030 4176 1201 4232 Theodosio
1215 4175 1275 4228 iilio
1286 4178 1321 4231 25

157 4253 302 4310 Germani
320 4251 438 4321 patricii
458 4249 547 4302 liliam
567 4249 736 4317 despondit,
767 4251 941 4318 nuptiarum
963 4249 1162 4303 caerimonias
1187 4248 1275 4316 patri·

157 4325 250 4379 archa
271 4321 400 4391 Cyriaeo
420 4326 594 4391 peragente.
633 4318 774 4374 Ceterum
803 4321 968 4375 monachus
988 4319 1109 4389 quidam
1140 4319 1321 4374 strictnm26

156 4396 295 4468 gladium
315 4401 421 4448 tenena
440 4409 458 4446 a
472 4392 549 4446 Foro
569 4407 666 4460 usque
687 4391 726 4445 ad
746 4391 877 4446 Clralcon
897 4407 1077 4461 progressus
1097 4389 1274 4444 Maur-icium

211 4501 330 4546 Zonaras
344 4499 459 4554 epitome
474 4497 520 4544 lli.
576 4489 580 4496 '
1085 4481 1118 4535 13
