3050 4775
264 377 299 446 tt
530 372 785 449 tutissimi.
805 375 877 449 itm
896 391 939 464 νο,
961 377 1074 462 τε-οι,
1094 383 1119 452 1.

264 572 392 644 σκαλίας
406 573 690 657 προσαρμόττονσα
709 575 832 659 (ἤλεγχε
844 575 904 658 γάρ
917 577 1045 661 αύτίγνὴ
1059 580 1231 663 συνείδησις
1241 580 1386 664 τοιαύτην

264 673 375 758 οὖσαν)
409 677 520 760 έμηνία
552 677 606 740 καί
637 677 710 749 τοὺς
740 678 868 761 θυμοὺς
900 679 1018 752 ἕξέκαιε
1049 681 1129 743 κατὰ
1160 687 1216 745 τοῦ
1247 683 1386 764 μεγάλου

96 790 116 854 3
163 778 390 861 [1)16πατρδς.
436 778 489 842 καί
510 779 610 852 πάλιν,
634 782 683 842 ίνα
706 779 743 843 τὰ
768 781 909 863 ἐνμέσῳ
924 787 1030 864 παρῶ,
1053 783 1154 846 πείθει
1169 783 1223 847 τὸν
1239 785 1385 868 γαμέτην,

264 880 398 944 ἕλκουσα
421 887 531 945 τοῦτον
554 882 662 964 ῶσπερ
686 883 721 945 έιι
737 885 901 965 φορβειᾶς,
926 884 1096 966 ὑπερορίαν
1111 891 1166 948 τοῦ
1183 886 1273 967 ἁγίου
1289 911 1384 950 κατα-

220 983 474 1066 17ιγητγίσασδαι.
519 983 573 1047 καί
596 985 615 1048 δ
636 984 696 1066 μὲν
718 991 772 1068 τῆς
796 985 961 1068 ἐκκλησίας
977 985 1104 1070 έξῶσύη
1121 993 1316 1069 τυραννικῶς
1331 989 1411 1054 καὶὸ

263 1087 307 1156 είς
328 1085 439 1168 χώρας
461 1085 597 1169 ἀπήγετο
620 1086 836 1157 ἐπικινδύνους
865 1087 918 1150 καί
945 1088 988 1158 είς
1014 1090 1213 1170 πορρωτάτω
1241 1093 1386 1174 κειμένας

220 1199 254 1255 18
264 1188 415 1270 ἐσχατιάς,
446 1189 573 1252 πολλῶν
600 1189 760 1271 πειραδείς
788 1188 867 1252 κατὰ
896 1190 952 1272 τὴν
980 1191 1059 1254 δδδν
1082 1192 1255 1275 δυσχερῶν,
1288 1196 1385 1278 ἃτῆς

263 1291 383 1354 ἐκείνων
406 1292 541 1373 χρυσέας
564 1292 701 1375 γλώττης
723 1293 757 1355 έν
781 1292 951 1363 ἐπιστολαῖς
974 1294 1087 1366 ἔξεστιν
1108 1295 1235 1359 ἀκούειν
1259 1296 1384 1378 διηγου-

219 1405 254 1458 19
262 1393 368 1476 μένης.
412 1394 606 1476 καταντήσας
630 1395 659 1456 δ’
682 1397 725 1465 είς
748 1394 939 1459 Κουκουοδν
964 1397 1112 1460 κάκεῖθεν
1141 1399 1183 1468 εἰς
1209 1397 1384 1463 Πιτυοῦντα

263 1494 474 1578 ἀπαγόμενος,
497 1496 531 1558 ἐν
547 1495 708 1578 Κομάνοις
723 1497 890 1580 γενόμενος
912 1499 978 1561 έκεῖ
995 1497 1050 1580 τὴν
1072 1499 1159 1582 ζωὴν
1175 1500 1384 1585 ἒξεμέτρησεν,
1395 1516 1430 1570 10

263 1599 342 1661 ἑτῶν
365 1598 503 1679 γεγονὼς
527 1597 586 1662 δύο
607 1623 640 1661 τε
661 1599 716 1662 καί
737 1601 940 1683 πεντήκοντα,
964 1601 1204 1683 ἀρχιερατεύσας
1225 1609 1280 1686 τῆς
1295 1607 1383 1688 βασι-
1395 1612 1506 1668 DIII‘.)

218 1699 348 1771 soiitos
369 1705 434 1763 τῶν
455 1701 580 1764 πόλεων
603 1702 654 1783 ἔτη
677 1703 766 1765 πέντε
788 1702 870 1785 πρδς
892 1711 939 1785 τῷ
962 1704 1073 1786 ἡμίσει.
1120 1706 1179 1768 οὐκ
1199 1706 1384 1782 έπενύσταξε

262 1803 367 1885 μέντοι
386 1804 406 1886 ἡ
423 1803 494 1866 ύεία
511 1804 593 1887 δίκη,
617 1803 694 1867 ἀλλὰ
709 1805 831 1886 ταχέως
852 1805 989 1887 μετῆλθε
1011 1806 1066 1888 τὴν
1088 1809 1281 1890 τριτάλαιναν
1304 1810 1382 1873 ἐκεί-

58 1917 199 1975 ΡΙ139Α
219 1918 251 1972 21
263 1929 320 1987 νην
346 1906 534 1988 βασίλισσαν.
581 1907 673 1970 οὔπω
701 1907 761 1989 γὰρ
789 1913 869 1989 τρεῖς
895 1908 1063 1991 παρῆλθον
1095 1916 1192 1994 μῆνες
1223 1910 1300 1993 μετὰ
1330 1911 1384 1975 τὸν

263 2007 403 2070 δάνατον
417 2013 473 2071 τοῦ
489 2007 721 2092 Χρυσοστδμου
737 2009 857 2092 πατρὸς
871 2009 924 2072 καί
939 2011 1033 2093 βιαίῳ
1047 2014 1265 2093 περιπέπτωκε
1279 2014 1382 2097 μύρῳ.
1395 2028 1428 2083 15

219 2123 254 2178 22
263 2110 403 2193 κυούσης
425 2110 486 2194 γὰρ
508 2111 544 2174 τὸ
567 2112 708 2195 ἔμβρυον
729 2113 872 2195 τέθνηκε,
896 2112 950 2175 καὶ
973 2113 1084 2184 ὠδῖνες
1107 2114 1226 2198 ἐκείνην
1242 2122 1384 2200 συνεῖχον

264 2211 409 2294 δριμεῖαι·
433 2214 584 2284 σαπέντος
607 2210 635 2277 δ’
660 2215 752 2278 ἔνδον
775 2214 894 2277 ἐκείνου
918 2213 971 2277 καί
986 2215 1005 2298 ἡ
1022 2214 1119 2299 νηδὺς
1133 2223 1189 2300 τῆς
1206 2218 1385 2302 βασιλίσσης

264 2389 298 2443 14
317 2389 421 2459 τελευτὴ
440 2390 571 2453 Εὔδοξίας
589 2387 665 2447 ACE

317 2568 335 2622 4
352 2568 515 2639 έκφορβειάς
533 2567 568 2638 A,
587 2569 619 2623 εἰι
639 2572 768 2642 φορβειᾶς
787 2570 864 2637 RDi,
883 2572 914 2626 ἐκ
935 2573 1051 2643 φορβιᾶς
1070 2571 1146 2644 pr
1250 2574 1267 2629 6
1285 2596 1311 2644 χ.
1331 2596 1384 2629 κιν·

317 2640 446 2700 δννώδεις
464 2641 577 2709 ἀπήγετο
597 2643 634 2701 εἴς
653 2664 680 2695 τε
698 2644 863 2711 πορρωτάτω
882 2642 956 2713 pr
1034 2644 1050 2700 ’ί
1070 2652 1138 2715 post
1157 2646 1295 2715 δυσχερῶν
1314 2647 1383 2701 add.

316 2732 344 2765 τε
362 2711 408 2765 καί
426 2713 553 2781 ἀλγεινῶν
571 2712 645 2783 pr
747 2716 764 2769 9
784 2715 952 2769 κουκουσσδν
971 2714 994 2767 Β
1096 2725 1237 2773 πιτυοῦντα
1256 2716 1383 2788 prDz',

316 2791 473 2851 πιτυροῦντα
491 2783 517 2837 Α
591 2784 626 2837 10
643 2786 723 2839 inter
741 2788 880 2855 γενόμενος
899 2792 929 2840 et
950 2787 1009 2841 ἐκεῖ
1025 2788 1080 2841 lae.
1100 2788 1142 2842 XI
1161 2790 1225 2843 fere
1245 2790 1334 2845 litter.
1353 2792 1384 2843 in

317 2855 350 2923 E,
370 2856 424 2908 lac.
438 2854 495 2909 XX
513 2856 578 2909 iere
597 2856 685 2910 litter.
705 2860 736 2911 in
755 2857 788 2923 B,
807 2858 862 2912 lae.
876 2857 959 2912 XXV
978 2860 1043 2913 iere
1061 2859 1150 2913 litter.
1169 2862 1201 2914 iu
1221 2860 1243 2917 C
1316 2866 1384 2931 post

316 2927 1244 3069 iiiii‘f'grfssr‘itffiffssffr‘rw‹ffo55⁶3&sswasstsp‘isstteffiffirbtss
1264 2934 1383 3073 θλίίῆλ

351 3070 508 3138 respuetur
526 3069 561 3139 A,
580 3070 634 3124 sed
653 3087 682 3124 v.
702 3071 742 3125 au
761 3072 833 3125 xiu
854 3074 878 3139 1,
898 3072 915 3126 ο
988 3074 1019 3126 τι
1039 3094 1066 3125 τε
1085 3090 1141 3127 om.
1160 3074 1217 3141 sc,
1239 3046 1266 3129 i.
1278 3074 1384 3145 Polyb.

317 3140 406 3208 13,1
480 3142 509 3195 δὲ
528 3147 598 3195 ante
617 3150 663 3210 τῆς
682 3142 751 3197 add.
766 3142 884 3213 prDi
957 3144 991 3196 12
1010 3144 1038 3197 τδ
1056 3145 1186 3214 ἡμίσειΕ
1260 3148 1294 3200 14
1312 3148 1384 3200 οὕτω

316 3212 353 3279 D,
373 3229 449 3267 corr.
465 3212 517 3271 Dw
600 3213 633 3266 16
651 3215 770 3283 κυούσης
788 3215 823 3281 Α,
844 3215 979 3284 τικτούσης
999 3216 1073 3285 pr
1153 3218 1186 3272 17
1206 3218 1330 3278 σαπέντος
1348 3216 1383 3287 A,

317 3286 509 3354 διαφθαρέντος
528 3284 602 3354 pr
673 3286 808 3355 βασιλίδος
829 3286 850 3341 C

219 3470 252 3525 16
262 3470 343 3520 mato
363 3470 469 3520 contra
488 3480 632 3534 magnum
652 3470 770 3535 patrem
789 3465 889 3520 animo
909 3466 972 3521 irae
992 3467 1081 3537 pleno
1104 3482 1217 3535 rursus,
1246 3474 1281 3522 ut
1303 3483 1383 3537 quae

262 3537 455 3592 intercedunt
481 3538 623 3604 omittam,
652 3536 817 3606 persuadet
842 3538 958 3606 morito,
989 3553 1078 3608 quem
1107 3541 1216 3608 quovis
1242 3540 1383 3594 trahebat

219 3609 347 3668 17velut
366 3609 507 3678 capistro,
527 3609 610 3662 utin
630 3610 753 3662 exilium
773 3614 909 3663 sanctum
930 3610 1013 3663 illum
1028 3616 1109 3680 agat.
1147 3611 1184 3665 Et
1197 3612 1246 3665 ilie
1260 3610 1382 3681 quidem

262 3694 302 3733 ex
322 3679 449 3734 ecelesia
468 3684 611 3734 extrusus
631 3686 661 3734 et
679 3682 710 3734 iu
730 3686 828 3734 terres
847 3680 998 3735 abductus
1017 3682 1203 3751 periculosae
1219 3693 1248 3740 et
1261 3684 1292 3736 in
1305 3682 1380 3750 locs,

218 3755 253 3809 18
263 3765 343 3819 quae
361 3751 467 3819 procul
487 3750 623 3818 aberant,
643 3759 785 3817 remotus,
804 3751 914 3805 multas
933 3757 1078 3821 expertus
1097 3758 1142 3807 est
1157 3755 1188 3807 in
1204 3755 1312 3808 itinere
1327 3754 1381 3807 dii·

262 3822 420 3889 ficultates,
439 3837 515 3891 quas
533 3823 612 3876 iliius
631 3839 755 3877 auream
777 3824 912 3893 linguam
931 3824 961 3876 in
976 3824 1112 3893 epistulis
1126 3829 1299 3879 narrantem
1313 3825 1382 3879 lieet

218 3898 253 3952 19
262 3892 378 3947 audire.
415 3894 574 3949 Profectus
597 3895 676 3948 enim
701 3894 853 3949 Cueusum
878 3894 1009 3964 indeque
1032 3894 1205 3965 Pityuntem
1231 3895 1382 3950 abductus

263 3963 405 4019 Cumanis
423 3979 491 4019 cum
511 3972 694 4032 versaretur,
714 3966 807 4020 vitam
828 3966 923 4019 finivit
943 3981 1039 4021 annos
1060 3972 1151 4021 natus
1172 3967 1233 4036 LII,
1260 3968 1383 4021 iunctus

217 4035 441 4106 20p0ntiiioatu
460 4038 586 4105 reginae
605 4037 727 4091 urbium
746 4052 843 4090 annos
863 4038 997 4106 quinque
1017 4053 1084 4092 eum
1108 4038 1240 4093 dimidio.
1278 4038 1383 4109 Neque

262 4116 364 4162 temen
388 4107 562 4162 dormitavit
587 4108 691 4161 divina
715 4108 837 4175 iustitis,
868 4108 922 4162 sed
946 4109 1083 4164 celeriter
1105 4124 1253 4181 aggressa
1273 4116 1318 4165 est
1337 4119 1383 4165 ter

217 4180 402 4239 21miserom
415 4178 496 4232 iliam
510 4179 656 4249 reginam.
693 4178 834 4233 Nondum
848 4181 926 4233 enim
942 4184 1003 4235 tres
1023 4182 1245 4251 praeterierant
1264 4196 1383 4237 menses

263 4254 474 4320 postmortem
495 4249 700 4320 chrysostomi
722 4252 825 4321 petris,
854 4266 922 4304 cum
942 4252 972 4304 in
992 4266 1118 4321 gravem
1142 4252 1247 4308 incidit
1271 4268 1382 4307 cesum.

217 4320 417 4384 22Gravidse
437 4323 517 4377 enim
535 4322 670 4378 mulieris
689 4323 791 4378 foetus
807 4323 942 4391 moritur,
961 4324 1003 4378 itu
1017 4330 1050 4379 ut
1064 4324 1183 4380 dotores
1197 4339 1283 4381 sores
1297 4340 1383 4396 puer·

262 4408 368 4473 peram
387 4398 549 4468 vexarent3
577 4394 629 4467 qui
654 4408 722 4452 eum
746 4395 828 4453 intus
854 4398 1051 4469 putresceret,
1076 4397 1185 4471 regino
1208 4400 1296 4455 utero
1321 4411 1383 4455 eor·
