3050 4775
159 366 280 467 ntem
298 396 348 467 tv.
366 396 596 470 svcesnvitr
614 398 732 469 insse
750 394 802 466 st
821 392 1117 467 oonsssnrmve
1136 405 1185 465 vi.
1228 399 1282 465 oet

255 592 323 659 Τοῦ
347 594 382 659 δὲ
403 594 559 668 θανόντος
581 597 600 679 ή
625 594 793 678 Αδγσύστα
815 592 936 678 Εἰρήνη
960 592 1017 657 σὺν
1039 600 1085 676 τῷ
1107 593 1169 657 vini
1184 590 1280 657 Κων-
1293 596 1335 659 10

161 698 311 780 σταντίνῳ
344 698 477 763 δέκατον
503 698 645 763 ἐνιαυτόν
671 705 726 782 τῆς
753 698 874 781 ήλιειίας
902 697 1026 761 ἀνύοντι
1049 695 1104 779 τὴν
1126 695 1281 779 βασίλειον

160 797 264 882 ἀρχήν
296 799 481 875 διεδέξαντο.
526 801 607 885 ήσαν
640 801 675 866 δὲ
706 802 808 883 ἄμφω
840 806 904 863 τῶν
936 800 1117 883 σεβασμίων
1148 798 1308 865 είκόνων2

160 904 382 985 προσκυνηταί,
406 901 472 968 ἀλλ’
497 906 591 969 οὔπω
613 904 687 975 τοὺς
707 902 812 974 πόδας
833 908 870 987 τῇ
892 902 1031 985 βασιλείᾳ
1049 904 1188 985 βεβαίως
1203 902 1281 984 ἐρεί-

134 1004 235 1069 boae!
255 1028 334 1076 τινες
360 1007 466 1077 αὐτοῖς
492 1008 732 1089 ἐπεβούλευσαν,
765 1008 815 1069 ἵνα
844 1005 899 1069 τόν
921 1004 1067 1089 Καίσαρα
1090 1004 1283 1088 Νικηφόρον

159 1104 215 1169 τόν
247 1111 303 1170 τοῦ
336 1108 491 1179 θανόντος
524 1110 680 1193 βασιλέως
713 1107 852 1179 Λέοντος
890 1106 1029 1191 ἀδελφὸν
1065 1109 1319 1191 βασιλεύσωσιῦ

160 1209 356 1293 γνωσθείσης
384 1210 419 1275 δὲ
443 1217 499 1294 τῆς
520 1213 723 1294 συνωμοσίας
744 1211 818 1283 τοὺς
839 1212 899 1294 μὲν
921 1218 975 1295 τῆς
998 1211 1165 1295 ἐπιβουλῆς
1186 1222 1309 1293 μετα-3

160 1310 293 1394 σχόντας
314 1314 499 1397 αἰκισαμένη
523 1316 543 1397 ή
566 1314 686 1397 βασιλὶς
708 1314 762 1378 καί
784 1314 840 1398 τήν
861 1314 1009 1397 τρίχωσιν
1024 1314 1130 1385 αύτοῖς
1144 1312 1281 1396 δποθρί-

160 1415 241 1487 ξασσ
272 1416 444 1497 ὑπερορίαν
473 1416 596 1480 τούτων
627 1417 875 1499 κατεψηφίσατο,
907 1415 981 1487 τοὺς
1013 1415 1047 1479 δὲ
1078 1420 1135 1479 τού
1165 1416 1309 1499 ἀνδρδς4

116 1534 152 1590 10
161 1516 257 1599 αὐτῆς
279 1517 438 1600 ἀδελφούς
459 1519 533 1590 τούς
553 1543 586 1582 τε
608 1518 774 1602 Καίσαρος
796 1519 850 1583 καλ
871 1518 945 1590 τοὺς
970 1519 1196 1601 νωβελισίμους
1222 1542 1281 1583 κα-

160 1624 254 1701 ρήναι
274 1622 543 1701 παρασκευάσασα
565 1621 620 1686 καί
642 1622 817 1705 ἱερωσύνης
833 1622 1009 1705 ἀξιωθῆναι
1024 1621 1078 1685 καί
1092 1621 1282 1704 μεταδοῦναι

159 1728 207 1803 τῷ
217 1721 288 1804 λαῷ
297 1727 363 1786 τῶν
374 1723 577 1806 ἁγιασμάτων
589 1726 715 1808 ἐποίησε
725 1724 806 1788 κατὰ
818 1723 874 1808 τήν
883 1724 995 1807 ἑορτήν
1005 1731 1060 1808 τῆς
1070 1730 1126 1787 τοῦ
1138 1731 1282 1807 σωτῆρος

160 1824 344 1905 γεννήσεως.
390 1825 490 1909 ἐκείνη
515 1826 551 1891 δέ
572 1826 629 1891 σὺν
651 1834 698 1910 τῴ
720 1828 782 1910 υἱῷ
804 1826 1003 1911 προελήλυθε
1022 1826 1100 1909 μετὰ
1116 1834 1170 1910 τῆς
1186 1828 1308 1910 envoi-ti

160 1926 244 1997 θους
273 1933 339 1999 τοῖς
368 1929 526 2011 βασιλεῦσι
555 1930 750 2014 δορυφορίας
779 1930 833 1995 καλ
860 1931 893 1993 έν
920 1936 958 2013 τῇ
984 1930 1104 2013 μεγάλῃ
1133 1930 1282 2013 ἐκκλησίᾳ

118 2048 152 2103 15
161 2030 313 2112 γενομένη
336 2029 372 2093 τδ
395 2032 527 2114 στέμμα,
550 2033 570 2095 δ
592 2032 713 2097 ἐκεῖθεν
736 2034 878 2116 ἀφείλετο
894 2033 912 2096 ὁ
929 2033 1010 2117 ἀνὴρ
1030 2034 1136 2118 αὐτῆς,
1159 2034 1281 2117 προσή-

160 2154 261 2215 νεγκε,
284 2132 400 2215 κόσμῳ
421 2134 538 2197 πλείονι
555 2140 647 2198 τοῦτο
663 2137 910 2219 ἐπικοσμήσασα.
956 2136 1067 2200 ἔστειλε
1082 2135 1117 2199 δὲ
1132 2135 1186 2200 καὶ
1200 2136 1308 2207 narde
1327 2152 1475 2209 P11115A

160 2239 225 2297 τῶν
238 2234 387 2317 Ἀράβων
402 2236 587 2319 στράτευμα,
609 2239 659 2301 ἵνα
682 2238 844 2322 ἀνακόπτη
868 2239 923 2310 τὰς
946 2240 1075 2303 ἐκείνων
1098 2239 1280 2322 ἐπιδρομάς.

160 2337 340 2412 ἐξελθόντες
362 2336 421 2403 οὗν
443 2338 493 2403 ἐπί
514 2338 679 2424 λεηλασίαν
694 2340 862 2425 Ἀγαρηναλ
885 2346 1095 2406 συναντῶνιαι
1116 2340 1204 2424 παρὰ
1227 2347 1307 2425 τήςγ

160 2441 319 2525 σταλείσης
341 2440 522 2527 Ῥωμαϊκῆς
549 2449 691 2526 στρατιᾶς
717 2443 772 2508 καλ
802 2445 966 2526 τρέπονται
997 2443 1051 2508 καὶ
1082 2444 1281 2528 ἀναιροῦνται

161 2637 176 2690 1
200 2637 319 2708 βασιλεία
341 2639 542 2694 Κωνστσνείνου
564 2640 610 2694 καί
631 2639 749 2710 Εἰρήνης
773 2647 818 2709 τῆς
840 2641 940 2708 μητρός
968 2641 999 2704 (τ.
1022 2660 1051 2709 μ.
1076 2653 1133 2694 om.
1152 2637 1190 2709 A)
1218 2636 1279 2706 ΑΕ,

158 2710 280 2778 βασιλεία
296 2711 415 2781 Εἰρήνης
432 2710 465 2780 Β,
482 2712 603 2782 βασιλεία
614 2712 733 2781 Εἰρήνης
745 2712 792 2765 καί
804 2712 1003 2766 Κωνστανείνου
1015 2719 1060 2766 τοῦ
1078 2712 1139 2764 υίοῦ
1157 2713 1237 2779 αὐτῆς
1255 2709 1281 2763 R

159 2781 178 2835 3
195 2783 235 2835 ότι
255 2782 394 2853 εἰτιβουλής
415 2784 556 2853 γενομένης
578 2783 596 2853 ἡ
617 2784 721 2853 Εἰρήνη
741 2783 877 2852 (θεοδώρο
896 2782 930 2851 C)
949 2782 1009 2843 τούς
1027 2782 1076 2851 μὲν
1095 2785 1163 2847 (0111.
1183 2781 1217 2846 E)
1236 2781 1280 2836 ἄλ-

160 2853 223 2913 λους
249 2855 366 2920 ἐκόλασε,
395 2855 455 2914 τούς
482 2855 512 2910 δδ
538 2856 737 2925 όνδραδέλφους
762 2855 844 2914 αδτ”ς
871 2856 985 2914 ἅπαντας
1009 2855 1078 2924 (om.
1094 2853 1130 2917 C)
1157 2853 1281 2920 ἀπέκειρε

161 2926 264 3063 griffi
282 2927 326 2980 sio
345 2927 379 2992 Ε)
402 2928 449 2982 καί
472 2927 555 2997 ἱερέας
577 2929 699 2996 γενέσθω
718 2931 788 2992 (om.
808 2875 830 2981 δ

831 2931 841 2996 )
864 2926 1057 2981 κατεσκεύασεν
1076 2925 1280 2993 (παρεσκεύασεν

215 3165 426 3232 sentiemes:
497 3175 567 3240 poet
585 3169 615 3224 δὲ
633 3170 703 3225 add.
721 3168 811 3225 καίΟ
888 3166 1012 3238 δγίωνῦ
1094 3166 1128 3221 10
1145 3165 1281 3237 νωβελισί·

213 3258 281 3306 μους
298 3239 334 3308 Α,
352 3241 556 3310 νωβελλισίμους
575 3241 628 3296 Rw
651 3282 658 3309 ‚
677 3242 884 3314 νιοβελισσίμους
902 3237 952 3310 Di,
972 3255 1000 3293 ν.
1021 3238 1061 3292 ad
1079 3237 1133 3295 XV
1152 3240 1178 3307 8,
1197 3239 1214 3292 2

214 3309 427 3442 ΞὲγῖεοῗΙΕτήςῦ
482 3313 516 3367 16
534 3312 618 3368 τούτω
712 3314 745 3369 lt
764 3320 819 3368 τῶν
832 3329 889 3368 om.
903 3310 930 3365 D
981 3311 1018 3366 .ίν’
1031 3308 1080 3366 BC
1136 3311 1170 3365 18
1188 3329 1280 3366 συναν·

251 3561 294 3618 10.
312 3561 357 3618 Εο
375 3566 494 3619 mortuo
513 3561 656 3636 Auguste
676 3562 776 3619 Innnn
802 3569 832 3619 et
851 3563 929 3618 fliius
956 3563 1021 3618 eius
1041 3557 1280 3618 Consrsnrmvs

161 3631 311 3689 decimum
330 3636 439 3690 aetatis
458 3650 573 3690 annum
591 3651 688 3707 agens
706 3651 837 3706 regnum
850 3638 1062 3706 susceperuut,
1082 3635 1171 3688 ambo
1191 3640 1308 3695 vene2

161 3705 326 3760 sanderum
346 3707 514 3777 imaginum
537 3708 728 3776 adoratorem
755 3708 809 3761 sed
829 3722 926 3776 regno
946 3706 1081 3760 nondum
1100 3705 1218 3759 firmato
1239 3706 1281 3758 in-

162 3778 246 3832 sidiis
265 3780 391 3849 appetiti
409 3784 480 3832 eunt
499 3793 518 3831 ε
537 3779 719 3848 quibusdam
739 3779 862 3835 Caesari
878 3777 1057 3847 Nicephoro,
1076 3778 1187 3831 mortui
1206 3775 1281 3830 Leo·

162 3850 209 3903 nis
226 3851 322 3919 fratri,
341 3865 489 3905 summam
507 3865 609 3905 rerum
629 3850 749 3905 deferre
769 3851 968 3920 cupientibus.
996 3848 1213 3904 Coniuratione
1232 3846 1308 3910 de·3

162 3925 243 3975 tecte
261 3924 370 3992 regine
388 3921 581 3977 insidiatores
606 3923 798 3976 excruciatos
825 3937 862 3976 ao
886 3922 953 3991 pilis
972 3919 1103 3975 nudatos
1122 3919 1280 3988 relegavit,

161 3993 262 4047 meriti
279 4009 354 4048 vero
374 3995 421 4048 sui
440 3995 551 4048 fratres
569 4001 630 4048 tem
641 3993 788 4048 Caesares
807 4007 897 4063 quem
908 3993 1109 4046 nobilissimos
1127 3989 1308 4052 radendos4

162 4070 193 4118 et
210 4065 242 4117 in
261 4064 454 4120 secerdotum
473 4065 610 4120 ordinem
635 4065 813 4134 allegendae
833 4065 960 4130 curavit,
980 4069 1013 4118 ut
1032 4078 1080 4117 res
1099 4077 1202 4117 sacras
1229 4076 1281 4130 po·

162 4134 235 4204 pulo
253 4136 481 4206 impertirentur
507 4137 540 4190 in
570 4139 648 4192 festo
667 4137 835 4191 nativitatis
855 4135 1027 4202 servatoris,
1055 4135 1183 4203 ipseque
1211 4141 1307 4195 eum5

161 4207 223 4261 filio
242 4209 335 4278 regiis
353 4208 534 4263 satellitibus
558 4210 670 4278 stipate
689 4209 836 4278 prooessit
864 4221 993 4275 cumque
1014 4207 1044 4258 iu
1064 4219 1205 4274 magnam
1235 4217 1280 4257 eo·

162 4278 285 4334 olosiem
305 4281 502 4350 pervenisset,
522 4294 666 4335 eoronam
685 4295 704 4334 s
723 4281 832 4334 merito
852 4293 907 4334 suo
927 4277 1058 4331 ablatam
1078 4275 1216 4345 pluribus
1236 4289 1280 4328 or·

161 4354 312 4407 nomentio
329 4351 441 4406 additis
458 4353 598 4408 restitnit.
634 4352 714 4407 Misit
736 4354 827 4407 etiam
846 4352 983 4422 legiones
1010 4348 1050 4402 ed
1072 4345 1307 4416 reprimendesfi

161 4425 297 4484 Arabum
316 4431 513 4485 incursiones.
551 4431 686 4503 Agaroni
705 4433 800 4504 igitur
819 4430 998 4500 praedatum
1018 4424 1141 4497 egressi,
1162 4437 1229 4476 oum
1249 4421 1308 4486 ini
