3050 4775
248 368 302 430 nas
558 366 695 438 zonas.
714 368 814 437 niti.
833 368 887 437 xv
907 377 949 451 ιο,
968 370 1064 441 t-st.

220 562 364 627 suetidi.
409 562 443 627 έν
466 564 502 629 δέ
524 588 559 646 γε
580 571 618 649 τῇ
645 562 758 648 Θράκῃ
782 564 862 629 κατά
884 565 920 630 τδ
943 566 1083 649 Μακρὸν
1105 572 1205 651 τεῖχος
1228 564 1296 632 τότε
1323 588 1368 639 τις

247 665 388 746 ὀρύττων
409 667 541 749 λάρνακι
564 667 739 750 ἐντυγχάνει
761 666 863 752 λιθίνη
887 668 1065 752 ἀνθρώπου
1089 670 1230 753 φερούσῃ
1253 671 1367 753 νεκρδν

220 768 301 831 enat
323 769 492 853 γράμματα
516 771 773 854 ἐγκεκολαμμένα
796 771 912 855 ἰχούση
936 772 1064 853 λέγοντα
1082 772 1242 855 “Χριστδς
1263 774 1366 856 μέλλει

247 872 415 952 γεννᾶσθαι
437 873 474 937 ἐκ
495 874 670 956 παρθένου,
696 872 752 937 καί
773 873 909 937 πιστεύω
931 874 975 944 εἰς
998 874 1104 939 αὐτόν·
1138 875 1187 938 ἐπὶ
1211 876 1245 939 δὲ
1268 877 1403 940 Κων-Ι)
1416 877 1523 933 111358

246 975 404 1038 σταντίνου
431 975 485 1039 καί
509 974 647 1059 Εἰρήνης
673 981 739 1039 τῶν
766 976 922 1059 βασιλέων
949 976 1050 1050 πάλιν,
1082 977 1157 1060 ήλιε,
1190 978 1263 1060 ὄφει
1294 980 1392 1061 με”ὂ

204 1085 237 1139 10
244 1077 437 1160 βουληθεῖσα
465 1080 571 1161 μέντοι
597 1080 617 1161 ή
646 1078 765 1161 βασιλὶς
793 1077 915 1161 Εἰρήνη
948 1084 1081 1161 γυναῖκα
1112 1081 1365 1163 μνηστεύσασθαι

244 1186 291 1261 τῷ
314 1182 384 1263 vidi,
408 1182 532 1264 ἔπεμψε
553 1180 635 1264 πρὸς
657 1180 827 1263 Κάραυλον
849 1180 903 1243 τὸν
926 1182 1008 1263 ρῆγα
1031 1186 1095 1245 τῶν
1118 1182 1286 1266 Φράγγων,
1309 1182 1365 1265 τὴν

56 1290 182 1346 wmas
202 1282 365 1346 11ἐκείνου
393 1284 490 1347 παῖδα
519 1292 566 1366 τῷ
598 1285 705 1367 οἰκείῳ
731 1286 884 1368 μνωμένη
916 1285 1014 1348 παιδί.
1064 1284 1126 1349 εἶτα
1158 1286 1194 1349 τὸ
1225 1293 1365 1351 τοιοῦτον

210 1385 344 1468 Βκήδος
365 1386 579 1451 καταλαιοῦσα
603 1386 783 1470 διὰφόβον
803 1387 857 1449 καί
879 1386 1057 1470 φιλαρχίαν,
1089 1388 1139 1451 ἵνα
1160 1387 1207 1471 μὴ
1232 1389 1364 1472 δύναμιν

244 1487 263 1551 ό
285 1487 354 1560 υίὸς
376 1489 473 1571 αὐτῆς
493 1490 695 1573 περιβάληται
715 1489 771 1572 τὴν
791 1494 856 1552 τῶν
871 1488 1030 1572 Φράγγων
1046 1488 1097 1553 διὰ
1112 1490 1168 1573 τήν
1183 1492 1363 1575 ἀγχιστείαν,
1375 1498 1410 1553 10

200 1591 279 1664 mie
310 1590 394 1673 ἑῴας
424 1593 536 1675 ήνεγκε
567 1592 683 1676 κόρην·
715 1594 756 1675 ἣν
784 1593 815 1655 οί
839 1592 898 1675 μὲν
925 1592 961 1655 ἐκ
988 1598 1043 1657 τοῦ
1065 1598 1130 1656 τῶν
1147 1594 1364 1676 Ἀρμενιακῶν

243 1693 383 1775 θύματος
408 1694 559 1777 λέγουσιν,
591 1696 690 1776 ἕτεροι
718 1691 747 1759 δ’
772 1696 808 1759 ἐκ
837 1694 1072 1777 Παφλαγόνων,
1105 1693 1203 1759 οὖσαν
1229 1703 1285 1762 τοῦ
1314 1698 1364 1761 ἐπί

243 1794 436 1879 ἐλεημοσύνη
470 1796 639 1880 διαβοήτου
667 1796 838 1879 Φιλαρέτου
873 1796 1053 1879 θυγάτριον,
1087 1798 1141 1861 καί
1171 1799 1285 1881 ταύτην
1316 1807 1363 1882 τῷ

243 1896 473 1981 Κωνσταντίνῳ
495 1900 675 1972 συνέζευξεν
697 1900 803 1963 ἄκοντι
826 1900 879 1963 καί
901 1898 956 1963 τδν
978 1900 1081 1982 γάμον
1099 1901 1194 1985 αὐτῆς
1210 1902 1361 1985 ἀποστέρ-

243 2023 336 2082 γοντι,
354 2001 400 2063 δτι
414 2001 470 2084 τὴν
484 2006 541 2065 τοῦ
556 2000 727 2084 Καρούλου
742 2003 841 2066 παῖδα
857 2003 1000 2073 ἐκτόπως
1015 2003 1188 2086 ἀγαγέσθαι
1204 2004 1359 2087 ἐβούλετο.
1373 2014 1407 2067 m

199 2114 233 2168 13
324 2103 454 2186 Ἀαρὼν
476 2103 511 2167 δὲ
533 2104 553 2168 ό
574 2109 639 2168 τῶν
654 2105 802 2187 Ἀράβων
823 2105 963 2189 ἀρχηγὸς
985 2104 1065 2169 κατὰ
1076 2105 1246 2188 Ῥωμαίων
1267 2130 1361 2190 στρα-

243 2297 256 2350 1
277 2297 338 2366 περί
355 2306 401 2368 τῆς
419 2299 574 2367 εὑρεθείσης
591 2298 722 2368 λάρνακος
740 2300 880 2368 (εύρέσεως
892 2307 938 2370 τῆς
950 2299 1080 2369 λάρνακος
1093 2299 1127 2365 Ε)
1145 2298 1174 2353 έν
1192 2309 1223 2371 τῇ
1242 2303 1310 2365 (om.
1326 2300 1360 2369 Ε)

244 2370 340 2440 Θρᾴκη
359 2369 427 2426 κατὰ
445 2370 474 2425 ιδ
485 2370 603 2440 Μακρὸν
620 2379 706 2441 τεῖχος
726 2370 925 2442 (κατὰ-τεῖχος
939 2387 995 2427 om.
1009 2371 1044 2438 E)
1058 2370 1105 2428 ΟΕ
1177 2372 1194 2428 5
1212 2373 1228 2427 δ
1246 2373 1360 2428 Πλάτων

241 2441 275 2510 ήν
293 2441 317 2495 Ε
337 2443 376 2510 (v.
396 2441 431 2498 G.
451 2441 487 2496 M.
508 2459 536 2513 p.
555 2443 616 2510 662,
635 2443 653 2497 9
671 2443 818 2508 scholion)
943 2445 960 2498 6
978 2446 1015 2498 ὅτι
1034 2444 1232 2514 κατηγγυήσατο
1252 2454 1290 2514 τῷ
1308 2447 1361 2514 vini

240 2521 352 2582 γυναῖκα
370 2514 387 2583 ή
406 2514 509 2584 Εἰρήνη
530 2513 578 2570 ΟΕ
678 2515 712 2569 16
730 2516 769 2568 ὅτι
788 2517 804 2568 ό
821 2520 874 2569 τῶν
890 2515 1009 2585 Ἀράβων
1028 2515 1143 2584 ἀρχηγός
1160 2517 1238 2586 μέχρι
1257 2517 1360 2587 (μέχρις

241 2583 276 2652 Ε)
294 2586 493 2654 Χρυσοπόλεως
514 2584 602 2641 ε’λθὼν
625 2586 772 2641 ἐσπείσατο·
802 2589 903 2656 φόρους
924 2587 1011 2648 αὐτοῖς
1030 2589 1131 2642 διδόναι
1149 2595 1203 2642 τῶν
1217 2589 1360 2658 Ῥωμαίων

240 2656 411 2725 συνθεμένων
430 2655 479 2712 ΟΕ

293 2831 350 2891 1.2
367 2837 405 2897 τίς
423 2835 540 2906 ὀρύττων
558 2840 614 2891 τότε
632 2835 659 2891 D
731 2835 749 2893 ό
768 2838 829 2908 ὄφει
846 2858 882 2908 με
899 2839 956 2908 ἥλιε
975 2837 1011 2906 D,
1031 2853 1079 2894 me
1093 2837 1211 2893 videbis
1226 2838 1285 2893 sol:
1308 2839 1359 2894 Wo

293 2907 344 2963 lat.
416 2909 491 2979 ὄφεις
509 2907 546 2980 p*
564 2910 667 2963 invitis
685 2907 766 2964 ARw
839 2910 856 2964 7
873 2911 1006 2978 κάρουλον
1019 2908 1095 2978 ODi,
1114 2911 1245 2979 καροῢλον
1258 2910 1358 2981 AEwp

292 2980 311 3034 8
327 2980 444 3050 μνομίνη
459 2979 496 3051 ρ*
507 2981 610 3036 Invitis
623 2980 705 3035 saw
777 2982 794 3036 9
812 2981 946 3037 ἐάσασαΟ
1020 2986 1088 3052 post
1104 2981 1142 3053 μή
1161 2981 1230 3036 add.
1249 2980 1294 3036 διὰ
1312 2980 1359 3052 τήν

292 3051 439 3120 ἀγχιστείαν
458 3051 576 3122 τὴντῶν
595 3053 724 3122 φράγγων
742 3051 825 3123 pr,
846 3069 874 3108 v.
894 3053 933 3107 ad
952 3069 996 3108 vs.
1016 3053 1052 3108 10
1154 3054 1188 3107 10
1205 3074 1264 3122 περι
1284 3054 1359 3123 έβλη·

292 3144 333 3177 ται
392 3124 494 3179 invitis
507 3123 589 3178 Alta
660 3124 779 3194 τὴντῶν
798 3153 831 3163 -
850 3125 998 3195 ἀγχιστείαν
1016 3141 1073 3180 om.
1087 3122 1169 3195 pr,
1190 3141 1218 3179 v.
1231 3140 1250 3179 a
1285 3125 1359 3180 καθ

293 3194 326 3248 11
345 3202 518 3263 αρμενιακῶν
530 3194 558 3249 D
613 3195 647 3249 12
666 3201 735 3266 post
752 3197 867 3264 θέματος
886 3197 955 3251 add.
974 3197 1108 3265 όρμᾶσθαι
1125 3196 1200 3267 pr
1258 3197 1292 3252 13
1310 3198 1358 3251 δυ·

291 3266 396 3336 γάιριον
415 3268 558 3337 φιλαρέτου
577 3265 601 3320 Β

238 3458 408 3514 Romanam
427 3459 509 3514 illum
521 3461 689 3516 exereitum
701 3461 886 3530 incidissent,
905 3462 936 3517 in
956 3461 1062 3532 sugam
1076 3465 1238 3516 vertuntur
1257 3462 1358 3516 multis

211 3533 345 3587 8eornm
373 3531 547 3586 interfectis.
584 3532 620 3586 In
648 3532 779 3587 Thracia
806 3548 913 3589 versus
942 3535 1066 3604 longum
1086 3533 1205 3588 Murum
1234 3533 1357 3602 quidam

237 3604 318 3658 inter
336 3603 513 3658 fodiendum
533 3605 563 3657 in
582 3603 733 3674 lapideam
753 3606 859 3659 cistam
868 3606 981 3672 incidit,
1001 3606 1051 3660 cui
1070 3605 1234 3660 humanum
1246 3620 1357 3674 corpus

210 3674 344 3742 dinerat,
367 3675 469 3730 incisis
488 3677 519 3729 in
538 3690 575 3730 aa
595 3675 701 3731 litteris
721 3677 781 3730 his:
803 3675 961 3732 “Christus
980 3681 1122 3732 nascetur
1142 3691 1158 3730 e
1178 3677 1306 3747 virgine,
1326 3683 1356 3732 et

238 3747 329 3800 credo
348 3747 379 3799 in
399 3761 476 3801 enm.
513 3747 630 3802 Verum·
650 3748 708 3802 sub
727 3746 816 3802 Irene
841 3753 871 3802 et
890 3747 1087 3803 Constantino
1107 3748 1231 3818 regibus
1249 3763 1356 3803 rursus

193 3819 228 3873 10
237 3818 282 3873 sol
300 3833 349 3872 me
367 3817 513 3872 videbis.”
548 3819 667 3888 Regina
686 3818 774 3873 Irene
793 3820 852 3874 filio
872 3835 999 3874 uxorem
1019 3820 1129 3874 datura
1149 3818 1355 3888 sicardum,

192 3891 270 3944 llre
294 3905 340 3944 em
369 3889 563 3958 Francorum,
591 3891 670 3945 misit
698 3891 737 3945 ad
764 3892 830 3945 eius
857 3892 949 3945 filiam
975 3891 1176 3946 ambiendam.
1213 3890 1289 3945 Tum
1318 3907 1356 3946 aa

237 3976 255 4015 a
287 3962 382 4016 nitate
401 3963 511 4016 omissa
529 3977 569 4017 ex
582 3968 665 4016 metu
685 3967 714 4016 et
732 3963 850 4032 imperii
864 3963 1038 4032 cupiditate,
1058 3978 1096 4018 ne
1116 3962 1167 4016 filii
1182 3977 1255 4032 opes
1266 3963 1356 4018 Fran·

237 4047 341 4087 eorum
360 4033 584 4088 necessitudine
603 4040 800 4103 augerentur,
828 4049 868 4089 ex
888 4034 1011 4089 Oriente
1039 4035 1168 4104 puellam
1188 4035 1355 4090 arcessivit.

193 4103 324 4161 ldHane
342 4104 466 4174 qnidam
485 4120 524 4159 ex
543 4105 725 4159 Armeniaca
743 4106 910 4174 provincia,
930 4105 980 4160 alii
1001 4121 1018 4161 e
1036 4105 1246 4176 Paphlagonia
1266 4107 1355 4176 origi·

235 4191 304 4229 nem
324 4175 438 4230 ducere
450 4176 583 4243 tradunt,
601 4176 753 4241 Philareti‚
774 4178 831 4231 viri
841 4177 1031 4247 benignitate
1050 4193 1125 4247 erga
1139 4193 1254 4247 egenos
1272 4177 1354 4246 clari,

235 4247 336 4313 filiam,
363 4263 492 4316 eamque
511 4246 709 4302 Constantino
737 4249 832 4302 invito
861 4253 891 4303 et
920 4249 1023 4304 abhis
1047 4251 1160 4319 nuptiis
1179 4249 1354 4304 abhorrenti

236 4317 412 4390 despondit3
428 4319 479 4374 iiie
498 4321 578 4374 enim
588 4319 688 4376 Caroli
707 4320 797 4374 tiliam
818 4319 931 4376 ducere
949 4335 985 4376 sn
1009 4335 1043 4375 ra
1062 4321 1183 4376 modum
1203 4335 1241 4376 eu
1264 4321 1353 4376 iebat

191 4391 226 4454 13
323 4389 436 4460 Aaron,
456 4391 520 4447 dux
538 4389 684 4462 Arabum,
702 4397 845 4466 suscepta
864 4397 970 4448 contra
988 4337 1140 4449 Romanos
1159 4337 1354 4468 expeditione
