3050 4775
384 373 533 432 CYPRVS
551 375 601 430 ET
621 374 738 434 SYRlA
756 375 1074 434 RECVPERANTVR.
1234 379 1288 437 503

167 555 223 639 τὴν
253 556 579 622 Κωνσταντινούπολιν
607 557 662 629 τὰς
693 563 747 642 τῆς
777 558 900 642 Ταρσοῦ
931 558 1033 630 πύλας
1063 558 1117 622 καὶ
1148 559 1203 630 τὰς
1233 567 1288 644 τῆς

168 658 292 742 Μόψου
322 661 421 731 ἑστίας
449 661 644 744 ἐπαγόμενος
667 661 703 724 ἐκ
726 661 846 743 χαλκοῦ
869 663 1081 744 πεποιημένας
1102 661 1157 726 καὶ
1179 663 1287 746 τέχνης

169 761 371 834 δεικνυούσης
399 764 569 847 ἀκρίβειαν,
602 767 640 835 ἃς
667 763 813 834 κάκεῖνος
839 763 1055 847 ἐπικοσμήσας
1080 763 1135 835 τὰς
1160 763 1219 846 μέν
1241 771 1320 847 scic
1352 833 1358 843 ,

166 865 245 927 κατὰ
268 864 324 948 τήν
347 865 518 948 ἀκρόπολιν
541 867 617 949 ἑῴῳ
639 867 728 949 τείχει
749 866 965 949 προσήρμοσε,
995 865 1050 938 τὰς
1073 865 1108 930 δὲ
1130 874 1177 949 τῷ
1199 867 1287 950 τείχει

139 974 213 1050 brui
243 969 367 1052 δυτικῴ.
413 969 466 1034 καί
494 977 542 1052 τῷ
569 970 640 1052 θεῷ
663 969 698 1034 δὲ
721 968 868 1052 ἀπαρχὰς
890 970 958 1034 οίον
979 976 1034 1054 τῆς
1057 970 1170 1033 ἑαυτοῦ
1193 979 1313 1052 προ-9

166 1071 246 1142 τείας
269 1071 440 1142 ἀποδιδοὺς
463 1071 535 1143 τοὺς
549 1073 668 1155 τιμίους
683 1072 848 1154 σταυρούς,
872 1075 929 1143 οὓς
943 1073 975 1136 οί
988 1073 1147 1156 βάρβαροι
1161 1072 1285 1156 ἔλαβον,

166 1173 301 1256 ὁπηνίκα
317 1175 336 1238 ὁ
350 1175 575 1259 Στυππειιύτης
590 1180 654 1240 τῶν
670 1175 794 1259 σχολῶν
811 1176 995 1258 δομέστικος
1012 1177 1060 1240 ὢν
1082 1174 1137 1238 καὶ
1157 1175 1285 1258 πολιορ-

165 1281 234 1340 κῶν
260 1276 316 1360 τήν
341 1277 463 1360 Ταρσὸν
490 1279 526 1342 ἐκ
554 1279 767 1360 κακοβουλίας
795 1278 1006 1362 δυστυχήματι
1036 1279 1207 1361 περιέπεσε,
1240 1285 1287 1360 τῷ

165 1379 245 1462 θείῳ
269 1381 385 1463 τεμένει
412 1389 467 1465 τῆς
493 1386 548 1446 τοῦ
575 1381 655 1445 θεοῦ
686 1381 781 1464 λόγου
803 1380 930 1463 Σοφίας
962 1381 1100 1444 ἀνέθετο.
1145 1381 1200 1444 καὶ
1230 1380 1286 1464 τήν
1296 1389 1331 1444 10

123 1481 299 1564 ἸΟΚύπρον
332 1483 366 1546 δὲ
397 1482 484 1566 παρὰ
507 1483 691 1567 Ἄγαρηνιῦν
722 1485 934 1566 κατεχομένην
967 1479 1006 1547 δι’
1036 1483 1134 1547 αὐτοῦ
1162 1485 1182 1566 ἡ
1206 1482 1285 1546 Ῥω-

164 1585 270 1666 μαίων
297 1585 379 1668 ἀρχή
404 1587 647 1670 προσεκτήσατο.
693 1584 755 1649 εἶτα
778 1592 816 1669 τῇ
839 1585 944 1669 Συρίᾳ
965 1586 1084 1668 ἐπῆλθε
1105 1585 1160 1649 καὶ
1181 1585 1328 1656 πόλειςΙΙ

165 1687 370 1771 ἐκπορθήσας
391 1688 446 1750 καί
468 1689 578 1770 χώρας
601 1687 682 1752 ἑλὼν
699 1687 782 1769 πρὸς
796 1695 843 1770 τῷ
857 1686 990 1771 Λιβάνῳ
1012 1686 1066 1751 καί
1087 1693 1126 1771 τῇ
1147 1687 1286 1771 ποραλίη

163 1791 309 1872 κειμένας
332 1789 429 1874 ήλθεν
447 1792 490 1861 εἰς
505 1790 698 1873 Ἀντιόχειαν.
743 1796 808 1854 τῶν
824 1786 852 1854 δ’
869 1790 1053 1873 Ἀντιοχέων
1068 1790 1330 1854 &asmodeum-12

163 1893 272 1975 μένων
294 1893 574 1976 ἐρρωμενέστερον,
598 1894 660 1976 ήδη
685 1892 720 1957 δὲ
737 1891 870 1957 καὶτῶν
886 1892 1067 1976 ἐπιτηδείων
1082 1892 1285 1956 ἐπιλιπόντων

118 2001 152 2056 15
164 1983 228 2065 τοῖς
243 1997 442 2077 στρατιώταις
458 1995 511 2059 καὶ
525 1995 674 2078 τέλματος
689 1995 723 2070 ἐξ
739 1995 830 2060 ὑετοῦ
847 1995 1010 2078 γεγονότος
1023 1995 1151 2069 πολλοῦ,
1167 1995 1282 2079 ἀπέστη
1294 2004 1322 2057 Ι)

163 2104 217 2182 τῆς
244 2099 427 2180 πολιορκίας
449 2098 605 2180 καὶπρὸς
627 2098 682 2181 τὴν
705 2103 770 2162 τῶν
791 2099 917 2162 πόλεων
940 2097 1166 2180 ὑπερκειμένην
1188 2097 1282 2161 ἐπαν-

25 2207 54 2260 D
67 2207 105 2262 tv
118 2201 322 2284 διελήλυθεν,
355 2203 530 2284 ἐπηγμένος
561 2201 614 2265 καί
643 2200 678 2264 τὸ
704 2207 760 2265 τοῦ
784 2207 928 2285 σωτῆρος
950 2199 1090 2283 Χριστοῦ
1118 2199 1203 2283 ἱερὸν
1229 2200 1284 2264 καὶ

163 2304 251 2368 θεῖον
282 2303 464 2386 ἐκτύπωμο,
497 2304 572 2368 δέν
594 2303 729 2389 κεράμῳ
751 2301 824 2386 εὗρε
848 2303 928 2368 κατὰ
956 2303 1012 2389 τήν
1031 2303 1201 2386 Ἱερόπολιν
1227 2302 1283 2387 τήν

94 2574 96 2577 ,
162 2517 180 2571 9
198 2517 259 2585 περὶ
278 2525 323 2586 τῆς
342 2517 453 2585 Κύπρου
474 2516 521 2572 ΟΕ
614 2518 647 2570 11
667 2518 706 2570 ότι
725 2524 771 2586 τῆς
788 2518 889 2586 Συρίας
907 2517 996 2577 πόλεις
1013 2517 1153 2587 πορθήσας
1171 2517 1218 2571 καί
1236 2517 1283 2588 τήν

159 2588 315 2659 Ἀντιόχειαν
331 2589 485 2657 πολιορκῶν
503 2588 633 2659 ἀπανέστη
655 2588 792 2659 (ἐπανέστη
812 2588 912 2655 Ε)καὶ
929 2588 990 2659 περὶ
1008 2596 1055 2645 τοῦ
1072 2589 1149 2659 ἁγίου
1173 2610 1282 2660 κεραμι-

162 2716 221 2769 δίου
241 2662 402 2784 (κεραμίῦ)
422 2714 470 2772 ΟΕ

218 2908 231 2961 l
251 2910 444 2962 κωνστανιίνου
457 2906 531 2977 pr
605 2914 651 2976 τῆς
664 2908 748 2977 prius
763 2907 855 2963 om.0
926 2910 944 2963 3
962 2910 1136 2979 δεικνυούσης
1148 2910 1184 2977 D,
1203 2926 1281 2964 corr.

215 2978 267 3037 Dw
338 2979 356 3033 4
375 2983 446 3035 ante
464 2981 543 3049 τείχει
563 2980 631 3033 add.
652 2978 712 3032 ίώω
728 2978 876 3051 OmpDi),
896 2979 1015 3035 ontAE
1087 2981 1104 3035 5
1122 2982 1230 3035 διοτιιιῶ
1244 2981 1279 3049 Ι),

215 3066 291 3106 corr.
305 3050 358 3111 Dw
429 3051 508 3105 αὐτοῦ
528 3051 601 3121 Ewp
675 3053 794 3119 στρατίας
814 3052 845 3120 Ε,
865 3059 984 3121 στρατιᾶς
1004 3052 1031 3104 Ι)
1103 3050 1280 3113 6ἀποδίδους

214 3122 252 3193 ρ*
324 3122 520 3192 Ἰστυπειώτης
538 3122 612 3192 pr
633 3122 718 3179 Cedr.
738 3122 882 3193 (Scylitz.)
901 3123 930 3178 II
950 3140 977 3193 p.
996 3123 1058 3191 363,
1078 3123 1120 3191 15,
1140 3139 1215 3178 corr.
1227 3124 1280 3183 D„

250 3193 289 3248 ὧν
307 3194 343 3259 D,
363 3195 402 3249 ὢν
421 3210 496 3249 corr.
517 3194 569 3253 Dw
651 3196 669 3249 8
686 3194 833 3262 περιίπειστ
851 3195 888 3263 Ι),
908 3211 983 3250 corr.
1003 3194 1055 3253 Dw
1137 3196 1172 3248 10
1189 3215 1278 3263 κατεχ.

212 3264 284 3334 παρὰ
302 3266 442 3336 ἀγαρηνῶν
461 3264 523 3333 BD,
542 3286 632 3335 κατεχ.
652 3264 703 3319 ὑπὸ
722 3273 776 3320 τῶν
793 3266 935 3335 ἅγαρηνῶν
955 3266 977 3321 C
1077 3267 1112 3320 12
1129 3266 1279 3335 ἒρποθήσας

214 3337 322 3405 (sic)E
402 3338 501 3407 χώρας]
520 3338 607 3397 πόλεις
625 3336 652 3390 D
735 3336 770 3391 13
788 3338 931 3407 ἀντιοχέων
950 3354 1007 3392 om.
1026 3336 1091 3408 νὴ)
1176 3337 1210 3391 14
1227 3337 1280 3392 ίπι·

211 3408 355 3463 λειπόντων
373 3407 474 3477 DEwp
548 3408 581 3463 17
600 3408 628 3463 τδ
647 3424 704 3463 om.
725 3407 752 3461 D

158 3600 274 3657 hestiae
293 3603 397 3670 portas
416 3600 559 3668 exquisiti
578 3600 703 3667 artificii,
724 3602 813 3655 novis
833 3602 1017 3655 ornamentis
1031 3601 1150 3669 additis,
1169 3600 1278 3671 partim

158 3688 245 3727 muro
264 3673 351 3725 iuxta
370 3671 534 3740 acropolim
555 3672 701 3739 orientali,
730 3674 840 3741 partim
860 3672 1041 3727 occidentali
1059 3672 1277 3727 accomodavit.

158 3742 258 3812 Atque
277 3743 367 3797 etiam
388 3741 445 3797 deo
466 3742 552 3811 quusi
572 3744 718 3813 primitias
738 3742 941 3812 expeditionis
960 3758 1035 3797 suae
1052 3743 1168 3811 obtulit,
1188 3743 1305 3799 vene-9

157 3814 262 3869 randis
275 3814 425 3879 crucibus,
445 3814 555 3883 quibus
569 3814 691 3868 bar-bari
706 3814 792 3884 potiti
805 3819 900 3881 erant,
920 3829 989 3869 oum
1009 3812 1177 3884 Styppiota,
1195 3814 1278 3869 scho-

157 3884 255 3940 larum
274 3885 465 3949 domesticus,
488 3886 518 3939 in
539 3885 697 3941 obsidione
716 3884 804 3939 Tarsi
823 3901 857 3940 rc
875 3901 930 3955 per
947 3885 1181 3955 imprudentiam
1200 3885 1279 3941 male

157 3960 245 4027 gesta
270 3956 387 4011 cladem
411 3958 584 4027 accepisset,
615 3955 643 4013 S.
664 3955 796 4025 Sophiae
818 3956 929 4027 templo
952 3955 1107 4011 dedicatis.
1144 3954 1323 4080 cgprumio

1188 4043 1205 4082 e

178 4042 280 4098 noque
293 4028 332 4082 ab
343 4026 494 4098 Agerenis
508 4033 687 4098 occupatam
697 4026 834 4081 Romano
847 4028 973 4097 imperio
991 4028 1130 4083 restituit.
1204 4027 1321 4083 indoli

157 4044 276 4169 {ynam
295 4100 408 4154 invasit
423 4104 453 4154 et
466 4100 593 4154 urbibus
608 4099 743 4169 locisque
757 4098 797 4153 ed
810 4097 959 4152 Libanum
974 4104 1005 4153 et
1017 4100 1104 4153 iuxta
1116 4114 1200 4153 mare
1213 4100 1277 4153 sitis

157 4171 266 4240 partim
286 4171 479 4242 expugnatis,
499 4172 609 4240 partim
629 4172 755 4225 vastatis
769 4168 810 4224 ad
819 4168 1009 4224 Antiochiam
1022 4170 1114 4224 venit.
1146 4168 1206 4225 Sed
1216 4168 1276 4224 An·
1288 4170 1322 4223 12

157 4242 303 4299 tiochcnis
316 4242 417 4297 acrius
431 4243 649 4310 resistentibus,
670 4242 835 4297 accedente
846 4242 936 4295 etiam
946 4246 1131 4296 commeatus
1148 4242 1277 4310 penuria

157 4318 187 4369 et
206 4313 270 4369 solo
290 4313 436 4367 imbribus
455 4314 612 4381 inundato,
638 4313 737 4367 soluta
757 4312 916 4367 obsidione
934 4312 964 4365 in
983 4312 1091 4366 urbem
1109 4314 1276 4439 ffiincipem

156 4384 256 4454 rediit,
275 4384 367 4440 allata
386 4386 551 4441 servatoris
571 4384 677 4441 Christi
701 4400 789 4441 sacra
808 4384 974 4455 divinaque
993 4384 1092 4455 effigie
1153 4384 1276 4455 erapoli,
