3050 4775
237 353 272 414 56
526 349 662 408 ZONAR.
681 350 780 409 EPIT.
801 350 873 408 xlii
893 349 935 421 11,
951 349 1066 406 11-23.

237 542 349 607 τεύόεν
376 542 500 621 συνεχεῖ
521 537 655 620 ληφθεὶς
681 543 810 620 πυρετῷ
836 535 933 620 χολήν
959 560 991 600 τε
1018 531 1187 618 ἀναγαγὼν
1209 533 1358 618 μέλαιναν

239 645 431 727 ἐτελεύτησεν
453 643 487 707 ἕν
509 640 634 723 Μόφου
657 644 759 723 κρήνῃ
795 639 903 722 (κεῖται
930 639 965 703 dd
993 641 1070 722 αὐτη
1103 637 1182 702 κατὰ
1214 637 1270 721 τὴν
1301 643 1356 701 τοῦ

146 751 173 806 Ι)
195 750 228 805 12
241 749 367 830 Ταύρου
389 742 575 827 ὑπώρειαν),
600 744 650 808 ent
672 744 775 824 τρισίν,
800 744 846 813 ὡς
866 743 991 824 λέγεται,
1014 741 1220 826 μεμφόμενος
1242 743 1355 823 ἑαυτῷ,

237 859 284 933 τῴ
306 851 399 934 φόνῳ
421 854 486 912 τῶν
509 851 669 928 συγγενῶν
693 843 745 925 (οὐ
769 845 829 928 γὰρ
852 845 906 910 τὸν
921 845 1043 909 Γάλλον
1057 846 1157 928 μόνον
1173 847 1356 918 ἀπέκτεινεν,

239 955 286 1025 ὡς
308 956 424 1036 εἴρηται
446 951 519 1035 ἤόη,
544 950 620 1014 ἀλλά
643 949 793 1020 καὶτοὺς
816 947 973 1032 ἀδελφοὺς
995 954 1050 1012 τού
1074 950 1189 1014 οἰκείου
1212 940 1383 1031 πατρός),5

238 1062 276 1140 τῇ
298 1057 468 1138 ἀναρρήσει
490 1059 545 1118 τοῦ
564 1041 739 1117 Ἰουλιανού
758 1052 813 1116 καὶ
834 1059 873 1136 τῇ
895 1051 1078 1136 καινοτομίᾳ
1100 1059 1154 1136 τῆς
1177 1054 1318 1122 πίστεως.

196 1165 229 1216 13
321 1157 384 1222 Ἠν
407 1157 442 1222 όὲ
465 1158 483 1220 ό
507 1155 713 1238 αὐτοκράτωρ
737 1153 830 1226 οὗτος
859 1154 991 1238 εὐμενὴς
1018 1155 1077 1237 μὲν
1103 1163 1167 1227 τοῖς
1194 1155 1357 1238 ὐπηκόοις,

93 1261 421 1344 ΨΙΙΙῖθόικαιοσύνη
445 1261 480 1324 di
502 1259 573 1340 περὶ
594 1257 650 1330 τὰς
676 1260 791 1341 κρίσεις
819 1263 960 1342 οτοιχῶν,
995 1258 1065 1340 περί
1088 1257 1143 1340 τὴν
1167 1258 1285 1322 όίαιταν
1307 1258 1357 1340 ἐγ-

239 1367 365 1448 κρατής,
396 1366 429 1428 ἕν
451 1368 516 1434 ταῖς
538 1367 603 1426 τῶν
626 1364 803 1445 ἡγεμονιῶν
826 1360 879 1426 καί
902 1368 967 1432 ταῖς
989 1365 1053 1424 τῶν
1076 1362 1267 1443 ἀξιωμάτων
1290 1361 1357 1425 όια-

239 1474 351 1551 νομαῖς
382 1473 437 1532 τοῦ
468 1465 686 1548 προσήκοντος
717 1465 957 1548 στοχαζόμενος,
991 1465 1112 1546 μηύένο
1145 1471 1183 1548 τῇ
1212 1465 1358 1546 γερουσίᾳ
1370 1452 1404 1506 ¹⁰

240 1571 430 1651 συντάοσων,
466 1571 502 1640 ὃς
529 1569 568 1631 οὐ
594 1568 736 1638 παιδείας
763 1568 939 1651 μετείληχεν
967 1567 1042 1631 οὐόὲ
1069 1569 1187 1651 ἤσκητο
1215 1565 1296 1648 πρὸς
1322 1565 1357 1631 τὸ

196 1679 231 1733 14
240 1674 336 1756 λέγειν
359 1674 412 1737 καλ
434 1673 502 1757 ᾔόει
526 1670 657 1754 γράφειν
680 1671 847 1753 ἐμμέτρως
868 1695 900 1734 τε
923 1671 976 1734 καλ
998 1672 1112 1744 πεζῶς.
1152 1670 1222 1751 περὶ
1246 1670 1281 1735 dd
1303 1669 1359 1752 τὴν

240 1777 338 1840 πίστιν
360 1774 501 1858 ὐπῆρχεν
523 1775 583 1838 οὐκ
607 1774 737 1855 εὐαγής·
761 1774 800 1837 οὐ
824 1773 884 1854 γάρ
903 1779 940 1856 τῇ
956 1779 1091 1856 πατρικῇ
1107 1774 1246 1857 εὐσεβείᾳ
1262 1773 1358 1837 ἓστοί-
1370 1767 1482 1838 Ῑ).ΠῙ9

241 1902 344 1962 χησεν,
377 1877 453 1940 ἀλλά
476 1877 651 1958 αροσέύετο
674 1881 737 1946 τοῖς
760 1876 966 1958 άρειανίζουσι
989 1875 1113 1958 σπουάῇ
1135 1881 1191 1939 τοῦ
1213 1879 1278 1940 τῶν
1300 1876 1359 1957 βα-

32 1988 178 2044 1³1123A
198 1982 368 2045 Ιύσιλικῶν
391 1979 554 2060 εὐνούχων
576 1979 794 2059 πρωτεύοντος
817 1978 986 2060 Εὐσεβίου·
1020 1979 1097 2042 ὅθεν
1119 1979 1173 2042 καί
1195 1977 1249 2044 τόν
1271 1979 1360 2043 θεῖον
1372 1967 1405 2022 15

237 2083 451 2164 Ἂλέξανόρον,
486 2084 522 2152 ὃς
548 2080 626 2163 μετὰ
654 2080 708 2144 τόν
735 2080 820 2161 ἱερὸν
843 2081 1064 2164 Μητροφάνην
1091 2082 1283 2164 πατριάρχης
1306 2087 1360 2165 τῆς

242 2188 315 2257 νέας
333 2185 460 2266 Ῥώμης
478 2184 721 2266 κεχειροτόνητο,
745 2183 921 2266 ἠνάγκαζεν
937 2187 979 2254 είς
994 2187 1162 2248 κοινωνίαν
1177 2184 1361 2266 τὸνἍρειον

243 2289 404 2363 ὐέξασύαι,
427 2287 446 2351 ὁ
470 2286 504 2352 όὲ
528 2287 566 2351 οὐ
589 2287 747 2351 κατένευε·
773 2285 822 2350 dai
845 2287 899 2351 καὶ
922 2287 1056 2351 σύνοόον
1079 2287 1099 2351 ό
1121 2286 1264 2370 βασιλεὺς
1287 2311 1360 2370 συγ-

200 2402 233 2455 16
243 2392 437 2475 κρατηθῆναι
460 2392 657 2472 προσέταξεν.
704 2391 820 2473 ὥριστο
848 2387 905 2454 οὐν
933 2398 970 2474 τῇ
1000 2390 1127 2473 συνόδῳ
1155 2393 1273 2474 ἡμέρα·
1309 2391 1363 2455 καὶ

243 2586 332 2647 Ἰσίας
350 2586 384 2657 ἦν
403 2586 429 2650 (ό
447 2586 516 2641 add.
535 2586 570 2651 Ε)
589 2586 770 2647 Κωνστάντισς
789 2584 849 2651 ΑΕ,
869 2586 922 2645 σίας
941 2587 957 2639 ὁ
974 2586 1157 2646 Κωνατάντιος
1175 2587 1208 2656 ἧν
1227 2583 1250 2641 O

298 2765 313 2818 1
333 2773 439 2834 συνεχεῖ
454 2764 568 2831 ληφθείς
588 2764 649 2830 AR,
679 2765 842 2832 συλληφθεὶς
862 2765 937 2834 pr
1050 2766 1068 2819 4
1087 2766 1221 2819 ἀπέκτεινε
1238 2766 1321 2833 μόνον
1340 2764 1364 2819 Ε

297 2837 314 2890 5
333 2835 443 2905 εἴρηται]
463 2835 536 2890 XIII
555 2837 657 2900 9,188.
729 2837 746 2891 ’λ
765 2835 795 2890 δὲ
807 2835 867 2904 Dp,
887 2836 936 2905 γὰρ
952 2838 979 2892 D
1057 2838 1075 2891 9
1094 2844 1165 2891 anie
1183 2837 1211 2891 ἓν
1230 2838 1299 2891 add.
1319 2837 1364 2891 καί

297 2905 418 2977 prDi
491 2908 523 2961 11
543 2907 575 2961 οὐ
594 2906 647 2961 AR
670 2909 721 2963 Wo
740 2908 799 2973 lat,
821 2924 877 2963 om.
890 2908 954 2979 w*p
1028 2908 1062 2963 12
1081 2910 1132 2979 ἤδη
1147 2908 1194 2965 OE
1267 2908 1301 2963 16
1319 2916 1365 2977 τῆς

297 2979 390 3035 0111.Ε
462 2979 497 3033 18
515 2976 655 3045 cilonia
727 2979 762 3034 19
781 2980 881 3048 γοῦνΕ

245 3150 377 3204 evomita
396 3150 487 3218 nigra
505 3154 643 3204 mortuus
664 3154 710 3203 est
728 3148 948 3217 Mopsucrenae
968 3152 1036 3212 (sita
1056 3166 1129 3203 vero
1150 3152 1224 3204 haec
1245 3155 1288 3205 est
1308 3152 1363 3205 enh

200 3210 532 3287 limitamentum),
559 3222 655 3275 tribue
680 3222 717 3275 de
741 3222 842 3286 rebus,
871 3228 906 3275 ut
926 3222 1044 3284 dicitur.
1073 3224 1251 3291 vituperans
1271 3228 1365 3277 semet

244 3294 343 3362 ipsum
363 3296 393 3346 et
412 3291 450 3345 dc
468 3308 543 3347 nece
563 3294 803 3361 propinquorum
830 3294 902 3359 (non
922 3295 1001 3347 enim
1020 3292 1138 3348 Gallum
1161 3293 1256 3348 solum
1277 3309 1364 3348 neca·

245 3369 341 3430 verat,
360 3368 395 3416 ut
413 3362 526 3417 dictum
545 3364 605 3417 iam
624 3370 678 3430 eet,
698 3364 751 3418 sed
772 3365 862 3419 etiam
882 3366 992 3419 iratres
1011 3366 1057 3419 sui
1077 3366 1182 3435 patrie)
1208 3370 1237 3420 et
1257 3366 1295 3419 de
1314 3381 1365 3435 ap·

245 3434 357 3505 pellata
377 3432 495 3487 Iuliano
516 3440 545 3489 et
564 3435 603 3489 de
620 3440 737 3489 mutata
756 3435 824 3490 tide.

203 3496 236 3550 13
334 3504 408 3559 Erat
426 3510 528 3559 autem
547 3507 712 3575 imperator
730 3508 779 3561 hic
802 3508 970 3561 benevolus
995 3524 1070 3575 erga
1094 3508 1254 3573 subiectos,
1283 3509 1365 3563 iusti·

246 3578 319 3630 tiam
341 3577 498 3630 iudicandi
523 3582 651 3644 sectans,
679 3579 799 3632 modica
819 3580 890 3645 vita,
919 3581 949 3632 in
975 3580 1156 3633 mandandis
1179 3580 1313 3647 imperiis
1336 3584 1365 3633 et

245 3647 475 3716 magistratibus
494 3650 585 3716 aequi
606 3650 781 3717 observans,
801 3650 916 3703 nullum
936 3651 966 3704 in
981 3657 1119 3705 senatum
1134 3651 1295 3705 admittens
1308 3653 1365 3705 αἰεί

247 3718 425 3773 cruditionis
444 3722 621 3788 participem
641 3724 733 3789 atque
753 3722 952 3776 exercitatum
977 3724 1007 3776 in
1031 3722 1159 3776 dicendo
1184 3724 1226 3776 ita
1250 3728 1284 3776 ut
1308 3724 1367 3776 cal-

202 3781 237 3835 14
248 3789 321 3844 leret
341 3791 474 3844 scribere
498 3791 670 3845 devinctam
695 3797 724 3847 et
750 3808 871 3860 prosam
896 3795 1072 3847 orationem.
1109 3793 1215 3862 Neque
1234 3810 1307 3847 vero
1328 3794 1366 3849 de

247 3861 306 3914 fide
326 3866 391 3914 erat
409 3878 518 3931 purum
538 3878 608 3916 nam
627 3880 688 3917 non
708 3864 836 3931 patriam
857 3866 999 3933 pictatem
1020 3871 1142 3919 secutus
1162 3870 1216 3929 cat,
1236 3865 1289 3919 scd
1306 3870 1366 3919 stu·

247 3932 313 3986 duit
331 3930 453 3987 Arianis
481 3934 612 4003 impulsu
642 3936 795 4003 regiorum
827 3936 1034 3990 cunuchorum
1065 3937 1208 4005 principis
1233 3936 1365 4002 Eusebii‚

202 3996 236 4050 15
247 4004 288 4057 ita
310 4008 345 4057 ut
368 4005 458 4058 ctiam
482 4004 517 4058 D.
537 4004 745 4060 Alexandrum
769 4012 837 4075 post
862 4004 889 4061 S.
910 4006 1136 4076 Metrophanem
1162 4009 1365 4076 patriarcham

246 4090 347 4129 novae
359 4074 475 4129 Romae
494 4081 628 4130 creatum
648 4077 784 4131 studeret
803 4094 914 4140 coner-e
933 4080 965 4132 iu
984 4081 1158 4134 societatem
1168 4078 1274 4133 Arium
1293 4080 1365 4134 reci·

247 4162 328 4215 perc.
365 4144 471 4215 Neque
490 4163 564 4202 vero
584 4148 632 4201 iiic
652 4149 822 4215 annuebat;
841 4151 944 4217 itaque
965 4152 1124 4204 concilium
1144 4166 1199 4205 rex
1219 4152 1289 4220 cogi
1308 4152 1366 4205 ius·

203 4211 236 4265 16
247 4218 292 4270 sit.
330 4216 463 4271 Definita
490 4220 584 4287 igitur
613 4223 658 4272 est
683 4220 810 4273 concilio
836 4221 912 4288 dies;
940 4220 1115 4276 Alexander
1139 4222 1178 4275 ad
1203 4238 1364 4292 vesperum

246 4288 330 4342 illum
355 4290 521 4343 sacrarium
547 4291 702 4359 ingressus
729 4307 857 4360 corpore
882 4298 1033 4359 prostrato
1058 4295 1242 4363 precabatur
1265 4294 1364 4361 deum,

246 4375 286 4415 ne
305 4359 493 4430 concederet,
512 4366 547 4416 ut
565 4362 664 4433 lupus,
687 4361 793 4425 Arium
812 4364 999 4435 intellegens,
1019 4366 1050 4421 in
1069 4381 1195 4436 gregem
1216 4380 1303 4423 suum
1323 4367 1365 4421 in·
