3050 4775
267 461 481 521 THEODORA
501 461 643 520 EIEOTA
662 451 839 520 Missam,
858 461 991 519 RERVM
1010 461 1190 519 POTITVR.
1233 464 1286 519 393

167 652 223 711 τοῦ
245 654 366 732 χρυσοῦ
388 647 519 713 καὶτοῦ
546 647 688 732 ἀργύρου
715 647 770 714 τὸν
796 647 943 732 ἀριθμόν.
989 649 1020 714 οῖ
1051 647 1086 714 δὲ
1117 647 1196 733 χίλια
1228 646 1331 731 parti

168 750 221 815 καλ
244 752 428 836 ἐννήκοντα
451 753 582 836 χρυσίου
605 753 685 836 ἔχειν
707 753 891 836 κεντηνάρια
914 752 1119 833 κατετίθεντο,
1144 752 1287 834 ἀργύρου

169 853 203 918 δὲ
235 855 311 920 ὡσεὶ
341 855 487 940 τρισχίλια
519 857 712 940 κεντηνάρισ.
744 857 778 939 ἡ
803 855 838 921 δὲ
863 856 983 941 βασιλλς
1009 853 1114 940 ’πρὸς
1141 855 1331 926 τοῦτοις”38

168 958 229 1041 ἔφη
253 957 329 1022 “trel
352 959 445 1029 ἄλλος
459 959 593 1031 πλοῦτος
608 957 706 1030 πολὺς
721 957 775 1022 καλ
789 959 992 1032 παντοδαπὸς
1006 958 1288 1044 τειλησαῦρισται·”

139 1061 222 1124 ῦκαλ
244 1067 338 1126 ταῦτα
362 1063 492 1126 εἰποῦσα
515 1066 579 1126 τῶν
601 1061 789 1146 ἀνακτόρων
811 1062 961 1146 ἀπῆλθεν.
1296 1064 1332 1119 39

253 1162 294 1228 ‘O
316 1164 352 1229 δέ
374 1188 408 1248 γε
431 1163 561 1249 Μιχαὴλ
582 1171 637 1249 τῆς
665 1166 836 1249 αιἰταρχίας
862 1165 1016 1250 ἐγκρατὴς
1044 1165 1183 1248 γεγονὼς
1209 1160 1318 1248 ταχὺ3
1338 1167 1365 1223 Ι)

167 1266 221 1330 τὸν
242 1273 391 1332 τοσοῦτον
414 1267 610 1350 ὀιεσιιόρπισε
634 1269 778 1341 πλοῦτον,
806 1268 915 1352 μλμοις
937 1268 991 1333 καλ
1012 1269 1122 1342 κόλαξι
1145 1267 1199 1332 καλ
1221 1269 1286 1351 ἦνι-

166 1369 254 1453 όχοις
275 1375 385 1434 τοῦτον
407 1372 664 1454 καταπροέμενος
685 1369 739 1434 καλ
762 1371 849 1443 ὅλαις
870 1372 1016 1454 ἁμάξαις,
1043 1371 1157 1436 τὸτοῦ
1179 1370 1286 1452 λόγου,

166 1471 263 1536 αῦιὸν
294 1473 444 1537 ἐκκενῶν.
490 1475 527 1545 ὃς
555 1473 619 1538 ἐπεὶ
646 1473 683 1538 τὰ
715 1480 835 1557 ταμιεῖα
867 1475 1034 1556 κειιέναιτο,
1068 1474 1087 1537 6
1115 1473 1150 1538 ὀὲ
1175 1473 1314 1556 καιρός2

123 1575 312 1658 Ιοέφίστατο
342 1582 397 1659 τῆς
428 1583 491 1648 τοῖς
524 1576 698 1659 ἀξιώμασιν
730 1577 911 1661 ἀνηκούσης
945 1577 1106 1660 διανομῆς,
1140 1577 1194 1640 καλ
1226 1577 1287 1641 οῦκ

167 1677 247 1762 εἶχεν
273 1679 352 1743 ὅθεν
377 1679 492 1764 ταύτην
519 1681 688 1763 ποιήσεται,
721 1679 777 1764 τὴν
807 1680 965 1745 πλάτανον
994 1680 1051 1764 τὴν
1082 1685 1202 1765 χρυσῆν
1232 1678 1288 1744 ιιαλ

166 1781 239 1852 τοὺς
263 1781 380 1854 διττοὺς
402 1783 528 1855 λέοντας
550 1783 604 1847 καλ
625 1783 698 1854 τοὺς
712 1783 882 1855 τοσούτους
898 1789 1021 1868 γρῦπας
1034 1783 1089 1847 καὶ
1102 1782 1140 1848 τὰ
1156 1784 1287 1865 ὄργανα,

168 1885 203 1948 ἐκ
225 1891 345 1968 χρυσοῦ
368 1887 489 1950 ἅπαντα
513 1887 708 1968 εἰργασμένα,
736 1887 780 1958 εἷς
801 1886 925 1971 κόσμον
947 1888 1022 1951 ὄντα
1043 1893 1099 1971 τῆς
1121 1886 1286 1969 βασιλείας,

167 1988 314 2071 ἔκπληξιν
337 1983 365 2052 6’
390 1988 579 2071 ἐμποιοῦντα
602 1997 667 2060 τοῖς
689 1990 724 2064 ἐξ
746 1990 863 2071 ἐθνῶν,
892 1990 1056 2074 χωνεύσας
1082 1989 1222 2054 δέδωκεν
1243 1989 1288 2060 εἷς

44 2101 73 2155 D
88 2089 203 2155 tvszd
224 2097 361 2175 κοπῆναι
383 2092 558 2174 νομίσματα
583 2087 621 2156 ὁι’
646 2092 762 2156 αὐτῶν.
809 2092 886 2156 ἀλλὰ
914 2095 1021 2176 μέντοι
1047 2093 1101 2157 καὶ
1125 2092 1175 2157 ed
1197 2094 1314 2176 βασι-3

166 2193 266 2264 λαιαῖς
288 2193 409 2264 στολαῖς
431 2199 523 2258 τοῦτο
546 2193 700 2277 ἐποίησεν,
733 2191 781 2259 ὥν
806 2219 872 2258 τινα
900 2197 1020 2260 ἐκείνου
1043 2196 1223 2279 φθαρέντος
1245 2196 1287 2259 ἔτι

166 2295 404 2380 περισωζόμενα
428 2296 447 2362 6
469 2292 534 2380 μετ’
560 2296 655 2362 σῦτὸν
676 2297 864 2382 βασιλεύσας
883 2297 1045 2370 Βασίλειος
1068 2297 1446 2382 ἀνεκομίσατο,ΡΙΙ158Ᾱ

167 2544 184 2600 6
202 2545 360 2682 ὧχχαχὲως
378 2544 518 2617 ῦΜιχαὴλ
537 2544 567 2601 τὰ
585 2555 677 2616 ταμιῖα
695 2546 811 2603 ἕκέναισε
829 2545 860 2604 τὰ
877 2548 1002 2618 βασιλικά
1020 2548 1072 2617 (M.
1091 2555 1171 2604 ταῦτα
1188 2546 1286 2605 ἕκένιο-

167 2637 212 2673 σιν

221 2840 238 2894 2
256 2842 302 2896 καὶ
321 2858 378 2896 om.
397 2841 433 2911 D,
452 2844 549 2913 suppl.
568 2843 621 2902 Dw
705 2842 878 2915 ἐννενήκοντα
896 2842 961 2915 τι*ρ
981 2844 1084 2899 invitis
1104 2842 1166 2912 All,
1186 2861 1214 2899 v.
1234 2844 1288 2899 XV

224 2912 265 2980 14,
279 2913 315 2967 33
380 2923 482 2983 χρυσοῦ
494 2914 518 2969 Β
590 2915 608 2969 4
620 2914 701 2976 πολὺς
712 2916 824 2977 πλοῦτος
840 2916 972 2985 Ewap,
984 2916 1067 2976 πολὺς
1081 2919 1191 2971 omisso
1205 2917 1287 2971 πλοῦ-

220 3006 263 3045 τος
280 2983 308 3038 Ι)
379 2986 533 3055 ῦῦπῆλῦτν
553 2985 677 3056 prDt',
697 2987 801 3057 duritiis
819 2986 855 3055 A,
873 3004 902 3042 v.
922 2988 961 3041 ad
980 2987 1052 3042 XIII
1072 2987 1131 3046 1.5
1203 2988 1220 3042 6
1237 2990 1287 3057 βα-

220 3056 315 3117 σιλτῖας
335 3055 358 3112 O
431 3059 462 3112 ll
483 3059 547 3113 ὅθεν
567 3075 624 3113 om.
635 3059 671 3123 D,
691 3059 788 3127 suppl.
800 3057 853 3117 Dw
924 3059 1065 3128 ποιήσηται
1085 3058 1112 3111 Ι)
1184 3059 1287 3128 χρυσὴν

221 3128 293 3219 Ewp
394 3135 463 3198 post
480 3129 582 3199 χρυσῆν
601 3130 670 3183 add.
691 3132 723 3199 ἣν
741 3130 810 3185 λέων
829 3132 845 3183 6
862 3129 945 3199 σοφὸς
963 3132 979 3183 6
995 3130 1188 3199 μητροπολίτης
1206 3132 1287 3185 θεσσ-

220 3220 296 3307 ιινιλ
315 3252 448 3321 ποιησει·
469 3254 493 3309 s
513 3256 552 3318 tv.
572 3253 607 3309 e.
628 3254 665 3309 u.
684 3270 712 3323 p.
733 3254 794 3322 ue,
815 3254 908 3322 ress.)
1006 3254 1039 3308 rs
1056 3255 1157 3323 ,ραις
1176 3252 1288 3325 sswp,

221 3332 322 3392 γρῦπας
340 3322 422 3379 ΒΨί
514 3326 547 3381 13
566 3330 638 3381 ante
655 3327 692 3386 εἰς
711 3326 781 3380 add.
800 3326 847 3380 καλ
866 3326 940 3398 pr
1034 3326 1068 3380 14
1087 3325 1117 3380 δὲ
1135 3324 1253 3397 Ewth'

223 3394 256 3450 15
273 3398 390 3465 νόμισμα
409 3396 483 3467 pr

169 3618 262 3673 iussit.
300 3618 344 3673 Illi
365 3634 397 3675 se
417 3623 608 3675 centenarios
628 3623 695 3675 auri
715 3622 795 3675 mille
814 3627 844 3674 st
862 3623 1040 3689 nonaginta,
1064 3622 1183 3691 argenti
1204 3618 1331 3675 circi-37

170 3694 215 3744 ter
234 3690 292 3743 trie
315 3691 397 3744 milia
415 3691 527 3746 habere
548 3692 743 3746 affirmarunt.
782 3692 901 3761 Regina
919 3708 993 3746 vero
1012 3692 1161 3746 “Praeter
1189 3689 1332 3746 haee”38

168 3761 267 3830 iuquit
293 3762 429 3886 “mulgae
457 3764 553 3817 omnis
580 3766 703 3834 generis
732 3778 806 3833 opes
830 3768 901 3818 suut
920 3764 1099 3833 repositae.”
1126 3764 1180 3818 His
1200 3764 1287 3818 dictis
1296 3760 1331 3814 39

168 3834 255 3901 regia
276 3848 382 3887 excess
396 3838 414 3887 t.

257 3904 281 3957 3.
301 3902 428 3959 Michadl
457 3920 531 3959 vero
552 3920 652 3959 rerum
673 3906 787 3975 petitus
807 3910 908 3960 tantam
922 3907 1025 3975 copias
1044 3906 1131 3959 brevi
1150 3912 1288 3974 tempore

169 3973 336 4043 dissipavit,
365 3976 394 4029 in
423 3977 529 4031 mimos
560 3983 589 4031 et
616 3976 791 4031 adulatores
819 3983 849 4031 et
868 3978 993 4045 aurigas
1012 3979 1190 4046 insumptas,
1218 3991 1286 4030 eum

169 4045 291 4114 quidem
311 4062 363 4101 eus
383 4048 453 4101 tetis
472 4047 623 4117 plaustris,
651 4054 686 4102 ut
705 4049 798 4114 aiunt,
827 4048 1006 4102 effunderet.
1044 4048 1207 4102 Tiresauris
1226 4046 1314 4100 iam2

168 4117 332 4181 exhaustis,
362 4132 429 4171 eum
449 4124 567 4188 tempus
586 4120 712 4173 instaret
738 4121 886 4188 pecuniae
915 4119 950 4172 iis
970 4119 1206 4185 distribuendae,
1235 4120 1286 4188 qui

169 4188 369 4257 dignitatibus
388 4190 517 4259 praediti
537 4196 631 4257 erant,
663 4206 763 4259 neque
787 4191 920 4255 haberet,
939 4190 1022 4243 unde
1044 4190 1215 4259 largiretur,
1235 4205 1286 4243 uu-

168 4274 249 4312 ream
272 4260 402 4327 plateam
423 4268 452 4313 et
472 4260 549 4314 diros
569 4260 672 4315 leones
691 4261 879 4330 totidemque
898 4262 1032 4330 gryphes
1052 4269 1081 4315 et
1101 4276 1227 4330 organa,
1247 4276 1285 4314 ex

169 4344 243 4384 auro
264 4332 345 4385 facta
366 4334 475 4397 ornrrin,
502 4348 581 4401 quae
601 4338 630 4386 et
650 4334 766 4401 regiam
786 4334 937 4386 ornabant
956 4338 986 4386 et
1011 4334 1124 4385 exteris
1143 4333 1286 4398 geni-ibus

168 4401 361 4456 admirationi
375 4409 470 4469 erant,
491 4406 634 4457 conflavit
647 4404 781 4473 indeque
793 4406 974 4457 numismata
987 4403 1057 4457 cudi
1071 4404 1166 4457 iussit.
1203 4402 1313 4457 ldem3

169 4480 198 4527 et
217 4473 249 4529 in
269 4474 361 4547 regiis
381 4474 465 4532 stolis
485 4477 564 4545 lecit,
594 4490 723 4551 quarunt
752 4476 915 4532 nonnullas
935 4474 1036 4529 adhuc
1064 4475 1199 4546 integras
1218 4482 1286 4547 post
