3050 4775
271 426 456 487 ROMANVS
474 427 629 486 LIBERIS
648 422 796 481 aveant
815 424 993 483 FRVSTRA
1012 424 1174 483 STVDET.
1226 425 1278 483 581

160 614 224 681 τοῖς
245 608 282 673 τά
305 610 438 694 σώματα
460 612 690 696 λελωβημένας
712 613 748 677 έκ
772 618 826 695 τῆς
848 608 944 674 νόσου
968 616 1022 693 τῆς
1045 610 1130 691 ἱερᾶς
1148 609 1280 681 καὶτοῖς

160 712 407 796 λελεπρωμένσις
437 716 604 798 τετάχαται.
650 713 728 778 ἀλλὰ
759 714 814 777 καὶ
845 712 975 783 τούτους
1002 712 1020 775 ὁ
1048 712 1192 796 βασιλεὺς
1224 714 1278 775 ἀν-
1290 719 1323 774 17
1343 719 1369 773 D

160 816 292 879 εκαίνισε
303 816 357 880 καὶ
372 823 428 881 τοῦ
443 817 479 881 τὸ
494 818 586 901 ὕδωρ
602 819 645 889 είς
659 816 869 900 μεγαλόπολιν
884 816 1061 899 εἰσάγοντος
1076 815 1174 880 ὁλκοῦ
1191 816 1277 899 διαρ-

160 919 333 1001 ρηχθίντος
356 920 574 1004 ἐπεμελήσατο.

132 1026 150 1081 t
242 1020 327 1105 Ἥάη
341 1022 376 1086 ὅέ
387 1024 418 1086 oi
428 1022 509 1105 πρὸς
520 1023 607 1094 τέλος
618 1025 726 1106 ἤγγικε
736 1021 772 1086 τὸ
784 1024 948 1106 βιώσιμον,
965 1022 1000 1085 τὸ
1014 1018 1041 1085 δ’
1053 1022 1144 1093 ὅπως
1156 1020 1277 1104 ἀπεβίω
1290 1020 1331 1086 13

161 1124 330 1207 ὀιηγητέον.
376 1126 444 1207 ἄρτι
462 1132 517 1209 τῆς
538 1126 694 1209 βασιλείας
717 1126 871 1209 ἐπιτυχὼν
886 1125 1022 1209 χρόνους
1038 1126 1141 1208 ἑαυτῷ
1156 1124 1209 1189 καλ
1224 1130 1306 1209 arici

160 1226 247 1309 ζωῆς
266 1225 320 1289 καί
335 1234 390 1310 τῆς
405 1228 506 1311 ἀρχῆς
521 1229 678 1311 έπεμέτρει
692 1230 850 1311 μακρούς,
874 1228 1038 1292 καὶταῦτα
1054 1226 1279 1311 ἑξηκοντούτης

160 1330 208 1392 ὢν
219 1329 270 1392 ὅτε
284 1334 349 1393 τῶν
364 1331 535 1413 σκήπτρων
551 1332 723 1414 ἐπείληπτο,
739 1331 793 1395 καί
809 1330 960 1414 διαδοχὴν
976 1338 1013 1414 τῇ
1028 1330 1166 1414 βασιλείᾳ
1182 1354 1277 1394 κατα-

159 1432 255 1495 λιπεῖν
278 1432 314 1495 ἕκ
337 1438 392 1516 τῆς
414 1433 537 1514 ὀσφύος
559 1434 656 1498 αὐτοῦ
679 1434 879 1516 έφοντάζετο,
902 1430 978 1517 μηδ’
996 1434 1100 1515 ὅτιπερ
1119 1434 1138 1516 ἡ
1159 1432 1279 1516 βασιλὶς

113 1543 150 1598 10
157 1532 180 1618 ᾗ
208 1533 382 1618 συνῴκιστο
411 1543 665 1619 πεντηκοτσοῦτις
693 1536 732 1620 ἦν
760 1536 814 1600 καὶ
845 1538 1030 1620 ὑπέρακμος
1061 1536 1114 1600 καί
1146 1536 1278 1617 ἄνικμος

158 1636 215 1720 τὴν
229 1637 328 1721 νηάύν
342 1637 425 1719 πρὸς
439 1640 629 1721 σπερμάτων
644 1639 809 1723 ὑποδοχὴν
826 1640 1000 1723 δυνάμενος
1016 1638 1156 1703 συνιδεῖν.
1196 1636 1276 1719 πρό-
1286 1642 1304 1696 3
1314 1641 1463 1697 P11233A

158 1763 249 1823 τερον
272 1740 332 1823 μὲν
361 1738 419 1804 οὖν
450 1741 638 1806 ίσπουάάκει
669 1743 740 1825 περὶ
767 1742 804 1805 τὰ
832 1742 1000 1825 ἀφροδίσια
1028 1741 1081 1804 καί
1109 1742 1277 1805 κατέτεινεν

159 1842 270 1907 ἑαυτὸν
297 1843 350 1907 καί
377 1844 528 1927 χρίσμοσί
546 1867 621 1909 τισιν
644 1846 794 1928 ἐκέχρητο
817 1845 870 1908 καὶ
892 1850 930 1928 τῇ
952 1844 1091 1928 συνοίκῳ
1113 1845 1276 1927 προσήρτα

158 1945 284 2028 λιάίάια,
308 1946 355 2017 ώς
379 1946 417 2030 δή
441 1971 468 2009 τι
491 1948 674 2030 ἐνεργοῦντα
697 1948 770 2030 περὶ
791 1947 847 2030 τὴν
869 1948 989 2030 κύησιν.
1037 1948 1056 2030 ἦ
1082 1946 1191 2011 δὲκαὶ
1215 1946 1304 2029 άμ-4
1318 1952 1463 2007 wnnee

115 2056 148 2110 15
158 2048 270 2131 μάτων
301 2048 355 2111 καί
386 2049 577 2133 έπᾳσμάτων
609 2051 745 2134 ἠνείχετο
777 2050 831 2113 καὶ
858 2050 1003 2131 προσίετο
1030 2050 1166 2133 ἐπῳδάς.
1212 2048 1303 2113 &nsit

160 2147 188 2214 δ’
212 2151 343 2234 ἐγνώκει
364 2152 467 2236 μάτην
489 2152 589 2217 πάντα
613 2154 759 2236 γινόμενα
783 2153 802 2217 ά
824 2157 953 2234 κροτῶν
975 2150 1029 2215 καλ
1051 2152 1226 2235 ἀπεγνώκει
1241 2150 1276 2215 τὸ

158 2252 427 2337 σπουδαζόμενον,
461 2255 571 2319 οὐκέθ’
600 2256 721 2339 ὁμοίιος
754 2255 882 2319 διέκειτο
914 2254 985 2337 περὶ
1012 2253 1067 2336 τὴν
1095 2254 1275 2337 εὐνέτειραν,

159 2475 191 2528 11
211 2477 250 2529 ὅτι
273 2477 402 2544 πρότερον
419 2479 436 2532 ά
451 2477 573 2548 βασιλεὺς
595 2479 740 2533 κατέτεινεν
760 2478 852 2533 ἑαυτὸν
871 2477 932 2546 περὶ
954 2479 1027 2546 μίξιν
1045 2473 1211 2534 παιδοποιίας
1229 2474 1276 2544 ἕῳ-

156 2548 280 2689 §mog
289 2547 420 2674 ύὸισγνούς
433 2549 463 2604 δὲ
474 2549 576 2619 ταύτης,
594 2550 627 2604 ού
645 2557 764 2620 συνεχῶς
781 2551 893 2620 προσῄει
912 2557 944 2620 τῇ
955 2548 1104 2619 βασιλίσσῃ.
1123 2545 1185 2616 ἠδὲ
1196 2545 1275 2601 utitor

212 2799 291 2868 Ῑτῆς
309 2800 381 2866 ἱερᾶς
397 2800 475 2853 νάσου
493 2799 518 2852 Β
590 2800 781 2868 Ξάνεκαίνησι
800 2799 836 2869 p*
909 2801 926 2854 3
944 2799 1116 2868 μιγαλάπσλιν
1135 2797 1161 2852 Α
1181 2797 1220 2864 (ν.
1234 2797 1275 2851 ad

211 2869 263 2922 XV
287 2870 396 2936 1218),
415 2869 462 2940 τὴν
479 2872 652 2939 μεγαλάπολιν
671 2869 746 2939 ODt',
767 2871 813 2941 τὴν
830 2871 946 2940 μεγάλην
964 2871 1040 2924 πόλιν
1059 2871 1131 2939 Ewp
1204 2871 1275 2936 δισρ·

210 2941 460 3009 ρηχύέντσςοηι.1)
514 2942 608 3010 tueor
621 2959 677 2997 om.
691 2943 713 2996 E
768 2944 857 3012 ἤγγιοε
870 2941 917 2997 BC
971 2942 1047 2997 7καὶ
1057 2939 1274 3008 alterumlnorc't

211 3011 248 3081 p*
320 3013 715 3083 8ὅτειῶν-1οπεντηκ.ἦν
734 3015 829 3068 om.E
902 3014 936 3067 10
953 3013 1178 3082 πεντηκοντούτης
1197 3010 1273 3080 pr

211 3084 242 3137 ll
262 3083 346 3153 νηάὴν
364 3084 427 3155 w*p
442 3086 544 3140 invitis
557 3084 610 3139 AR
683 3086 717 3139 13
733 3087 843 3154 χρίμασι
853 3084 917 3154 w*p
931 3085 1034 3138 invitis
1047 3082 1100 3138 AR
1173 3082 1207 3135 14
1225 3082 1273 3148 άμ-

208 3156 300 3224 μάτων
318 3153 394 3220 EDi,
412 3157 542 3225 ἀμμάτων
561 3157 671 3227 Apr,
692 3157 818 3224 άσμάτων
837 3155 922 3210 DWo
942 3156 1000 3220 lab,
1020 3171 1048 3208 v.
1060 3155 1147 3208 Psell.
1161 3170 1188 3223 p.
1202 3153 1273 3220 323

211 3227 245 3281 16
261 3227 344 3281 πάντα
360 3228 445 3297 μάτην
464 3228 566 3299 DEwp
648 3229 681 3283 17
699 3227 759 3298 περὶ
778 3227 880 3297 Apr
900 3231 940 3292 (v,
961 3225 1029 3280 XVI
1048 3227 1073 3294 6,
1092 3227 1146 3293 23),
1164 3223 1231 3293 πρὸς
1251 3224 1273 3280 C

155 3432 241 3502 lepra
254 3433 367 3488 insecta
380 3441 476 3500 erant,
492 3435 726 3504 recipiebantur,
742 3438 842 3488 terrae
855 3435 986 3488 motibus
996 3433 1180 3488 labefactata
1193 3432 1272 3487 idem
1284 3437 1317 3492 17

155 3519 209 3557 rex
229 3506 391 3558 renovavit
410 3510 440 3559 et
459 3505 683 3574 aquaeductum
703 3506 788 3560 urbis
808 3520 939 3574 maguae
957 3506 1088 3559 fractum
1108 3505 1223 3559 refecit.

115 3639 118 3644 ,
246 3575 287 3630 13.
324 3575 379 3630 His
404 3577 534 3646 peractis
559 3578 623 3631 tata
649 3579 675 3631 ci
701 3577 868 3646 instabant3
900 3592 960 3646 quo
987 3584 1088 3630 autem
1116 3581 1206 3646 pacto
1235 3577 1273 3629 sit

156 3646 325 3713 defunct-ns,
356 3648 571 3717 exponendum
591 3654 644 3702 est.
681 3648 789 3717 Regno
809 3649 898 3702 modo
918 3649 1032 3718 potitus
1051 3648 1144 3718 longa
1162 3648 1218 3702 sibi
1243 3651 1299 3704 et2

155 3719 238 3772 vitae
261 3724 292 3772 et
314 3721 403 3789 regni
426 3726 564 3789 tempora
586 3719 793 3790 pollicebatur,
823 3720 962 3789 quamvis
982 3719 1203 3788 sexagenarius
1221 3720 1272 3772 im·

155 3791 240 3858 perio
264 3791 386 3859 potitus,
414 3806 508 3859 seque
530 3793 618 3861 regni
637 3806 842 3845 successorem
862 3806 879 3845 e
898 3791 1007 3845 lumbis
1026 3791 1088 3844 suis
1111 3794 1209 3843 ortum
1228 3805 1272 3844 re·

155 3859 294 3914 licturum
318 3862 489 3915 somniabat
514 3877 614 3932 neque
638 3863 801 3932 reputabat
826 3863 973 3932 reginam,
1002 3877 1093 3932 quam
1117 3861 1147 3915 in
1173 3861 1272 3914 matri-

154 3933 255 3985 monio
279 3931 420 3998 habebat,
449 3933 743 4002 quinquagenariam
768 3935 858 3988 effeto
881 3938 968 3988 utero
992 3935 1124 4002 ineptam
1144 3947 1210 3986 esee
1232 3931 1271 3985 ad

154 4017 255 4057 semen
267 4002 435 4072 prolificum
449 4005 669 4073 excipiendum.
707 4004 751 4057 Ac
764 4006 913 4074 principio
929 4005 1049 4074 quidem
1062 4005 1105 4058 rei
1121 4009 1298 4062 venereae3

153 4088 267 4144 magna
286 4075 480 4128 contentione
499 4075 703 4141 incumbebat,
730 4076 926 4130 unctionibus
950 4075 1133 4144 quibusdam
1155 4075 1270 4128 utendo

155 4153 185 4199 et
207 4146 331 4214 coniugi
355 4145 471 4216 lapillos
500 4146 710 4217 appendendo,
739 4148 791 4215 qui
821 4153 999 4216 conceptum
1027 4147 1161 4200 adiuturi
1190 4145 1271 4199 vide·

154 4223 268 4285 rentur,
286 4217 338 4270 illa
356 4218 474 4272 ferente
494 4219 593 4272 omnia
612 4233 649 4271 ac
667 4233 706 4270 ne
726 4233 744 4270 a
763 4217 935 4287 ligamentis
955 4223 984 4272 et
1004 4217 1188 4271 carminibus
1208 4216 1298 4285 qni-4

154 4287 222 4342 dem
241 4293 333 4358 atque
351 4289 609 4344 incantationibus
627 4289 819 4343 abhorrente.
857 4287 916 4344 Sed
937 4303 1004 4342 cum
1032 4289 1132 4342 omnia
1158 4287 1297 4342 frustrat

154 4373 221 4414 esse
239 4374 339 4430 neque
359 4375 392 4414 ee
411 4361 474 4414 voti
488 4365 655 4430 compotem
670 4375 759 4429 posse
778 4360 843 4414 fieri
862 4361 1026 4429 imperator
1045 4363 1189 4426 cerneret,
1209 4374 1270 4413 non
1334 4377 1339 4385 ·

153 4431 214 4485 iam
239 4431 346 4486 eodem
369 4447 445 4502 erga
468 4447 596 4486 uxorem
620 4446 724 4487 amore
748 4431 874 4487 affectus
894 4434 993 4487 rarius
1012 4430 1092 4485 illam
1111 4430 1270 4496 invisebat,
