3050 4775
257 450 505 515 PATZINACAE
524 451 630 515 VICTI
648 452 689 517 IN
707 452 909 514 BVLGARIA
930 450 1157 515 COLLOCATI.
1213 454 1266 515 643

146 637 285 722 Κεγένης
306 640 468 705 ἀναπείθει
490 640 544 705 καλ
565 640 621 712 τὰς
640 640 820 724 Ῥωμαϊκὰς
847 634 993 725 δυνάμεις
1016 642 1181 707 ἐπιθέσθαι
1202 646 1265 711 τοῖς

147 741 304 813 ἐναντίοις.
350 743 397 814 ὡς
429 750 506 827 γοῦν
533 743 618 809 είδον
645 745 676 808 οί
703 744 861 829 βάρβαροι
888 744 944 828 τὴν
972 740 1040 808 κατ’
1069 744 1175 808 αὐτῶν
1202 748 1266 808 τῶν
1276 748 1310 803 16

142 842 311 927 Ῥωμαίων
334 846 499 921 έπέλενσιν,
522 849 778 931 κατειργασμένοι
800 854 837 931 τῇ
860 848 947 929 νόσῳ
969 848 1171 932 τυγχάνοντες
1192 847 1265 930 ἰλιγ-

146 946 257 1029 γίασαν
279 947 334 1011 καλ
356 948 625 1021 ἀποδειλιάσαντες
646 951 795 1034 μεθῆκαν
817 950 854 1014 τὰ
878 951 959 1015 ὅπλα
982 951 1036 1015 καί
1059 952 1154 1015 ἱκέται
1177 950 1265 1034 γεγό-

119 1058 217 1113 5νασι
243 1049 298 1112 καλ
325 1055 390 1122 τοῖς
418 1052 548 1135 ἐχθροῖς
568 1053 764 1135 παρέδωκαν
788 1053 928 1124 ἑαυτούς.
974 1053 1096 1118 τούτων
1118 1053 1186 1117 ὅσοι
1208 1053 1311 1135 μὲνΙλ

145 1153 209 1217 ὑπὸ
231 1153 286 1218 τὸν
306 1154 447 1239 Κεγίνην
469 1154 640 1238 γεγόνασιν,
664 1156 695 1219 ολ
715 1155 776 1239 μέν
798 1156 898 1239 ξίφεσι
920 1156 1155 1240 παρεδόθησαν,
1179 1157 1209 1220 οί
1232 1154 1267 1220 δὲ

145 1255 227 1339 πρὸς
256 1258 399 1321 δουλείαν
427 1262 549 1341 χρυσοῦ
578 1258 792 1342 ἀπεδόθησαν.
837 1258 873 1323 τό
895 1258 1020 1343 πλῆθος
1043 1258 1078 1322 δέ
1099 1257 1135 1322 τὸ
1157 1257 1267 1322 λοιπόν
1276 1264 1311 1319 18

146 1360 302 1443 χρήσιμον
324 1361 477 1444 ἐνομίσθη
506 1361 651 1444 γενέσθαι
670 1360 847 1444 Ῥωμαίοις,
880 1361 909 1425 εἰ
928 1361 965 1425 τὰ
989 1361 1069 1425 ὅπλα
1093 1360 1268 1444 ἀφαιρεθὲν

147 1464 191 1533 είς
217 1462 274 1546 τὴν
301 1468 367 1527 τῶν
394 1464 594 1547 Βουλγόρων
621 1465 733 1548 χώραν
760 1464 983 1549 κατοικισθείη,
1017 1466 1137 1549 ἔρημον
1169 1462 1304 1529 οὗοανΙ)

104 1565 203 1649 1οτὴν
225 1566 361 1641 πλείονα,
387 1566 453 1651 πρό
474 1572 590 1650 μικροῦ
613 1573 670 1631 τοῦ
693 1568 810 1638 ἔθνους
832 1568 953 1632 ἐκείνου
976 1567 1219 1638 καταλυθέντος·
1248 1568 1267 1630 ὃ

31 1669 202 1732 117176καί
233 1670 340 1753 γέγονε
370 1676 427 1734 τοῦ
457 1670 613 1754 βασιλέως
644 1669 856 1742 κελεύσαντος.
904 1669 922 1733 ὁ
950 1670 986 1734 δέ
1011 1694 1046 1754 γε
1074 1668 1184 1753 Τυρὰχ
1212 1668 1312 1734 atria

147 1778 212 1843 τοῖς
243 1772 364 1857 ἕξόχοις
395 1778 451 1837 τοῦ
479 1774 596 1845 ἔθνους
621 1773 708 1857 ἤχθη
735 1772 818 1856 πρὸς
846 1772 900 1837 τδν
926 1779 1100 1856 κρατοῦντα
1130 1772 1184 1837 καί
1211 1778 1267 1838 τοῦ

148 1876 239 1939 θείου
255 1877 503 1950 καταξιωθέντες
524 1877 737 1960 βαπτίσματος
759 1877 917 1960 ἀξιώμασι
939 1877 1095 1961 λαμπροῖς
1118 1876 1267 1961 ἐτιμήθη-

149 2002 216 2043 σαν.
261 1980 309 2050 ὡς
336 1979 372 2043 δέ
396 1979 497 2064 μόχαι
523 1979 591 2043 τότε
615 1980 782 2062 Ῥωμαίοις
807 1979 885 2063 μετὰ
913 1984 977 2044 τῶν
1005 1979 1160 2063 Τούρκων
1187 1980 1313 2064 boario

106 2084 139 2138 15
148 2081 228 2146 κατὰ
259 2081 316 2165 τὴν
347 2080 440 2166 ἑῴαν,
471 2083 692 2147 πεντεκαίδεκα
724 2082 865 2167 χιλιόδσς
890 2082 1102 2159 Πατζινάκων
1129 2083 1147 2147 ὁ
1174 2085 1266 2149 αὗτα-

147 2186 278 2270 κράταιρ
301 2186 519 2269 ἐπιλεξάμενος
540 2185 595 2249 καλ
617 2185 814 2257 καθοπλίσας
836 2185 952 2257 αὐτοὺς
973 2187 1089 2258 ἵππους
1109 2210 1142 2250 τε
1163 2210 1266 2271 παρα-

148 2288 303 2373 σχόμενος
329 2289 384 2353 καλ
409 2289 575 2371 ἐπιστήσας
602 2288 797 2373 στρατόρχας
823 2288 928 2359 αὐτοῖς
955 2288 990 2352 ἐκ
1017 2294 1081 2353 τῶν
1104 2289 1268 2373 ὁμογενῶν

149 2394 183 2458 έν
197 2391 399 2474 Χρυσοπόλει
414 2392 603 2475 διεπέρασεν,
626 2393 669 2464 εἰς
679 2391 818 2476 Ἰβηρίαν
833 2394 982 2464 κελεύσας
998 2393 1153 2466 ἀπελθεῖν,
1173 2392 1268 2467 τόξας

150 2497 255 2568 αὐτοῖς
277 2495 331 2560 καί
353 2496 557 2579 προηγήτορα
579 2501 634 2580 τῆς
657 2495 745 2560 ὁδοῦ.
791 2497 838 2568 ὡς
862 2492 890 2560 δ’
915 2494 973 2561 οὗν
994 2495 1065 2579 περὶ
1086 2495 1141 2560 τὸν
1156 2494 1311 2580 Auito-21

104 2598 225 2683 ἳθτρὺν
252 2600 374 2683 ἥκασιν,
406 2600 538 2682 ἔστησαν
564 2598 618 2662 καί
639 2597 753 2682 πρόσω
776 2600 957 2683 προβαίνειν
980 2600 1040 2663 οὐκ
1063 2598 1192 2682 ἤθελον·
1226 2599 1270 2670 είς

151 2777 185 2831 14
207 2777 325 2904 α’ποόςῗοί
340 2775 449 2831 Σκύθαι
472 2781 518 2845 τῆς
540 2774 593 2830 ὑπὸ
607 2777 757 2846 Ῥωμαίους
781 2775 899 2836 δουλείας
922 2775 1080 2847 ἀφηνίασαν,
1107 2774 1162 2832 εἶτα
1183 2774 1269 2830 uast-

148 2869 226 2904 σαντα
280 2883 293 2902 2

202 2997 286 3055 θοόν
305 2999 407 3070 DEwp
480 2999 505 3054 5.
525 3000 542 3054 6
560 2999 605 3054 καί
623 2999 758 3060 ταῖς-τὸν
776 3000 885 3070 κεγένην
905 2998 1006 3055 011111
1087 2999 1195 3054 bauto
1212 2997 1269 3053 ὅσοι

204 3073 273 3126 add.
293 3071 317 3125 δ’
338 3071 400 3141 w*p
420 3073 522 3126 invitis
540 3070 593 3126 AO
680 3072 698 3126 8
715 3071 873 3140 ἀφαιρεθεῒν
892 3071 929 3142 p*
1012 3072 1029 3125 9
1047 3071 1221 3140 κατοικηθτίη
1242 3069 1269 3124 D

204 3144 247 3197 14.
268 3143 302 3196 15
319 3143 387 3196 κατὰ
406 3143 453 3212 τὴν
473 3143 544 3196 έώαν
567 3147 638 3197 unte
659 3142 726 3210 μετὰ
743 3142 818 3213 pr
915 3143 948 3198 1“ί
966 3143 1012 3196 καί
1031 3157 1087 3196 om.
1106 3142 1148 3196 Di
1167 3143 1270 3196 invitis

204 3214 307 3284 Apr
400 3215 540 3282 ἐπιστήσας
559 3219 627 3284 post
644 3215 732 3273 αὐτοῖς
749 3214 798 3270 BC
893 3215 927 3268 18
944 3213 982 3282 ε’ν]
1002 3215 1048 3268 καί
1067 3213 1094 3267 Ι)
1185 3215 1269 3267 διεπε-

203 3289 318 3355 ραίιοσεν
337 3285 411 3355 pr
482 3286 518 3339 90
535 3285 664 3354 ἀφίκοντο
683 3285 731 3341 BC
814 3287 907 3354 πρόσω
925 3287 1078 3356 προβαίνειν
1096 3282 1158 3352 ΑΒ,
1176 3285 1269 3353 πρόσω

204 3361 303 3428 βαίνειν
316 3354 469 3427 DEwpDi,
489 3357 543 3412 sed
561 3373 623 3412 non
641 3357 786 3412 abhorret
805 3359 844 3411 ab
865 3372 923 3411 usu
937 3357 1073 3412 Zonaras
1087 3357 1155 3411 talis
1169 3356 1270 3426 plena·

204 3445 295 3498 8111111,
314 3445 342 3483 ν.
362 3428 446 3483 XVII
465 3428 508 3496 29,
526 3429 556 3482 9:
575 3431 702 3497 πρότερον
721 3429 1026 3498 ..προκαταληφθέντα

153 3610 247 3679 copiis
265 3609 298 3662 iit
317 3614 424 3662 auctor
437 3607 537 3662 hostes
550 3606 724 3662 invadendi.
762 3607 845 3672 Quas
859 3622 926 3662 curn
940 3607 1063 3662 barbari
1076 3607 1182 3662 morbo
1202 3620 1271 3660 con·
1281 3607 1315 3662 16

153 3682 223 3735 tecti
238 3687 344 3734 contra
354 3695 387 3734 se
397 3681 442 3733 ire
455 3679 610 3746 vidissent,
629 3684 804 3733 aestuantes
818 3684 848 3734 ot
860 3680 968 3733 animis
979 3680 1132 3747 armisque
1145 3677 1270 3732 abiectis

153 3753 224 3806 sacti
244 3751 396 3822 supplices
422 3751 559 3804 hostibus
581 3765 615 3805 se
638 3750 828 3804 dediderunt.
867 3751 1047 3820 Quicunque
1070 3765 1144 3804 vero
1168 3749 1199 3802 in
1219 3747 1315 3805 (ie-17

153 3839 263 3893 genem
282 3823 462 3888 inciderunt,
490 3823 599 3890 partim
619 3821 729 3891 gladiis
748 3831 819 3875 sunt
837 3821 987 3888 trucidati,
1007 3821 1115 3890 partim
1135 3835 1211 3874 auro
1231 3819 1271 3873 ad
1359 3845 1362 3851 ·

154 3896 329 3950 servitutem
349 3895 519 3947 venierunt.
555 3893 684 3961 Reliqua
701 3893 862 3947 multitudo
880 3892 1023 3946 Romanis
1042 3893 1111 3946 usui
1125 3893 1191 3946 fore
1204 3893 1270 3945 visa
1282 3893 1316 3947 18

154 3971 208 4035 est,
235 3968 260 4019 si
280 3966 371 4019 annis
390 3964 538 4033 ademptis
555 3965 586 4017 in
605 3963 751 4034 Bulgaria
770 3967 902 4018 maxima
921 3978 960 4018 ox
980 3973 1066 4033 parte
1090 3963 1211 4017 deserta
1232 3962 1270 4016 ob

154 4042 276 4107 gentem
296 4037 376 4090 iilam
395 4037 518 4090 nonita
537 4036 654 4105 paidom
673 4050 811 4090 eversam
832 4036 1043 4104 collocaretur3
1071 4035 1164 4103 idque
1187 4035 1272 4087 iussu

154 4110 236 4177 regis
260 4111 373 4161 tactum
400 4115 453 4162 est.
491 4108 649 4177 Tyracbus
672 4123 746 4162 vcro
771 4109 898 4176 eiusque
921 4121 1063 4175 proceres
1087 4107 1126 4159 ad
1145 4107 1271 4175 impera·
1282 4107 1316 4161 19

154 4187 250 4234 torem
275 4180 412 4249 pei-ducti
437 4185 466 4234 et
489 4180 635 4248 baptizati
658 4184 689 4233 et
711 4181 831 4248 magnis
851 4179 1051 4247 dignitatibus
1074 4177 1173 4232 ornati
1192 4181 1270 4230 sunt.

155 4251 243 4315 Quod
271 4259 372 4305 autem
401 4258 463 4304 tum
483 4251 626 4304 Romanis
655 4265 723 4304 oum
746 4251 854 4303 Turcis
877 4249 957 4303 belia
981 4253 1067 4303 orant
1089 4249 1120 4302 in
1140 4247 1317 4315 Orientem

155 4324 319 4392 imperator
338 4322 458 4376 tlcleetu
477 4328 545 4376 acto
565 4321 618 4375 XV
637 4322 719 4375 milia
731 4321 964 4375 Patzinacarum
984 4321 1074 4374 armis
1094 4325 1123 4374 et
1143 4321 1228 4388 equis
1241 4323 1272 4374 et

155 4409 229 4448 suae
253 4396 353 4464 gentis
374 4394 504 4448 ducibus
529 4393 608 4446 datis
637 4392 846 4461 Chrysopolim
871 4397 1060 4446 transvectos
1085 4392 1116 4445 in
1141 4391 1270 4446 iberiam

154 4466 199 4522 ire
218 4467 313 4534 iussit,
341 4467 457 4521 itineris
480 4479 604 4536 quoque
626 4463 704 4518 duco
728 4463 841 4518 addito.
880 4463 1024 4528 Quicum
1043 4462 1082 4516 ad
1103 4462 1270 4534 Damatryn
1281 4463 1315 4520 21
