3050 4775
276 366 536 439 cornomuvs
554 364 786 436 rammam
806 363 858 432 on
878 362 1081 433 avianius.
1189 364 1240 430 ru

205 559 378 627 Ἀνέκαδεν
410 564 445 629 δὲ
475 560 644 647 χριστιανολ
671 560 759 644 παρὰ
788 566 852 631 τοῖς
869 553 1056 643 Ἄγαρηνοῖς
1083 556 1155 629 τοὺς
1180 562 1243 620 τῶν
1254 563 1288 617 14
1303 558 1430 617 W11189

122 664 256 747 δασμῶν
287 665 572 749 μεταχειριζόμενοι
602 664 746 734 κώδικας
780 660 831 745 (ού
859 662 919 745 γὰρ
950 660 1069 725 οἴδασιν
1097 661 1243 742 ἀριθμεῖν

122 767 244 849 ἐκεῖνοι,
267 764 333 831 ἀλλ’
358 767 434 831 οὐδὲ
456 768 588 849 γράφειν
610 767 744 849 ψήφους
767 765 888 846 λεπτάς,
910 764 995 846 τρίτα
1019 762 1102 845 φημὶ
1123 762 1178 825 καὶ
1195 762 1242 825 τέ-

121 893 217 952 ταρτα
239 870 295 933 καὶ
317 870 418 954 ὄγδοα
443 871 497 935 καλ
520 871 686 934 δωδέκατα
709 868 762 932 καὶ
785 866 823 931 τὰ
845 866 966 930 τούτων
989 866 1031 929 ἔτι
1053 862 1243 947 λεπτότερα),

95 972 240 1054 όφδόνῳ
267 972 335 1035 τότε
360 970 417 1055 τὴν
442 971 564 1036 τούτων
585 973 790 1055 μεταχείρισιν
813 968 1033 1051 ἐκωλύθησαν.
1078 968 1123 1051 μὴ
1149 968 1243 1050 δυνη
1254 974 1289 1030 15

121 1074 245 1138 δέντων
267 1075 303 1138 δὲ
324 1079 390 1138 τῶν
411 1080 466 1159 τῆς
478 1075 578 1157 Ἅγαρ
597 1071 636 1138 δι’
657 1075 780 1137 ἑαυτῶν
794 1070 830 1135 τὸ
852 1076 993 1134 τοιοῦτον
1016 1070 1120 1133 ἀνύειν
1141 1071 1244 1152 ἔργον,

122 1175 216 1247 αὖθις
237 1178 294 1259 τὴν
316 1182 381 1240 τῶν
404 1182 541 1259 γραφῶν
562 1178 684 1240 τούτων
708 1173 893 1256 οἰκονομίαν
916 1173 1177 1256 suspectorum.
1255 1182 1279 1235 B

207 1278 249 1343 Ὁ
274 1280 381 1361 μέντοι
413 1278 605 1361 δυσώνυμος
634 1280 788 1359 τύραννος
813 1277 964 1359 Ἀνδρέαν
995 1275 1060 1339 τινὰ
1092 1274 1244 1358 μοναχύν,
1258 1286 1291 1339 16

123 1379 302 1465 Καλαβίτην
316 1380 496 1464 λεγόμενον,
520 1382 607 1445 δσιον
628 1381 740 1464 ἄνδρα,
764 1380 929 1463 ἐλέγχοντα
952 1378 1049 1442 αὐτὸν
1071 1377 1125 1441 καλ
1147 1378 1247 1461 ἀσεβῆ

77 1482 288 1556 1οκαλοῦντα,
326 1483 380 1547 καλ
413 1483 508 1547 ἄλλον
537 1482 708 1547 Ἰουλιανόν
741 1482 796 1546 καὶ
828 1480 986 1547 Οὐάλεντα
1019 1479 1247 1563 μαστιζόμενον

124 1586 262 1648 ἔκτεινεν.

216 1686 257 1751 Οἱ
271 1687 452 1770 Βούλγαροι
475 1688 510 1753 δὲ
527 1688 601 1759 τούς
616 1688 723 1753 αὐτῶν
739 1688 909 1771 ἀρχηγούς,
934 1688 967 1749 οἳ
979 1686 1014 1749 ἐκ
1031 1690 1135 1767 σειρᾶς
1150 1685 1245 1766 κατή-
1257 1696 1291 1753 17

124 1812 215 1871 γοντα
246 1791 445 1874 ἡγεμονικῆς,
477 1791 636 1863 ἀνελόντες
667 1794 773 1875 ἕτερον
806 1792 922 1855 εἴλοντο
953 1789 999 1872 μὴ
1028 1796 1066 1872 τῇ
1095 1788 1247 1871 ἡγεμονίᾳ

123 1892 335 1975 προσήκοντα,
353 1892 499 1977 Τελέιζην
514 1894 722 1977 καλούμενον.
751 1893 989 1976 ἐπιστρατεύσας
1005 1891 1040 1955 δὲ
1055 1888 1123 1954 κατ’
1141 1891 1246 1953 αὐτῶν
1258 1904 1291 1957 18

80 1994 143 2059 15ό
164 1994 310 2077 βασιλεὺς
332 1994 383 2058 διά
405 2020 437 2059 τε
460 2003 517 2080 γῆς
539 1997 594 2059 καὶ
616 1998 780 2079 ύαλόοσιγς
806 1996 860 2060 καὶ
887 1995 1056 2079 γενόμενος
1082 1992 1162 2057 κατὰ
1190 1992 1247 2075 τὴν

119 2097 283 2180 Ἀγχίαλον
297 2098 391 2180 κάκεῖ
403 2100 577 2182 συμβαλὼν
592 2101 707 2182 αὐτοῖς,
723 2106 780 2164 τοῦ
795 2100 936 2182 πολέμου
953 2098 986 2171 ἐξ
1002 2098 1091 2179 ὥρας
1104 2098 1247 2179 πέμπτης

123 2206 178 2282 τῆς
199 2201 322 2283 ἡμέρας
344 2202 407 2272 ἕως
428 2203 562 2284 ἑσπέρας
578 2203 851 2285 ἐπικρατήσαντος,
875 2200 929 2265 καὶ
944 2199 1105 2263 πεσόντων
1120 2198 1247 2262 πολλῶν

123 2303 334 2386 ἑκατέρωθεν,
367 2304 459 2389 ὅμως
489 2307 594 2389 μέντοι
625 2313 710 2389 νικᾷ·
742 2304 797 2368 καλ
826 2304 844 2367 ό
872 2303 930 2387 μέν
959 2308 1023 2367 τῶν
1048 2301 1247 2384 Βοολγάρων
1258 2315 1291 2369 19

125 2535 140 2587 1
159 2535 198 2587 ὅτι
214 2533 287 2604 παρὰ
299 2543 352 2595 τοῖς
361 2536 438 2606 Ἅγαρ
458 2545 511 2598 νοῖς
523 2545 682 2607 χριστιανοῖς
695 2538 725 2592 ul
734 2544 824 2607 ψῆφοι
839 2543 893 2590 τῶν
905 2537 1000 2606 φόρων
1013 2533 1205 2602 διιστσύύησσν
1224 2529 1248 2585 Ε

127 2605 160 2659 12
177 2605 237 2675 περὶ
255 2607 421 2678 Βουλγόρων
439 2558 462 2664 λδ

179 2811 376 2882 hortamus
388 2813 425 2878 D,
444 2813 498 2870 scd
510 2835 557 2870 τισι
571 2813 691 2885 punctis
705 2818 830 2870 notatur
893 2811 1023 2869 Βύκεῖιοι
1042 2809 1134 2867 om.0
1192 2809 1249 2865 ἀλλ’

180 2883 243 2939 οὐδὲ
255 2883 366 2956 ΑΕττρ,
386 2887 402 2956 ἢ
424 2885 448 2942 0
520 2893 589 2958 post
607 2887 721 2956 γράφειν
740 2887 810 2940 add.
829 2886 924 2940 ἐκεῖνοι
944 2884 967 2940 0
1040 2884 1058 2938 4
1076 2882 1167 2953 όγδοα]
1186 2891 1205 2952 ῆ
1222 2881 1249 2936 Α

216 2955 365 3026 δωδέκατα]
385 2945 418 3023 ιδ
437 2957 464 3013 Α
553 2957 764 3028 5μεταχείρισιν
784 2957 838 3010 Rw
861 2955 911 3025 Dt',
930 2958 1115 3026 μεταχείρησιν
1133 2953 1213 3008 ABD

180 3027 197 3081 6
216 3027 247 3081 δὲ
264 3027 392 3098 prDi‚
412 3045 470 3084 orn.
487 3028 514 3082 A
587 3029 621 3084 δι’
642 3031 744 3083 ἑαυτῶν
763 2973 859 3084 συιδ
929 3029 946 3084 8
965 3027 1036 3082 τινᾶν
1055 3025 1090 3095 D,
1111 3023 1250 3084 coran

181 3099 214 3152 ll
234 3099 386 3155 ἀπέκτεινεν
404 3099 429 3156 O
518 3100 552 3155 12
570 3100 666 3161 αύτούς
685 3101 721 3166 Ι),
741 3116 818 3155 corr.
838 3100 890 3158 Dw
981 3100 1014 3154 15
1033 3099 1157 3168 τύραννος
1177 3097 1249 3166 Ewp

217 3177 286 3240 post
304 3172 350 3226 καὶ
363 3173 448 3243 prius
461 3171 530 3226 add.
544 3171 587 3227 διὰ
602 3171 635 3241 O,
654 3188 683 3226 v.
696 3171 767 3226 XIV
786 3173 829 3240 27,
850 3173 892 3240 11,
912 3169 1074 3241 Theoph.I
1094 3187 1122 3240 p.
1135 3169 1196 3237 398,
1217 3167 1250 3222 19

217 3383 292 3440 Cum
305 3383 465 3441 Christiani
476 3387 515 3441 ab
529 3388 661 3456 antiquis
675 3387 862 3458 temporibus
881 3385 965 3457 apud
979 3383 1141 3454 Agaronoe
1161 3384 1296 3442 vecti-14

126 3456 244 3526 galium
255 3456 375 3512 codices
384 3463 552 3513 tractarent
562 3457 674 3528 (neque
693 3462 771 3515 enim
790 3461 889 3514 sciunt
902 3457 1077 3511 ratiocinari
1096 3456 1137 3509 illi
1150 3469 1251 3524 neque

126 3530 219 3583 ctiam
238 3529 371 3583 scribere
381 3530 553 3584 subtiliores
565 3532 699 3586 rationes
709 3532 864 3584 trientium
878 3534 908 3582 et
921 3528 1136 3597 quadrantium
1156 3531 1186 3580 et
1204 3541 1251 3579 oc·

126 3601 257 3654 tantinm
276 3604 307 3654 ct
318 3602 479 3655 unciarum
497 3607 528 3655 et
546 3603 571 3655 si
592 3617 653 3671 qua
666 3603 807 3656 tenuiora
826 3601 916 3668 sunt),
936 3606 1009 3653 tunc
1028 3615 1064 3653 ex
1087 3597 1203 3651 invidia
1214 3611 1251 3651 ea

125 3672 311 3726 tractatione
324 3677 395 3726 sunt
407 3673 572 3735 interdicti;
586 3678 730 3727 ettamen
745 3688 811 3727 eam
827 3671 1117 3725 administrationem
1132 3673 1296 3738 recepe-15

126 3746 210 3809 runt,
230 3742 313 3810 quod
324 3743 468 3812 ‚Agerent
488 3744 579 3798 talem
598 3760 662 3798 rem
681 3745 737 3813 ipsi
757 3744 885 3813 exsequi
905 3758 966 3796 nou
986 3747 1135 3812 poterant.

218 3813 344 3868 Intamis
363 3821 513 3884 tyrannus
532 3814 686 3870 Andream
712 3815 864 3884 quendam
884 3814 1074 3877 monachum,
1094 3815 1145 3880 qui
1166 3810 1251 3879 Caly·
1262 3817 1296 3872 16

127 3885 207 3939 bites
226 3885 405 3953 vocabatur,
424 3886 523 3940 virum
542 3892 689 3954 sanctum,
712 3886 795 3957 quod
815 3887 854 3940 ab
874 3901 910 3940 co
930 3885 1132 3956 reprehensus
1152 3887 1182 3937 et
1200 3883 1252 3935 im·

128 3957 199 4026 pius
218 3955 317 4011 dictus
335 3957 445 4024 iuerat,
466 3955 618 4012 Iulianum
636 3960 708 4013 item
728 3964 758 4013 ct
778 3957 936 4012 Valentem
956 3956 1060 4026 flagris
1080 3954 1199 4008 occidit.

219 4026 345 4097 Buigari
365 4028 494 4084 ducibus
513 4031 584 4098 suis,
611 4031 662 4100 qui
680 4045 697 4084 e
716 4031 886 4100 principum
906 4028 1026 4081 familiis
1046 4031 1143 4080 ortum
1164 4025 1297 4086 duce-17

128 4099 213 4162 bunt,
241 4099 407 4154 interiectis
435 4100 528 4154 alium
556 4101 716 4170 elegerunt
744 4103 843 4154 virum
870 4115 889 4153 a
915 4100 1087 4168 principatu
1111 4098 1251 4164 alienum,

127 4171 253 4224 nornine
278 4169 440 4225 Telotaam.
478 4171 538 4226 Eos
561 4188 617 4226 rex
644 4179 727 4226 terra
751 4174 890 4241 marique
916 4170 998 4224 illoto
1024 4169 1102 4223 bello
1131 4168 1170 4221 ad
1193 4166 1253 4220 An·
1264 4167 1297 4220 18

128 4242 262 4296 chinium
288 4247 334 4296 est
352 4257 528 4313 aggressus,
557 4259 687 4313 cumque
707 4259 812 4314 pugna
832 4244 871 4297 ab
900 4242 975 4295 hora
1001 4241 1060 4295 dici
1080 4241 1186 4309 quinta
1204 4253 1253 4293 us·

129 4327 192 4383 quo
215 4313 256 4366 ad
274 4327 434 4385 vesperam
454 4313 593 4370 durasset
613 4321 643 4370 et
660 4317 814 4384 utrimque
834 4313 919 4369 multi
938 4313 1126 4379 cecidissent,
1155 4312 1253 4365 victor

127 4383 255 4442 taudem
282 4385 388 4456 evasit,
418 4385 496 4449 duce
521 4387 723 4460 Butgarorum
751 4389 828 4460 iuga
853 4385 956 4458 elapso
986 4398 1161 4458 magnaque
1187 4384 1253 4439 bar·
1264 4383 1297 4440 19
