3050 4775
264 415 318 477 too
563 415 699 482 ZONAR.
719 415 817 480 EPlT.
837 416 905 481 xm
924 418 951 493 l,
970 419 1082 482 12-24.

264 603 465 690 ἐγκατέστησε
487 605 541 670 τδν
564 605 740 689 φιλόσοφον
762 606 895 689 Λέοντα,
924 604 964 672 ού
986 607 1078 680 κλέος
1100 608 1151 674 tat
1172 610 1269 693 σοφίᾳ
1291 609 1382 685 πολύ,

263 708 299 777 ὃς
321 707 375 770 καὶ
392 715 439 791 τῴ
453 708 574 792 βασιλεῖ
587 707 735 791 Θεοφίλῳ
759 711 884 791 γέγονεν
907 712 1028 793 ἔντιμος
1050 712 1086 776 ἐκ
1109 711 1229 794 τρόπου
1251 713 1382 778 τοιοῦδε.

219 815 253 872 13
261 809 388 873 πολλῶν
411 811 499 893 αύτῷ
522 815 679 894 φοιτητῶν
702 811 814 892 ὄντων,
837 812 892 874 ἕνα
915 813 1030 896 συνέβη
1053 814 1174 877 τούτων
1194 819 1256 885 τοῖς
1271 814 1382 897 Σαρα·

262 918 370 994 κηνοῖς
403 914 547 997 γενέσθαι
582 914 753 996 ἁλώσιμον,
791 911 822 995 ᾦ
855 913 893 978 τὰ
927 921 982 998 τῆς
1015 917 1206 997 γεωμετρίας
1238 916 1382 1000 μεμίητο

229 1015 414 1099 Οάκριβῶς,
446 1015 499 1080 καί
528 1013 620 1087 οὗτος
647 1021 711 1080 τῶν
738 1016 826 1099 παρὰ
852 1022 916 1087 τοῖς
942 1017 1118 1100 βαρβάροις
1139 1018 1304 1101 ἐπισήμων
1326 1019 1418 1083 τινλΙ)
1431 1027 1525 1084 ivr

218 1125 252 1180 14
263 1116 420 1181 δουλεύειν
442 1118 662 1202 δτιονενέμητο.
708 1117 748 1201 ἦν
772 1118 801 1181 δ’
825 1118 844 1181 ὁ
866 1118 934 1182 τότε
956 1123 1020 1182 τῶν
1042 1120 1079 1182 ἐκ
1101 1125 1156 1203 τῆς
1167 1121 1266 1204 Ἅγαρ
1284 1145 1379 1203 προε-

261 1220 386 1302 στηκὼς
397 1219 574 1303 φιλολογῶν
585 1221 640 1284 καί
651 1221 839 1304 φιλοσόφων
850 1221 1073 1304 θεωρημάτων
1085 1222 1241 1304 ἐπιμελῶς
1251 1223 1379 1304 ἀκροώ-

260 1345 365 1403 μενος,
388 1323 483 1386 πλέον
507 1323 541 1387 δὲ
563 1328 628 1388 τῶν
650 1323 755 1388 ἄλλων
777 1329 844 1395 ταῖς
866 1330 1090 1406 γεωμετρικαῖς
1110 1325 1263 1407 μιδόδοις
1279 1349 1379 1406 προσ-

216 1424 411 1507 15κείμενος.
458 1426 567 1508 έφοίτα
591 1425 626 1490 δὲ
648 1426 702 1490 καὶ
724 1426 744 1490 δ
766 1431 822 1490 τού
845 1427 1047 1509 αἰχμαλώτου
1071 1427 1224 1510 δεσπότης
1240 1428 1329 1509 παρὰ
1344 1427 1380 1492 τδ

214 1571 217 1576 ,
260 1527 480 1610 ἀκροατήριον,
503 1529 560 1593 καί
579 1553 654 1593 ποτε
677 1529 766 1610 αὐτῷ
787 1528 842 1592 καί
863 1529 1099 1612 δαίχμάλωτος
1113 1531 1223 1612 εἵπετο,
1246 1529 1301 1593 καί
1315 1535 1380 1593 τῶν
1390 1543 1425 1597 10

261 1629 474 1694 διδασκόντων
506 1630 647 1702 ἀκούσας
678 1631 732 1694 καὶ
763 1632 908 1714 σχήματα
940 1632 1069 1703 τούτους
1100 1632 1180 1696 ἰδὼν
1212 1633 1378 1715 διαχαράτ-

259 1753 368 1801 τοντας
394 1733 588 1816 γεωμετρικὰ
616 1733 718 1816 ἀρχήν
745 1758 777 1797 τε
803 1732 840 1796 τὸ
867 1736 1022 1816 τρίγωνον
1048 1734 1166 1806 παντὸς
1191 1733 1268 1799 εἶναι
1291 1735 1378 1799 διδά-

260 1857 392 1905 σκοντας
414 1838 584 1920 σχήματος,
608 1833 682 1901 ὥστ’
707 1837 742 1910 ἐξ
764 1837 861 1901 αὐτοῦ
885 1838 970 1900 ἅπαν
987 1843 1094 1921 σχῆμα
1110 1837 1311 1901 συνίστασθαι
1324 1837 1379 1900 καί

260 1937 303 2007 εἰς
330 1935 406 2000 αὐτὸ
433 1939 633 2013 ἀναλύεσθαι,
665 1940 718 2003 καὶ
747 1939 794 2010 ὡς
820 1939 949 2002 πάντων
971 1938 990 2002 ὁ
1012 1938 1130 2010 κύκλος
1156 1943 1220 2002 τῶν
1243 1939 1378 2019 ἰσοπερι·

259 2040 385 2122 μέτρων
413 2041 501 2124 αὐτῷ
526 2043 580 2105 καὶ
602 2042 799 2124 ἰσοπλεύρων
821 2041 883 2104 ἐστὶ
903 2040 1203 2124 πολυχωρητότερος
1225 2043 1278 2105 καί
1300 2041 1378 2104 ἄλλα
1391 2057 1424 2111 15

222 2147 393 2215 ὓτοιαῦτα,
417 2144 509 2225 ἤρετο
532 2143 586 2208 τὸν
608 2145 721 2208 ἑαυτοῦ
744 2144 855 2227 κύριον
870 2141 889 2206 δ
905 2143 1105 2225 αἰχμάλωτος
1125 2145 1154 2208 εί
1165 2145 1300 2209 πύδοιτο
1314 2149 1379 2209 τῶν

216 2243 460 2311 16διδασιιάλων
481 2245 553 2328 περὶ
575 2242 624 2310 ὧν
647 2245 841 2310 διδάσκουσι·
865 2245 919 2310 καί
941 2247 978 2317 ὃς
996 2247 1174 2329 ἐπέτραμεν.
1220 2247 1290 2312 ὅδὲ
1306 2247 1379 2318 τοὺς

258 2344 372 2431 λόγους
393 2352 458 2413 τῶν
481 2347 720 2433 διδασκομένων
740 2349 838 2433 ἐζήτει
854 2349 1023 2434 σαφηνίσαι
1038 2349 1161 2422 αὐτούς.
1206 2351 1237 2415 οῖ
1252 2350 1280 2415 δ’
1298 2350 1377 2435 ήπδ-

311 2614 325 2667 1
346 2613 487 2685 ληκατίστη
505 2615 565 2669 νέον
584 2614 621 2685 Ι),
640 2615 813 2685 ίγκατέστησε
832 2631 908 2671 corr.
927 2615 980 2675 Dw
1063 2616 1148 2686 πολλῇ
1166 2614 1189 2672 C
1272 2617 1376 2689 dpost

311 2686 412 2740 τούτων
430 2686 500 2741 add.
519 2686 587 2742 κατὰ
606 2686 652 2757 τήν
670 2689 741 2743 έώαν
759 2688 966 2757 ἀποδημήσαντα
985 2686 1201 2757 (ἂποδομήοαντα
1219 2688 1259 2757 D)
1278 2686 1351 2761 pr

311 2757 329 2811 l
347 2758 376 2817 ὅς
394 2774 420 2812 w
460 2760 564 2813 invitis
582 2757 636 2813 AR
718 2760 736 2814 5
754 2760 793 2812 ἑνί
812 2759 835 2813 Ο
920 2760 937 2813 l
956 2759 1107 2829 φιλολόγων
1124 2758 1152 2813 D
1236 2761 1271 2815 10
1288 2761 1376 2830 σἰκρω-

310 2829 401 2898 τήριον
519 2830 565 2883 καί
584 2837 655 2885 ante
674 2830 690 2883 δ
708 2845 766 2884 om.
779 2829 807 2884 D
881 2830 915 2885 12
932 2830 998 2886 δδΟ
1069 2831 1166 2891 παντὸς
1178 2838 1250 2887 ante
1262 2832 1292 2885 τδ
1303 2832 1375 2902 Ewp

312 2955 346 3008 13
364 2956 429 3015 am
448 2954 544 3026 τινα»
648 2956 680 3009 rr
700 2954 987 3025 portatores
1093 2956 1225 3011 rosata
1244 2956 1279 3025 n,
1298 2925 1375 3013 aia

312 3026 346 3079 16
363 3028 380 3080 d
396 3027 564 3096 αἰχμάλωτος
583 3042 639 3082 om.
660 3026 719 3095 OD,
741 3029 912 3098 transponit
929 3033 1001 3083 ante
1019 3028 1096 3097 ήριιο
1115 3028 1139 3081 Β
1270 3032 1302 3085 l'l
1320 3030 1375 3084 ἐπί

310 3116 423 3167 στρεψεν
442 3096 478 3166 Ι),
497 3114 572 3154 corr.
592 3097 644 3157 Dw
719 3100 752 3153 18
771 3099 880 3168 έζήτηστ
899 3099 973 3169 pr

256 3349 315 3404 hus
341 3348 495 3405 doctorem
524 3350 671 3420 praefecit
693 3348 828 3405 Leonem
857 3349 1076 3422 philosophum,
1105 3352 1192 3407 cuius
1220 3352 1376 3409 doctrinae

256 3422 370 3475 incluta
387 3422 469 3475 lama
488 3428 561 3489 erat,
581 3423 672 3476 etiam
688 3422 727 3476 ab
747 3437 822 3492 rege
834 3421 1000 3492 Theophilo
1021 3424 1201 3479 honoratum
1221 3424 1278 3480 hac
1291 3440 1376 3481 occa·

213 3494 247 3549 13
256 3493 349 3547 sione.
388 3490 462 3547 Cum
482 3492 591 3548 multos
611 3493 736 3547 haberet
756 3492 928 3564 discipulos,
948 3495 1067 3561 accidit,
1085 3503 1237 3551 uteorum
1252 3497 1375 3566 quidam

256 3566 287 3617 in
306 3566 474 3634 geometria
494 3570 636 3619 accurate
656 3564 794 3619 eruditus
812 3581 832 3619 a
850 3564 1011 3621 Saracenis
1030 3573 1137 3636 captus
1156 3568 1276 3622 cuidam
1296 3570 1375 3624 inter

212 3638 246 3691 14
258 3635 405 3690 barbaros
424 3636 531 3689 illustri
558 3637 589 3689 in
618 3636 795 3691 servitutem
815 3636 995 3692 traderetur.
1032 3637 1245 3707 Agerenornm
1273 3648 1375 3695 autem

257 3708 391 3775 quitum
412 3714 477 3761 orat
497 3708 647 3777 princeps,
667 3709 713 3761 vir
732 3707 849 3773 doctus,
869 3709 1057 3764 theoremata
1076 3709 1375 3781 philosophiaeque

256 3792 316 3846 que
335 3778 469 3832 studiose
489 3778 642 3846 audiebat,
671 3794 745 3848 prae
765 3782 873 3833 ceteris
892 3787 994 3835 tamen
1013 3782 1206 3849 geometricis
1225 3784 1374 3838 methodis

212 3850 321 3905 lberat
340 3849 467 3903 deditus.
506 3848 579 3905 Cum
599 3856 700 3905 autem
721 3851 834 3921 captivi
853 3851 943 3905 herus
956 3851 1141 3906 auditorium
1155 3854 1371 3923 frequentaret,

255 3921 419 3989 aliquando
439 3927 469 3975 et
489 3922 553 3990 ipse
572 3936 641 3975 cum
662 3922 831 3985 comitatus,
850 3922 963 3977 auditis
982 3923 1165 3991 doctoribus,
1185 3926 1238 3994 qui
1257 3926 1373 3996 figuras

255 3992 458 4061 geometricas
477 3991 666 4047 delinearant
685 3997 714 4046 et
733 3993 920 4062 triangulum
940 3998 1037 4049 omnis
1055 3996 1174 4064 figurae
1191 3996 1374 4066 principium

255 4079 321 4117 esse
340 4063 492 4118 docebant
511 4079 676 4133 omnesque
695 4064 811 4133 figuras
829 4080 869 4119 ex
897 4081 933 4120 co
962 4072 993 4120 et
1020 4068 1093 4121 oriri
1121 4073 1152 4121 et
1179 4068 1309 4124 laidem
1328 4086 1373 4124 re·

255 4135 332 4189 solvi
352 4144 382 4190 et
401 4135 546 4190 circulum
572 4136 706 4190 omnium
725 4136 902 4205 figurarum,
931 4152 1011 4206 quae
1031 4138 1147 4193 ambitu
1165 4140 1286 4209 aequali
1306 4156 1373 4195 con·

256 4208 434 4273 haereatur,
455 4222 521 4261 csse
538 4208 769 4276 capacissimum
782 4209 909 4278 eiusque
921 4210 1044 4279 generis
1057 4210 1125 4277 alia,
1144 4214 1268 4281 rogavit
1280 4212 1373 4267 domi·

256 4294 327 4332 num
349 4278 397 4332 ille
417 4279 564 4347 captivus,
594 4292 668 4333 num
687 4278 791 4334 liceret
809 4283 971 4351 magistros
990 4281 1029 4336 de
1047 4282 1093 4349 iis,
1121 4296 1202 4351 quae
1220 4283 1374 4355 docerent,

211 4353 245 4409 16
257 4352 438 4421 percontari.
468 4350 556 4415 Quod
575 4366 642 4405 cunr
656 4350 705 4405 ille
726 4351 919 4422 permisisset,
938 4354 1032 4424 petiit,
1051 4361 1086 4408 ut
1104 4355 1239 4411 rationes
1257 4372 1373 4426 eorum,

256 4436 336 4497 quae
357 4422 537 4494 doctussent,
557 4422 614 4478 sibl
634 4422 871 4481 declararentur.
899 4425 1011 4481 Verum
1030 4428 1095 4498 illis,
1115 4428 1197 4497 quod
1211 4431 1373 4501 respoude-
