3050 4775
252 468 306 525 684
537 466 673 526 ZONAR.
692 466 791 523 EPIT.
810 466 910 522 XVIII
930 466 971 535 10,
990 464 1087 521 8—91.

217 652 378 735 Βστήριαν
404 650 458 716 καλ
483 648 520 713 τὰ
549 650 682 732 πολέμια
712 649 845 731 δόκιμον
873 648 927 711 καλ
953 646 1009 730 τὴν
1037 645 1125 729 ι’σχὺν
1153 644 1369 728 ἀπαράμιλλον

251 754 410 837 ἐπιστῆσαι
438 752 533 817 αὐτὸν
560 760 598 837 τῇ
627 753 721 836 ἀρχῇ,
756 747 793 815 ἵν’
818 752 837 834 ἤ
867 750 1047 834 βαρβαρικὴ
1077 747 1163 832 φορὰ
1193 748 1368 831 ἕπωχεθείη

250 861 371 937 ποσῶς,
395 856 492 919 αὐτοῦ
514 855 635 925 τούτοις
657 854 887 936 ἀντερείσαντας
909 853 981 923 τοὺς
1003 854 1182 936 βραχίονας.

225 966 242 1021 9
334 956 396 1021 Ἦν
413 954 478 1021 δ’ὁ
500 956 581 1039 ἀνὴρ
605 954 698 1026 οὗτος
720 956 774 1019 καί
796 962 860 1019 τῶν
883 956 919 1019 ἐκ
943 956 1053 1037 γένους
1074 956 1221 1038 λαμπροῦ
1237 952 1370 1017 καὶτῶν

208 1070 242 1123 10
253 1060 432 1143 διαβοήτων
459 1059 508 1123 ἐπὶ
534 1066 598 1130 τοῖς
625 1059 919 1141 ἀνθραγαθήμασιν.
966 1056 1004 1122 αὖ
1029 1058 1047 1121 ὁ
1073 1057 1177 1140 πατὴρ
1204 1052 1252 1120 ἐπ’
1277 1055 1395 1123 ἀδελ-5

251 1161 383 1243 φότιαιθι
414 1167 470 1225 τοῦ
501 1162 740 1244 βασιλεύσαντος
771 1161 866 1224 πάλαι
897 1166 953 1225 τοῦ
985 1160 1064 1225 κατὰ
1096 1160 1168 1231 τοὺς
1194 1158 1368 1242 Ἀργυροὺς

248 1262 414 1345 Ῥωμανοῦ
442 1264 595 1348 κηδεστὴς
624 1264 763 1346 γεγονὼς
792 1264 845 1327 καὶ
874 1264 922 1327 ἐπὶ
950 1264 1106 1346 τυραννίδι
1134 1262 1229 1334 ἁλοὺς
1257 1260 1369 1325 ἑαυτὸν

155 1368 487 1450 11.]ἳκατεκρήμνισε.
521 1368 661 1450 τετίμητα
685 1367 719 1431 δὲ
741 1374 788 1449 τῷ
810 1372 874 1430 τῶν
896 1367 1080 1449 βεσταρχῶν
1095 1366 1256 1447 ἀξιώματι.
1292 1364 1369 1437 ὁοὺξ

252 1468 312 1552 γὰρ
334 1469 422 1551 παρὰ
444 1475 500 1533 ταῦ
523 1470 632 1533 Δούκα
655 1477 710 1553 τῆς
734 1470 895 1553 Σαρὸικῆς
923 1470 1060 1552 γεγονὼς
1083 1469 1136 1531 καί
1160 1467 1369 1542 Πατζινάκοις

219 1574 319 1637 Cinci
336 1596 400 1636 που
422 1572 599 1655 περιτυχὼν
620 1572 674 1635 καί
696 1573 817 1643 τούτοις
836 1572 1019 1655 συμβαλών,
1042 1570 1178 1642 πολλούς
1193 1594 1225 1634 τε
1241 1570 1369 1634 διώλεσε
1380 1582 1414 1635 10

251 1674 306 1738 καί
328 1676 367 1738 αὖ
389 1675 498 1757 μείους
521 1675 708 1758 ἐζώγρησεν,
733 1672 781 1739 ὥν
803 1674 876 1745 τοὺς
897 1674 956 1758 μὲν
972 1675 1152 1744 ἑαλωκότας
1168 1674 1282 1749 ζωούς,
1305 1678 1368 1737 τῶν

253 1774 282 1841 θ’
307 1778 516 1861 ἐσφαγμένων
537 1777 592 1849 τὰς
615 1778 756 1861 κεφαλᾶς
778 1780 895 1850 στείλας
917 1786 963 1859 τῷ
985 1778 1106 1861 βασιλεῖ
1125 1776 1299 1860 βεστάρχης
1320 1783 1405 1839 τε-Ι)
1420 1784 1459 1837 IV
1471 1783 1518 1836 201

209 1891 243 1945 13
252 1882 370 1963 τίμητο,
407 1882 587 1962 γράφοντος
613 1888 668 1944 τοῦ
698 1888 889 1963 κρατοῦντας
916 1882 1004 1963 αὐτῷ
1032 1880 1078 1951 ὡς
1100 1880 1162 1942 “oti
1187 1879 1303 1961 ὅῶρον,
1339 1876 1368 1941 ὦ

208 1982 403 2064 14Δώγενες,
436 1982 471 2045 τὸ
494 1984 630 2066 ἀξίωμα,
660 1990 716 2047 τοῦ
740 1980 769 2048 θ’
794 1984 1081 2067 ἀνθραγαθήματος
1104 1981 1256 2064 ἀμοιβή.”
1301 1980 1367 2043 θια-

251 2086 368 2167 τρίβων
391 2082 449 2148 οὖν
472 2086 539 2149 ἐκεῖ
556 2093 744 2171 τυραννῆσαι
759 2087 1020 2170 παρεσκευάζετο,
1044 2085 1109 2148 ἐκεί
1125 2086 1206 2167 ἔγνω
1222 2082 1368 2147 τεθνάναι
1379 2090 1413 2145 15

251 2292 269 2346 4
285 2291 346 2361 περὶ
365 2300 411 2347 τοῦ
430 2293 569 2362 Διογένους
587 2294 634 2348 καὶ
652 2294 707 2354 αίας
725 2294 758 2364 ἦν
777 2294 805 2348 τὸ
824 2294 897 2363 γένος
915 2294 961 2348 καί
980 2292 1026 2363 τὴν
1045 2293 1121 2362 ἰσχύν
1140 2292 1187 2347 ΟΕ
1278 2290 1312 2344 14
1330 2291 1368 2344 ὅτι

251 2372 407 2435 τυραννῆσαι
425 2366 643 2435 βουλευσάμενος,
661 2367 810 2436 κατεσχέθη
829 2368 844 2421 ὀ
862 2366 997 2436 Διογένης,
1017 2365 1062 2420 καί
1079 2364 1184 2434 μέλλων
1202 2362 1367 2433 κολασθῆναι

251 2437 352 2507 ἀφείθη
370 2437 416 2492 καί
434 2439 471 2498 εἰς
488 2439 622 2507 βασιλείαν
639 2437 787 2508 ἀφωρίσθη
808 2437 830 2494 Ο

304 2629 322 2683 4
339 2630 469 2697 λαμπρῶν
487 2630 589 2699 DEwp
687 2630 763 2686 ὄλετ’
782 2631 966 2700 ἀριστεύμασιν
984 2628 1033 2685 BC
1133 2629 1367 2697 ἀνδραγαθήμασιν

305 2699 460 2771 DEwpDi,
478 2701 698 2771 ἀνδραγαθήμασι
708 2702 744 2769 Α,
763 2719 792 2756 ν.
803 2704 841 2757 ad
853 2701 925 2756 XIII
936 2703 959 2770 1,
969 2702 986 2755 5
1047 2703 1064 2754 8
1084 2708 1151 2770 post
1160 2699 1367 2768 κατεκρήμνισεν

305 2771 374 2826 add.
394 2787 434 2825 ex
451 2771 536 2826 XVII
556 2773 597 2841 12,
616 2775 634 2828 8
660 2777 702 2828 ἴνα
719 2773 759 2844 μὴ
778 2774 881 2829 ἐκεῖθεν
899 2773 1043 2842 κρατηθείς
1066 2781 1177 2842 γνωριοῖ
1198 2771 1317 2841 (γνωριεῖ
1330 2770 1366 2838 Β)

305 2843 365 2904 τοὺς
388 2845 542 2912 συνίστορας
563 2845 724 2913 ε’ταζόμενος,
751 2845 897 2901 κάντεῦθεν
919 2846 964 2900 καὶ
988 2845 1061 2898 οὗτοι
1088 2845 1265 2913 τιμωρηθῶσι
1286 2841 1367 2912 Bwp,

305 2914 402 2984 ἵναμὴ
421 2916 534 2985 ἐκφῆναι
555 2916 735 2986 ἀναγκασθείη
754 2917 814 2976 τοὺς
832 2919 984 2986 συνίστορας
1003 2917 1156 2984 ἕταζόμενος
1175 2913 1254 2969 CWo
1274 2914 1322 2967 lat.

340 2992 409 3057 post
426 2987 456 3040 δὲ
475 2987 544 3041 add.
563 2989 580 3041 ὅ
596 2989 715 3057 θιαγίνης
733 2989 810 3048 οὗτος
829 2991 844 3042 ὁ
860 2988 983 3058 ῥωμανός
1003 2986 1083 3042 CWo
1102 2988 1152 3040 lat.
1260 2985 1335 3044 σθτας
1354 2985 1370 3038 δ

304 3058 770 3200 ῥωίίῖίὶιῖλίῗίεὲἓίλὶίηί
782 3058 1188 3199 {illitteratis}
1199 3055 1369 3182 Βῦίίοίῖίί

303 3222 355 3255 που
371 3201 434 3272 w*p
509 3201 540 3254 ll
560 3186 710 3271 ἐζώγρησεν
728 3201 768 3256 ὧν
781 3172 897 3272 ARva:
910 3201 1045 3270 ἐζώγρησε
1057 3202 1103 3254 καί
1117 3200 1165 3255 BC
1239 3199 1271 3253 12
1290 3199 1369 3267 ἑσφᾶ·

304 3273 409 3341 γμένων
427 3271 491 3340 (sie)
511 3289 550 3326 ex
569 3282 640 3342 σφᾶς
656 3274 746 3340 μένων
764 3278 837 3328 mut.
857 3273 884 3327 D
1009 3273 1042 3327 13
1061 3273 1209 3342 γράψαντος
1227 3269 1280 3325 ΑΟ
1300 3269 1370 3340 Scy·

304 3345 363 3398 Iiiz.
383 3360 411 3414 p.
430 3344 490 3410 663,
510 3343 554 3413 21,
573 3346 725 3414 γράψαντος
743 3344 773 3400 δὲ
792 3345 864 3416 Ewp
979 3346 1069 3412 δῶρον
1088 3343 1141 3398 AR
1160 3343 1279 3413 Scyllia.
1298 3343 1315 3396 I.
1336 3357 1368 3410 o..

305 3416 395 3483 δῶρον
413 3435 454 3469 σοι
473 3414 522 3470 BC
594 3415 628 3485 ὦ]
647 3418 664 3470 ὁ
681 3417 717 3486 ρ*
792 3415 825 3470 lb
844 3416 969 3486 τεθρᾶναι
989 3415 1019 3486 C,
1038 3417 1160 3470 τεθνᾶναι
1180 3431 1227 3484 wp

252 3614 350 3666 vlruru
364 3627 433 3666 eum
447 3617 481 3666 ut
494 3617 650 3666 strenuum
665 3618 694 3667 et
707 3614 737 3667 in
752 3629 786 3667 re
800 3613 907 3667 bellio-a
920 3613 1081 3682 probatum
1093 3617 1122 3667 et
1135 3612 1246 3666 robore
1260 3611 1370 3665 lucorn-

252 3683 379 3753 parabili
408 3683 579 3753 praeditum
602 3700 738 3738 summae
761 3700 862 3738 rarum
890 3685 1082 3755 praefoebse,
1110 3689 1144 3738 ut
1169 3683 1369 3738 barbarorum

251 3757 381 3824 impetus
400 3755 537 3809 nonnihil
556 3756 778 3824 reprunoretur,
798 3755 848 3810 illo
868 3758 959 3810 armis
979 3757 1146 3810 resistente.

225 3825 242 3878 9
340 3825 413 3880 Erat
435 3831 537 3880 autem
561 3827 608 3880 vir
631 3827 680 3879 ille
700 3833 783 3880 ortus
807 3843 921 3895 genere
941 3833 971 3881 ot
989 3827 1096 3880 illustri
1117 3833 1146 3880 ot
1165 3827 1256 3880 rebus
1275 3826 1369 3894 gestis

209 3897 243 3950 10
252 3897 342 3951 olaro.
380 3895 472 3951 Cuius
486 3904 572 3967 pater
586 3913 653 3951 oum
667 3897 795 3952 Romani
809 3897 921 3968 Argyri
942 3903 1062 3968 neptem
1076 3914 1113 3952 ox
1128 3899 1223 3951 fratre
1241 3911 1369 3951 uxorem

209 3968 386 4035 titubaret,
404 3971 492 4038 regni
506 3969 638 4022 affectati
652 3971 817 4034 corrviotus
838 3985 870 4023 se
883 3970 981 4040 ipsum
997 3969 1215 4039 praecipItavit.
1253 3967 1370 4021 Vester·

209 4040 377 4094 l2eharum
396 4055 470 4094 vero
490 4040 639 4110 ‹ilguitato
659 4047 784 4094 ornatus
804 4047 883 4109 orat3
911 4057 980 4095 nam
1000 4056 1015 4094 o
1038 4039 1124 4094 Dosa
1144 4038 1287 4095 Serdicao
1308 4039 1371 4092 dux

252 4112 431 4179 designatus
456 4127 523 4165 eum
547 4111 606 4165 illie
630 4112 741 4165 alieubi
760 4113 791 4166 in
810 4111 990 4166 Patziuacos
1013 4112 1174 4178 incidisset,
1202 4111 1303 4165 multis
1324 4126 1371 4164 oo·

253 4183 322 4236 risis
331 4197 388 4236 noo
398 4184 593 4252 paucioribus
605 4184 708 4251 captis,
723 4188 751 4237 et
766 4185 904 4238 viventes
918 4190 948 4237 ot
961 4199 1118 4238 caesorum
1135 4185 1235 4253 capita
1248 4183 1371 4236 miserat

253 4253 292 4307 ad
316 4269 429 4322 regem,
457 4270 476 4308 a
499 4270 559 4324 quo
585 4271 622 4308 oa
646 4255 684 4308 de
707 4269 801 4308 causa
829 4257 989 4309 vestarclra
1013 4255 1190 4324 designatus
1214 4259 1279 4308 erat
1302 4269 1370 4307 oum

211 4325 244 4379 13
253 4324 426 4379 honorificIs
439 4326 552 4393 littoris
573 4325 684 4394 quibus
697 4327 860 4394 Imperator
874 4327 1039 4380 scribebat:
1058 4325 1148 4379 “Non
1166 4326 1287 4384 donum.
1301 4323 1370 4377 Dio-

209 4396 244 4450 14
253 4411 356 4466 genes,
376 4397 518 4466 dignitas,
546 4397 599 4451 sori
620 4398 737 4466 egregii
756 4398 902 4451 facinoris
921 4397 1158 4452 remuneratio.”
1194 4397 1257 4450 Illic
1276 4397 1370 4466 igitur

253 4483 321 4523 eum
333 4474 447 4538 ageret,
462 4468 673 4540 occupandum
684 4483 813 4540 regnum
825 4474 921 4541 parat,
935 4470 1058 4540 cognito
1072 4469 1263 4538 imperatoris
1277 4469 1369 4524 obitu.
