3050 4775
252 440 307 506 tet
546 438 683 506 tollae
702 438 803 505 amr.
822 438 906 505 livn
924 442 950 517 a,
970 438 1083 505 10-23.

208 630 374 715 11βραχδν
401 629 458 715 τὴν
485 632 607 715 ὴλιιιίαν
628 630 819 716 ζώνόμαζαν·
854 632 891 701 ὃς
917 631 1017 695 καίτοι
1044 630 1206 713 πατρίκιος
1233 622 1373 711 τιμηθείς

208 740 243 794 12
251 734 374 817 ἀπέδρα
401 735 493 798 πάλιν
518 734 573 798 καί
594 733 676 817 πρὸς
698 734 752 797 τδν
774 733 931 816 Σαμουὴλ
954 732 1158 815 ἀπελήλυθεν.
1205 725 1254 793 εἶτ’
1279 726 1373 799 aide

208 842 242 898 13
250 836 331 900 κατὰ
349 836 475 920 Βιδίνης
494 838 513 900 ό
534 834 678 919 βασιλεὺς
700 834 916 919 ἐξεστράτευσε
938 834 992 899 καλ
1013 832 1070 917 τὴν
1092 834 1182 898 πόλιν
1205 833 1294 912 αίρεῖ.
1340 832 1373 895 ἐν

251 939 320 1022 ὅσῳ
348 940 383 1003 δὲ
409 940 524 1023 ταύτην
554 937 730 1021 ἐπολιόρκει
753 938 772 1000 ὁ
794 938 947 1020 βασιλεύς,
980 938 1093 1001 ἔπεισιν
1115 936 1134 999 ὁ
1157 932 1313 1017 Σαμουὴλ
1335 939 1373 1016 τῇ

247 1040 501 1123 Ἀδριανουπόλει
531 1040 656 1123 ἀθρόον
684 1040 738 1104 καί
763 1040 973 1128 πανηγύρεως
999 1038 1089 1110 ἐκτός
1110 1038 1297 1120 τελουμένης
1318 1036 1401 1105 edre

250 1168 282 1207 τε
311 1144 464 1226 ἐμπορίας
489 1143 572 1206 λείαν
598 1143 749 1226 πεποίητο
777 1144 831 1205 καὶ
863 1142 1077 1225 αἰχμαλώτων
1108 1140 1233 1223 πλῆθος
1263 1138 1372 1221 λαβὼν

173 1246 449 1329 014ὗπενόστησε.
497 1246 550 1327 τὴν
576 1244 706 1328 Βιδίνην
734 1245 769 1309 δὲ
796 1240 852 1327 ὑφ’
882 1243 993 1309 ἑαυτὸν
1020 1243 1039 1305 ὁ
1065 1242 1209 1327 βασιλεὺς
1239 1241 1371 1323 ποιησά-

249 1370 346 1431 μενος
367 1348 422 1411 καλ
444 1348 694 1431 ἐπανερχόμενος
715 1346 868 1428 κατέλαβε
890 1346 977 1429 παρὰ
998 1354 1044 1429 τῷ
1059 1345 1153 1427 Ἀξιῴ
1168 1351 1303 1427 ποταμῷ
1317 1343 1372 1407 τόν

251 1450 407 1533 Σαμουὴλ
430 1449 647 1532 αὐλιζόμενον·
672 1448 890 1531 δΒαρδάρως
908 1450 1011 1520 οὕτως
1033 1447 1120 1529 παρὰ
1143 1451 1207 1516 τοῖς
1228 1445 1371 1515 παλαιοῖς

208 1561 242 1616 1ο
251 1554 445 1635 ὠνομάζετο.
490 1552 609 1615 πολλοῦ
636 1551 670 1615 δὲ
692 1556 749 1615 τοῦ
772 1556 917 1634 ποταμοῦ
940 1551 1067 1633 ῥέοντος
1090 1549 1216 1633 ἀμελῶς
1239 1550 1269 1612 oi
1290 1547 1369 1631 βάρ-
1383 1556 1418 1609 10

250 1657 345 1738 βαροι
367 1656 618 1737 κατεσκήνωντο·
647 1654 688 1718 οὔ
711 1654 771 1737 γὰρ
794 1654 834 1717 ἅν
855 1676 931 1717 ποτε
954 1654 1129 1737 δυνηθῆναι
1152 1652 1297 1735 διαβῆναι
1317 1650 1371 1713 τὸν

208 1767 242 1821 16
250 1757 395 1839 ποταμόν
406 1758 536 1841 ὴίπιζον
546 1756 583 1821 τὸ
594 1755 774 1839 Ῥωμαϊκὸν
787 1756 958 1839 σύνταγμα.
1004 1754 1107 1839 πόρου
1124 1753 1159 1818 δὲ
1175 1752 1372 1836 γνωσθέντος

252 1856 291 1923 δι’
309 1860 406 1923 αὐτοῦ
423 1859 441 1922 ό
457 1859 601 1942 βασιλεὺς
624 1858 710 1943 διέβη
734 1858 846 1921 καὶτὸ
869 1856 1089 1941 στρατόπεδον,
1111 1857 1165 1921 καὶ
1187 1855 1296 1919 πολλοί
1312 1855 1371 1937 μὲν

250 1968 315 2025 τῶν
340 1962 536 2044 Βουλγόρων
559 1962 735 2034 ἀπώλοντο,
758 1962 777 2025 ὁ
801 1960 836 2025 δὲ
858 1960 1014 2043 Σαμουὴλ
1038 1960 1154 2041 διέδρα,
1182 1965 1237 2042 τῆς
1258 1958 1370 2021 τούτου

208 2074 242 2130 17
251 2071 369 2147 σκηνῆς
400 2063 454 2127 καί
485 2070 540 2147 τὴς
571 2064 776 2148 παρεμβολῆς
807 2064 932 2146 διιείσης
961 2063 1189 2145 διαρπαγείσης.
1234 2061 1288 2124 καί
1314 2060 1370 2143 τὴν
1382 2070 1416 2121 ln

250 2167 340 2231 πόλιν
363 2166 397 2230 δὲ
419 2172 484 2231 τῶν
505 2166 659 2231 Σκοπίων
682 2166 701 2231 δ
722 2166 866 2249 βασιλεὺς
888 2166 1081 2248 παρειλήφει,
1111 2166 1259 2229 δοθεῖσαν
1283 2164 1371 2245 αὐτῷ

250 2268 338 2351 παρὰ
353 2268 519 2352 Ῥωμανοῦ
543 2275 598 2332 τοῦ
614 2270 685 2332 υλαῦ
700 2268 828 2352 Πέτρου
844 2275 899 2333 τοῦ
915 2268 1068 2349 ἄρξαντος
1082 2272 1146 2331 τῶν
1161 2267 1369 2349 Βουλγάρων,

214 2370 281 2457 Del
303 2374 323 2456 ὴ
346 2372 460 2456 ταύτης
482 2372 608 2456 φυλακὴ
632 2370 720 2455 παρὰ
742 2377 798 2438 τοῦ
822 2369 978 2454 Σαμουὴλ
1001 2371 1229 2454 ἐμπεπίστευτο.

306 2711 320 2764 1
340 2717 372 2780 τὴ
391 2709 480 2780 ὴλικία
499 2709 522 2763 Β
630 2708 710 2764 ἳτδν
729 2725 785 2764 0111.
806 2706 829 2765 C
942 2707 960 2763 3
979 2711 1018 2772 (v,
1039 2723 1083 2763 va.
1102 2705 1129 2767 'll
1147 2707 1250 2776 βιδίνης
1268 2703 1368 2776 ABwp

305 2782 463 2851 Ephraem.
482 2780 562 2849 2917,
580 2779 674 2836 Nicet.
688 2780 826 2836 Choniat.
847 2797 874 2850 p.
891 2779 953 2846 588,
970 2780 1013 2846 11,
1030 2779 1139 2848 stadim
1156 2777 1187 2844 E,
1206 2779 1317 2848 βυδίνης
1335 2777 1369 2844 R,

304 2855 414 2923 βιδύνης
434 2852 520 2908 Cedr.
539 2852 682 2922 (Scyllia.)
702 2850 731 2905 II
750 2867 779 2921 p.
797 2851 859 2916 454,
878 2851 914 2905 90
1002 2851 1020 2904 4
1038 2851 1116 2919 ταότη
1136 2848 1161 2902 Β
1251 2849 1369 2919 σαμουὴλ

306 2925 360 2989 Cw,
378 2923 542 2994 βασιλιδςθ
613 2923 864 2991 ὃάνδριανουπόλει
882 2922 910 2975 D
974 2921 990 2975 7
1008 2923 1112 2992 βιδίνην
1130 2920 1241 2991 Apr,
1258 2921 1369 2991 βυδίνην

305 2995 365 3062 CD,
385 3011 413 3049 v.
433 3011 477 3049 va.
495 2994 513 3050 3
584 2995 676 3064 δβασ.
696 2999 768 3048 ante
787 2994 834 3062 ὑφ’
854 2993 881 3047 D
959 2993 976 3048 9
995 2994 1080 3052 οὕτως
1098 2991 1131 3060 Ο,
1150 2993 1226 3052 οὗτος
1246 2991 1280 3059 Α,
1299 2992 1369 3046 οὕτω

305 3065 430 3137 Ewth',
450 3083 478 3120 v.
497 3067 537 3120 ad
557 3065 630 3120 Xlll
648 3067 673 3134 6,
695 3067 729 3119 16
818 3067 859 3120 ll.
872 3065 905 3118 12
922 3065 1031 3154 ἤλπιζον
1049 3065 1170 3134 διαβῆναι
1190 3063 1307 3117 omissis
1325 3063 1369 3116 τόν

303 3192 421 3259 ποταμόν
440 3197 469 3246 et
488 3192 518 3245 ιδ
531 3193 614 3259 Ῥωμ.
628 3192 760 3259 σόνιαγμσ
778 3189 806 3243 D
880 3190 913 3244 17
931 3156 950 3243 δ
966 3188 997 3257 C,
1014 3187 1086 3257 παρὰ
1105 3189 1159 3257 Cw,
1179 3205 1207 3243 V.
1227 3188 1266 3242 ud
1286 3186 1370 3242 XVII

305 3267 329 3332 i,
352 3265 385 3318 16
456 3268 525 3334 post
543 3263 616 3331 παρὰ
635 3263 704 3316 add.
723 3270 770 3315 τοῦ
789 3261 812 3316 C
888 3269 959 3317 ante
977 3263 1037 3314 υἱοῦ
1058 3277 1114 3315 om.
1134 3268 1179 3314 τοῦ
1198 3256 1249 3315 CD

208 3599 239 3652 ii
252 3601 373 3666 eaptus3
392 3595 445 3666 qui
459 3594 598 3665 quamvis
617 3594 736 3664 patricii
750 3593 899 3664 dignitate
913 3598 1038 3648 ornatus
1056 3597 1142 3660 esaei,
1163 3597 1263 3646 tamen
1282 3591 1369 3645 auiu-

208 3671 296 3738 iigit
319 3675 412 3737 atqua
436 3667 477 3721 ad
496 3666 665 3721 Samuelem
690 3665 786 3720 rediit.
824 3664 943 3719 Deinde
961 3680 1016 3718 rex
1035 3662 1174 3718 Bidinam
1196 3669 1368 3733 expugnat3

207 3742 342 3808 laquem
367 3739 439 3792 dum
466 3738 592 3804 obsidet,
620 3735 741 3793 Samuel
766 3735 995 3806 Adrianopolim
1018 3736 1118 3791 subito
1145 3735 1270 3801 invadit,
1299 3750 1367 3789 eum

251 3813 319 3865 l‘esti
339 3811 398 3864 diei
412 3809 572 3864 celebritas
585 3816 673 3862 extra
685 3809 807 3862 moenia
821 3809 999 3876 agitaretur,
1018 3807 1230 3874 mereibuaque
1244 3805 1368 3874 direptis

208 3885 288 3937 liae
311 3882 447 3951 plurimis
473 3881 569 3950 captis
593 3879 720 3948 recedit3
748 3893 837 3948 quem
861 3893 914 3932 rex
935 3877 1043 3931 Bidina
1062 3883 1152 3946 capta
1179 3878 1300 3931 rediena
1328 3877 1366 3930 ad

250 3953 361 4007 Axium
382 3954 508 4006 fluvium
527 3949 704 4018 (Bardariua
722 3952 766 4005 eie
786 3951 855 4004 olim
875 3950 1044 4013 dicebatur)
1072 3950 1184 4003 stativa
1208 3948 1365 4003 habentem

208 4024 459 4093 indeprehendit.
495 4022 524 4076 la
544 4038 612 4076 eum
633 4021 813 4086 exundaret,
837 4021 957 4074 barbari
978 4027 1077 4074 eastra
1096 4021 1287 4089 negligenter
1306 4025 1368 4074 tue·

251 4096 371 4158 bantur,
390 4096 448 4148 rati
461 4094 665 4148 Romanorum
679 4095 846 4146 exercitum
862 4093 988 4146 fluvium
1001 4107 1061 4145 non
1079 4106 1144 4146 esee
1161 4093 1366 4145 transiturum.

207 4169 241 4221 le
252 4165 311 4222 Sed
330 4166 410 4219 vado
431 4181 449 4219 a
468 4181 542 4236 rege
560 4165 707 4234 indagato
728 4163 931 4233 traductoque
945 4164 1090 4230 exercitu,
1110 4163 1210 4216 multia
1227 4162 1367 4232 Bulgaris

251 4239 355 4304 eaesis,
375 4235 523 4291 Samuelis
542 4237 704 4291 tentorium
724 4244 754 4290 et
774 4239 873 4288 eastra
893 4235 1035 4288 universa
1055 4234 1120 4287 dire
1142 4241 1174 4288 ta
1196 4239 1275 4302 eunt,
1302 4237 1368 4304 ipse

207 4310 381 4379 llaul'ugit.
419 4307 479 4363 Sed
507 4314 537 4362 et
560 4305 687 4376 Scopius
713 4308 820 4361 urbem
849 4306 966 4375 aceepit
991 4321 1046 4360 rex
1072 4321 1091 4358 a
1114 4251 1259 4374 lionam,
1287 4305 1367 4361 Petri

251 4380 453 4450 Bulgarorum
473 4380 543 4434 olim
562 4379 706 4449 principia
725 4379 795 4446 lilio,
815 4377 965 4446 traditam,
987 4377 1035 4430 eui
1049 4379 1114 4432 eius
1128 4377 1211 4431 urbis
1230 4377 1368 4432 custodia

250 4469 269 4508 a
288 4450 428 4509 Samuele
447 4452 606 4508 eommiaaa
625 4456 699 4506 erat.
