3050 4775
274 444 328 503 606
567 443 704 503 ZONAR.
724 442 822 503 ΕΡΙΤ.
842 442 926 502 XVII
946 444 987 515 18,
1007 442 1103 501 6-16.

273 652 373 711 ματος
404 629 508 712 μόνου
539 635 594 713 τῆς
621 630 778 711 βασιλείας
804 631 942 713 μετέχειν
969 628 1023 693 τὸν
1046 628 1185 712 Μιχαήλ,
1218 628 1339 713 ἐκείνης
1364 628 1435 693 d’D
1451 633 1521 689 lVl

274 731 421 815 εἶναιτὴν
437 733 590 807 ἐξουσίαν,
613 733 667 797 καί
682 732 729 803 ὡς
744 733 973 815 ἀργυρωνήτῳ,
997 733 1026 795 εἰ
1045 732 1197 815 βούλεται,
1220 733 1395 815 κεχρῆσθαι

248 837 370 917 ladani.
415 835 535 905 τούτοις
550 836 670 917 ἐκείνην
685 834 739 897 καί
754 834 859 905 ἄλλως
877 836 1043 917 εὐάγωγον
1066 833 1165 899 οὖσαν
1187 835 1395 917 καταγοητεύ-

241 944 382 1009 Βσαντες
403 938 457 1000 καὶ
472 938 718 1011 καταύέλξαντες
732 943 797 1008 τοῖς
811 938 986 1021 μειλίγμασι
1002 937 1119 1001 συλῶσι
1134 938 1187 1001 καί
1202 942 1257 1001 τοῦ
1274 938 1396 1001 ἑαυτῶν

247 1046 399 1105 Θποιοῦσι
426 1041 616 1124 θελήματος.
661 1039 716 1103 καί
738 1041 934 1123 ἐγχειρίζεται
956 1039 991 1103 τὸ
1015 1046 1174 1121 σκῆπτρον
1196 1046 1242 1122 τῷ
1265 1036 1423 1121 Μιχαὴλῦ

275 1144 329 1207 καί
351 1144 508 1207 ἀναδεῖται
528 1149 567 1225 τῇ
587 1142 731 1225 βασιλικῇ
747 1143 884 1225 στεφάνῃ
902 1142 920 1205 ό
936 1143 1049 1224 ταύτης
1064 1142 1199 1222 ἀνάξιος,
1223 1141 1396 1224 οὐμᾶλλον

275 1246 311 1309 ἐκ
344 1247 464 1329 γένους,
497 1247 597 1309 καίτοι
627 1246 740 1309 τούτου
770 1245 876 1327 τυχὼν
904 1245 1143 1327 όυσγενεστάτου
1171 1244 1225 1307 καί
1252 1245 1396 1326 ἀφανοῦς

278 1347 353 1431 (τῶν
377 1348 437 1431 γὰρ
461 1347 516 1419 τὰς
543 1354 621 1430 νῆας
647 1348 917 1411 καταπιττούντων
945 1346 985 1429 ἦν
1008 1348 1096 1429 αὐτῷ
1118 1346 1137 1409 ὁ
1159 1344 1287 1429 aotam,
1319 1346 1396 1410 ὅσον

249 1452 312 1514 eta
327 1452 457 1534 τρόπων
471 1450 651 1532 κακότητος.
697 1449 738 1533 ἦν
754 1450 814 1533 γὰρ
829 1451 968 1520 ὕπουλος
982 1449 1040 1532 μὲν
1055 1449 1111 1531 τὴν
1127 1450 1267 1532 γνώμην,
1291 1449 1394 1532 ἀγνώ-

274 1576 349 1635 μιον
365 1554 400 1617 di
414 1553 470 1636 τὴν
485 1551 594 1635 ψυχὴν
615 1552 669 1615 καὶ
691 1553 858 1636 ἀχάριστος
881 1552 934 1615 καί
956 1553 1034 1636 μήτε
1057 1552 1233 1634 συγγενείας
1255 1549 1396 1633 θεσμοὺς
1408 1558 1444 1611 10

232 1657 354 1739 1ομήτε
376 1656 479 1739 φιλίας
502 1655 701 1737 αἰδούμενος.
746 1654 787 1737 ἦν
810 1655 846 1719 όέ
868 1656 899 1717 ολ
920 1656 974 1719 καλ
996 1656 1016 1738 ἡ
1036 1655 1155 1736 γλῶττα
1169 1652 1252 1735 πρὸς
1265 1653 1302 1716 τὰ
1318 1654 1395 1736 βου-

275 1759 413 1842 λεύματα
435 1767 490 1842 τῆς
512 1766 620 1842 ψυχῆς
642 1758 840 1841 ἀσύμφωνος
862 1758 916 1821 καί
938 1759 1127 1840 ἀσύμβατος,
1152 1756 1229 1819 ἄλλα
1245 1754 1289 1819 avt
1304 1756 1395 1838 φρεσί

234 1868 264 1921 11
276 1862 431 1935 κεύύονιι,
463 1862 541 1925 ἀλλα
570 1862 604 1925 ἀὲ
631 1862 758 1943 λέγοντι,
793 1861 846 1925 καί
875 1861 925 1924 tat
952 1862 1080 1943 τούτοις,
1114 1862 1198 1941 εἴπερ
1226 1884 1269 1930 τις
1291 1859 1395 1939 ἀλλος,

244 1965 436 2047 (ἶβάσκανος
459 1965 478 2026 ό
501 1964 582 2047 ἀνὴρ
607 1963 826 2046 όουλοπρετιής
848 1987 880 2026 τε
901 1962 988 2045 παρὰ
1011 1962 1066 2034 τὰς
1087 1968 1152 2026 τῶν
1175 1967 1296 2045 καιρῶν
1320 1961 1394 2025 ἀυσ-

276 2067 384 2137 κολίας
408 2065 462 2129 καί
485 2066 693 2147 ἀνελεύθερος
716 2067 872 2148 ὅύσοργός
894 2090 926 2129 τε
948 2066 1002 2129 καί
1024 2065 1243 2148 εὐμετάβολος,
1276 2066 1337 2129 οὐκ
1361 2064 1395 2136 ἕξ
1407 2073 1442 2125 15

277 2170 375 2252 ἀργῆς
390 2170 471 2251 ῥᾷον
485 2169 757 2251 μεταβαλλόμενος
780 2170 823 2238 εἷς
846 2168 1014 2251 πρᾳότητα,
1038 2163 1103 2231 ἀλλ’
1129 2169 1164 2230 ἐκ
1187 2168 1396 2250 χρηστοτέρας

233 2278 268 2333 11
278 2271 453 2341 διαθέσεως
484 2273 527 2342 εἷς
553 2278 646 2354 μῖσος
673 2272 710 2335 ἐκ
736 2277 793 2335 τοῦ
819 2272 967 2353 τυχόντος
988 2270 1251 2354 μιτοφερόμενος.
1297 2269 1397 2352 ὁμὲν

276 2370 334 2437 σύν
356 2378 495 2446 τοιοῦτος
517 2375 566 2439 ὢν
588 2373 638 2438 ἐπί
659 2372 713 2438 τόν
736 2373 834 2448 ἄξονα
857 2380 912 2457 τῆς
933 2372 1089 2457 βασιλείας
1112 2373 1265 2456 ἀνάγεται,
1292 2380 1339 2455 τῷ
1362 2372 1396 2436 dd

276 2595 447 2665 ύάνάρρησις
456 2596 492 2655 τίς
500 2595 607 2666 βασιλέα
616 2602 662 2649 τοῦ
669 2596 811 2665 Καίσαρος,
821 2595 867 2651 καί
878 2595 1050 2663 (0111.Ε)ολις
1059 2592 1395 2666 ἦντὸἦάοςόΜιχαήλΟΕ

330 2801 348 2854 2
366 2800 546 2871 ἀργυρωνήτῳ
559 2800 607 2866 (Ο)
621 2801 708 2856 Psell.
722 2818 750 2871 p.
762 2801 805 2870 78,
817 2802 851 2856 17
864 2799 914 2870 Di,
933 2799 1114 2871 ἀργυρολνήτω
1125 2799 1249 2872 AOEwp)
1303 2801 1320 2855 5
1338 2820 1394 2854 ποι-

330 2879 380 2925 ῶσι
400 2871 427 2925 Ι)
543 2882 581 2942 τῷ
598 2873 697 2943 μιχαὴλ
716 2873 745 2927 τὸ
763 2881 896 2942 σκῆπτρον
915 2873 987 2943 Ewp
1104 2873 1121 2927 7
1140 2875 1239 2941 ὂυςγιν.
1259 2871 1347 2941 τυχὼν
1366 2871 1393 2925 Ι)

329 2944 383 2998 8.9
401 2945 646 3013 ὅσον-κακότητος
665 2960 722 3000 om.
736 2943 763 2997 D
836 2945 852 2997 9
870 2944 919 3012 μὲν
940 2960 996 2999 om.
1010 2942 1053 2998 Di
1071 2945 1176 2998 Haasii
1196 2945 1393 2998 annotatione

330 3014 370 3068 ad
390 3031 433 3068 vs.
454 3016 488 3068 12
507 3017 677 3086 pertinente
696 3031 856 3086 perperam
877 3017 937 3069 linc
955 3016 1051 3070 relata
1154 3016 1184 3070 11
1205 3015 1310 3083 γλῶσσα
1331 3014 1357 3068 D

332 3085 366 3139 12
384 3086 533 3157 ἀσύμβατος
549 3089 553 3154 Ι
569 3087 614 3141 καί
632 3088 766 3156 ἆσύμφων
785 3086 811 3140 D
868 3093 939 3141 ante
951 3088 988 3140 ἐνί
1002 3087 1071 3142 add,
1084 3087 1132 3156 μὲν
1144 3087 1262 3156 Rtvat'
1316 3087 1353 3140 ἑνί
1366 3085 1393 3139 D

331 3158 365 3211 13
384 3158 593 3228 ἅλλα-λέγοντι]
614 3162 651 3212 cf.
670 3159 791 3214 Homer.
811 3158 844 3212 ΙΙ.
863 3158 906 3212 IX
924 3159 976 3213 313
1059 3160 1100 3213 13.
1121 3159 1154 3212 14
1171 3159 1305 3229 βάσκανος
1323 3163 1394 3212 ante

330 3230 407 3288 ἄλλος
420 3229 443 3285 C
515 3230 549 3283 14
566 3229 638 3298 παρὰ
651 3227 713 3298 ΑΒ,
725 3230 785 3298 περί
799 3245 837 3285 ex
849 3229 922 3299 παρὰ
935 3235 1005 3284 mut.
1020 3229 1093 3300 Bwp
1167 3230 1200 3284 18
1215 3228 1272 3299 οὖν]
1287 3229 1316 3284 ἀὲ
1328 3228 1392 3300 w*p

277 3443 407 3497 botenns
434 3443 594 3498 dumtaxat
616 3459 722 3513 regem
745 3445 820 3513 fore,
849 3444 902 3499 scd
926 3460 1019 3514 penes
1037 3445 1118 3499 illam
1144 3444 1244 3499 omnia
1266 3445 1310 3498 ita
1328 3458 1395 3498 esse

278 3515 390 3582 littura,
418 3520 453 3568 ut
471 3517 566 3584 possit
583 3516 629 3569 uti
647 3515 793 3571 Michaele
812 3531 873 3570 non
894 3531 981 3570 secus
1000 3531 1037 3570 ac
1055 3517 1206 3585 mancipio
1225 3529 1298 3570 aere
1316 3519 1346 3570 et
1364 3515 1395 3568 li-

251 3586 334 3639 lbra
353 3591 461 3655 empto.
507 3585 562 3640 His
580 3587 672 3640 rebus
690 3586 780 3654 illam,
802 3603 857 3657 per
876 3603 909 3641 se
928 3601 1051 3656 quoque
1070 3587 1198 3654 facilem,
1223 3587 1395 3656 praestigiis

278 3671 315 3710 ac
342 3656 496 3711 blanditiis
519 3656 673 3712 delinitam
695 3660 739 3712 ita
762 3665 917 3728 ceperunt,
946 3667 980 3714 ut
1005 3662 1084 3713 essct
1107 3660 1138 3712 in
1160 3659 1294 3728 ipsorum
1314 3662 1395 3727 pote·

250 3729 365 3783 8state.
402 3728 510 3797 ltaque
528 3729 676 3783 Mrcnaan
694 3736 847 3798 sceptrum
866 3731 976 3798 accipit
994 3736 1024 3784 et
1042 3731 1128 3799 regia
1148 3745 1261 3784 corona
1278 3729 1395 3784 redimi—

278 3805 335 3868 tur,
355 3816 418 3870 qua
431 3807 497 3854 erat
509 3801 662 3870 indignus,
683 3807 819 3854 nontam
834 3801 873 3854 ob
887 3816 986 3870 genus
999 3801 1175 3856 vilissimum
1190 3807 1219 3856 et
1233 3801 1397 3855 obscurum

278 3875 376 3941 (pater
394 3873 474 3925 enim
494 3872 559 3926 eius
577 3887 673 3926 naves
693 3873 794 3941 picare
814 3872 950 3941 solebat),
979 3887 1070 3942 quam
1091 3874 1129 3927 ob
1148 3887 1264 3926 morum
1289 3873 1396 3941 impro-

251 3942 411 3997 9bitatem.
448 3942 521 3996 Erat
545 3945 625 3996 enim
650 3944 774 4012 ingenio
805 3943 942 4010 subdolo,
971 3946 1072 3998 animo
1091 3945 1196 4013 iniquo
1216 3949 1246 3998 et
1265 3944 1396 4012 ingrato,

234 4014 268 4072 10
278 4029 378 4083 raeque
397 4015 589 4083 cognationis
616 4029 717 4083 neque
737 4015 888 4069 amicitiae
907 4015 974 4068 iura
995 4030 1149 4080 reverens,
1179 4016 1285 4084 lingua
1304 4030 1396 4084 porro

278 4086 317 4138 ab
337 4087 429 4139 animi
449 4088 600 4140 sententia
619 4086 815 4140 dissentiente
834 4101 871 4140 ac
890 4086 1091 4156 discrepante,
1115 4088 1176 4140 alia
1195 4095 1308 4155 tegere,
1337 4085 1397 4139 alia

234 4157 379 4211 lldioere
399 4157 513 4212 solitus.
551 4156 598 4210 Ad
618 4172 655 4210 ca
677 4157 844 4211 accedebat
866 4159 1029 4227 singularis
1051 4159 1232 4225 invidentia3
1257 4159 1398 4226 tempori·

277 4229 335 4283 bus
354 4229 524 4283 difficilibus
543 4229 661 4283 servilis
680 4234 746 4282 erat
766 4233 795 4282 et
814 4229 976 4296 illiberalis,
1004 4230 1170 4284 iracundus
1189 4235 1219 4282 ct
1235 4229 1397 4294 mutabilis,

277 4301 321 4353 sic
339 4307 449 4367 tamen,
477 4306 512 4353 ut
531 4316 548 4353 a
569 4300 783 4354 benevolentia
801 4301 919 4354 facilius
939 4303 1048 4370 quavis
1068 4301 1105 4355 de
1129 4315 1222 4356 causa
1246 4301 1286 4355 ad
1309 4299 1398 4354 male·

234 4371 441 4425 12volentiam
461 4372 635 4438 declinaret,
655 4385 745 4439 quam
764 4372 804 4426 ab
818 4373 977 4426 iracundia
996 4373 1036 4428 ad
1054 4372 1252 4428 clementiam.
1290 4371 1398 4436 Quam·

278 4443 324 4498 vis
343 4448 444 4498 autem
469 4443 537 4497 talis
560 4448 647 4511 essct,
676 4441 716 4496 ad
734 4443 946 4514 gubernacula
965 4446 1054 4516 regni
1076 4444 1220 4513 ascendit,
1250 4458 1398 4515 quaeres
