3050 4775
266 358 299 422 16
565 350 700 423 2011111.
721 357 819 422 ΕΡΙΤ.
838 351 912 423 tim
930 358 955 436 1,
977 355 1088 423 rl-ls.

221 563 254 617 12
263 551 317 616 καὶ
339 551 467 635 ἀνδρῶν
491 550 676 635 γενναιότητι
703 550 756 615 καί
783 556 894 635 τειχῶν
921 551 1114 637 ἐρυμνότητι,
1149 553 1204 618 καὶ
1234 554 1384 619 τοσοῦτον

264 654 310 725 ὡς
333 654 383 718 ἐπί
404 659 485 737 τρεῖς
507 653 665 724 ἐνιαυτοὺς
688 654 737 717 ἐπὶ
760 654 908 737 Σευήρου
931 660 986 719 τοῦ
1014 656 1047 720 ἐν
1066 655 1174 740 Ῥώμη
1202 664 1240 741 τῇ
1266 656 1385 739 παλαιᾷ

262 756 501 841 βασιλεύσαντος
523 755 610 839 παρὰ
630 755 798 839 Ῥωμαίιυν
823 758 1059 840 πολιορκεῖσθαι
1086 759 1139 821 καὶ
1167 758 1267 823 πολλὰ
1294 758 1383 841 παρὰ

263 864 327 924 τῶν
349 860 629 942 πολιορκουμένων
651 860 822 942 ὑποστῆναι
844 860 970 942 αύτούς,
997 860 1044 931 ὡς
1067 862 1100 924 ἐν
1123 866 1186 932 τοῖς
1208 861 1279 943 περὶ
1301 860 1383 924 Σευ-

264 964 345 1047 ήρου
367 986 423 1044 μοι
445 961 673 1045 προϊστόρηται.
1393 971 1412 1027 b

221 1078 254 1132 13
354 1064 433 1147 Περὶ
469 1064 503 1127 oi
537 1070 591 1147 τῆς
624 1068 688 1128 τῶν
723 1064 907 1138 Βυζαντίων
942 1064 1109 1147 δυνάμεως
1142 1065 1195 1129 καλ
1228 1072 1283 1149 τῆς
1319 1070 1384 1129 τῶν
1515 1051 1516 1054 ¹

230 1171 374 1250 Βτειχῶν
402 1166 592 1249 ὀχυρότητος
618 1172 712 1230 ταῦτα
736 1167 754 1229 ὁ
779 1166 864 1230 Δίων
886 1167 920 1229 ἐν
941 1172 1005 1237 τοῖς
1026 1168 1098 1249 περὶ
1120 1168 1268 1251 Σευίγρου
1292 1169 1381 1251 φησί·

222 1284 255 1337 14
264 1269 285 1293 “
293 1269 385 1352 Τείχη
416 1268 450 1332 δὲ
481 1268 516 1331 τό
541 1268 712 1343 Βυζάντιον
743 1270 964 1351 καρτερώτατα
992 1267 1083 1352 εἶχεν·
1117 1271 1137 1333 ὅ
1162 1294 1194 1334 τε
1223 1271 1284 1353 γὰρ
1312 1271 1382 1334 dct-

264 1373 325 1454 ραξ
356 1372 462 1434 αὐτῶν
493 1371 592 1441 λίθοις
624 1371 821 1453 τετραπὲύοις
856 1373 968 1453 παχέσι
1004 1373 1255 1455 συνῳκοδόμητο
1291 1372 1383 1447 πλαξὶ

264 1474 394 1555 χαλκαῖς
426 1474 657 1555 συνύουμένοις,
689 1474 743 1536 καὶ
774 1474 811 1535 τὰ
844 1474 930 1544 ἐντὸς
961 1476 1067 1537 αἰτιῶν
1095 1475 1149 1537 καί
1175 1476 1303 1558 χώμασι
1330 1476 1383 1538 καὶ
1393 1485 1429 1539 10

265 1577 515 1659 οἰκοδομήμασιν
548 1577 713 1659 ὠχύρωτο,
747 1577 828 1639 ὥστε
860 1577 913 1639 καί
944 1579 979 1639 ἓν
1010 1584 1109 1659 τεῖχος
1140 1578 1226 1660 παχὺ
1258 1579 1293 1641 τὸ
1319 1584 1383 1641 πᾶν

222 1677 340 1751 15ε1ναι
372 1680 483 1743 δοκεῖν.
529 1680 643 1762 πύργοι
675 1703 706 1741 τε
737 1679 846 1742 πολλο1
878 1679 931 1741 καὶ
961 1680 1091 1761 μεγάλοι
1123 1682 1185 1753 ἔξω
1219 1705 1250 1743 τε
1283 1682 1381 1744 ἐκκεί-

221 1799 254 1853 16
264 1806 353 1865 μενοι
381 1783 434 1846 καλ
462 1784 596 1865 θυρίδας
628 1784 717 1864 πέριξ
749 1782 942 1864 ἐπαλλήλους
973 1784 1095 1864 ἔχοντες
1127 1782 1215 1865 ἦσαν.
1261 1784 1314 1847 καὶ
1344 1783 1381 1846 τὰ

264 1886 323 1967 μὲν
344 1884 425 1968 πρὸς
447 1885 503 1967 τὴν
526 1887 654 1968 ἤπειρον
676 1886 758 1967 τείχη
783 1886 815 1954 ἐς
837 1887 918 1967 μέγα
947 1886 1033 1967 ὕψος
1059 1884 1146 1968 ἦρτο,
1175 1886 1212 1948 τὰ
1240 1887 1275 1949 di
1301 1887 1382 1968 πρὸς

264 1986 428 2051 θάλασσαν
451 1985 541 2070 ἧττον
566 1988 697 2069 ύηιοῦτο,
721 1989 756 2049 οί
772 2011 804 2050 τε
827 1988 948 2069 λιμένες
969 1989 1055 2059 ἐντὸς
1073 1990 1193 2071 τείχους
1208 1989 1381 2071 ἀμφότεροι
1393 1998 1427 2051 15

264 2090 394 2153 κλειστοί
423 2090 565 2153 ἁλύσεσιν
593 2090 673 2172 ἦσαν
695 2090 748 2153 καὶ
771 2092 805 2153 αἱ
827 2091 918 2172 χηλαὶ
941 2092 1047 2153 αὐτῶν
1068 2092 1210 2173 πύργους
1233 2088 1283 2175 ἐφ’
1308 2093 1420 2157 ἑκά-Ι)
1433 2104 1517 2160 11111

222 2213 254 2267 17
265 2216 337 2275 τερα
360 2192 440 2257 πολὺ
463 2194 655 2275 προέχοντας
678 2192 801 2275 ἔφερον.
846 2192 939 2254 πλοῖα
963 2188 991 2254 d'
1016 2192 1096 2275 ἦσαν
1119 2200 1182 2263 ταῖς
1202 2193 1382 2268 Βυζαντίοις

265 2328 281 2383 6
300 2328 359 2398 περὶ
378 2337 424 2383 τσῦ
444 2330 590 2392 Βυζαντίου
610 2328 656 2383 καὶ
676 2330 724 2382 ὅσα
743 2328 758 2381 ὁ
776 2328 848 2381 Δίων
866 2328 925 2396 περὶ
943 2328 1024 2382 αὐτοῦ
1043 2330 1143 2398 ἱστορεῖ
1159 2328 1206 2384 GE

318 2455 469 2526 2σεβήρου
489 2455 573 2526 Dus»,
592 2455 645 2510 sed
665 2471 709 2508 vs,
727 2454 752 2508 4.
772 2455 796 2522 l,
817 2455 930 2523 σευήρου
949 2454 1051 2526 Apr
1169 2455 1262 2526 Ῥώμη
1283 2472 1339 2512 om.
1359 2455 1382 2512 C

318 2527 335 2582 5
352 2527 547 2597 πραίστύρηται]
568 2527 596 2580 II
616 2543 643 2597 p.
655 2527 715 2590 548,
726 2527 743 2580 9
754 2541 791 2580 ss.
865 2527 881 2580 7
900 2526 982 2596 Δίων]
1002 2526 1112 2597 Xiphil.
1126 2525 1249 2582 LXXIV
1264 2529 1306 2583 10.
1316 2529 1333 2582 3
1343 2543 1380 2583 ss.

317 2598 335 2651 9
353 2600 520 2666 τετραπύὸοις
534 2599 561 2652 D
635 2599 668 2652 10
687 2599 875 2665 συνδουμὲναις
894 2596 921 2651 Α
939 2599 1070 2653 fortasse
1083 2604 1173 2666 recte,
1195 2601 1382 2668 σονδουμίνσις

317 2668 445 2740 prDi
530 2671 561 2723 ll
584 2670 720 2738 ὠχύροντο
739 2669 825 2739 pr‚
844 2669 975 2738 ὠχύρωτο
994 2669 1047 2723 AR
1066 2669 1104 2723 Xi
1127 2671 1176 2724 hil.
1262 2672 1296 2726 12
1314 2678 1382 2742 post

318 2743 407 2795 δοκεῖν
427 2741 496 2796 add.
516 2740 625 2812 Xiphil.
645 2742 792 2797 nonnulla
889 2749 984 2810 aripret
1003 2741 1038 2809 Α,
1058 2758 1086 2794 v.
1136 2741 1178 2796 III
1196 2743 1222 2810 3,
1243 2743 1284 2797 19.
1312 2743 1382 2799 XIV

318 2815 343 2882 2,
364 2815 404 2868 18.
424 2813 523 2867 XVIII
544 2815 585 2880 16,
604 2815 647 2867 34.
668 2815 710 2880 90,
730 2815 746 2866 6
866 2813 899 2866 13
918 2820 986 2882 post
1004 2813 1072 2882 ἦσαν
1090 2813 1159 2868 add.
1178 2813 1289 2884 Xiphil.
1308 2831 1382 2870 non-

318 2886 401 2940 nulla
503 2887 548 2939 καί
567 2886 597 2938 τὰ
616 2885 718 2954 AIpr
738 2885 856 2954 Xiphil.,
875 2884 985 2939 κατὰΒ
1087 2885 1121 2939 14
1137 2885 1190 2954 πρὸ
1208 2895 1254 2956 τῆς
1272 2887 1382 2957 ἠπείρου

317 2957 427 3026 XIplril.
438 2955 484 3011 ed.
496 2955 601 3024 Stura,
620 2957 685 3024 πρὸς
703 2966 747 3026 τῆς
767 2959 877 3026 ἠπείρου
896 2956 1005 3026 Xiphil.
1017 2957 1063 3011 ed.
1074 2957 1213 3011 Diodori.
1278 2959 1381 3027 ᾖρτοΑ

353 3035 421 3099 post
434 3029 499 3098 ἦρτο
514 3028 583 3082 add.
596 3028 706 3098 XIphil.
720 3029 866 3082 nonnulla
934 3029 966 3082 lb
976 3037 1008 3096 τῇ
1018 3029 1132 3098 dodina
1143 3029 1253 3098 Xiphil.
1314 3039 1382 3101 post

317 3101 396 3170 ἦττον
408 3101 512 3169 ὑψοῦιο
530 3100 618 3164 (haee
629 3115 645 3154 e
655 3100 774 3154 Zonara
785 3106 856 3154 sunt
864 3100 1016 3170 supplete)
1035 3101 1104 3154 add.
1115 3099 1224 3172 Xiphil.
1235 3102 1382 3157 nonnulla

317 3174 441 3299 ὲΊΧχιᾶἳη
456 3173 554 3241 ἔφερον
574 3173 642 3225 add.
662 3171 772 3240 Xiphil.
791 3173 921 3241 plurima
1012 3173 1044 3227 ll
1061 3203 1094 3210 -
1114 3189 1142 3242 p.
1164 3173 1205 3240 17,
1224 3172 1251 3243 5]
1271 3174 1380 3244 Xiphil.

462 3245 539 3311 11‚3

220 3371 322 3432 12bus
347 3377 376 3425 et
404 3371 562 3426 moenibus
591 3372 777 3440 permunitis,
806 3369 884 3425 adeo
912 3376 946 3424 ut
972 3371 1029 3425 sub
1055 3369 1178 3436 Severo,
1207 3372 1259 3441 qui
1285 3373 1381 3427 veteri

264 3443 378 3498 Romae
396 3443 573 3512 imperabat,
593 3457 647 3512 per
666 3445 829 3496 triennium
843 3459 862 3495 a
875 3443 1018 3497 Romanis
1033 3442 1222 3497 obsideretur
1236 3458 1272 3496 ae
1286 3444 1381 3497 multa

264 3515 437 3569 obsidentes
456 3514 622 3569 tolerarent
640 3515 679 3567 ab
700 3515 838 3580 obsessis,
862 3517 939 3568 sicut
958 3529 1051 3584 supra
1070 3515 1100 3566 in
1120 3515 1156 3568 iis
1175 3529 1254 3582 quae
1274 3513 1312 3568 de
1331 3514 1381 3570 Se

264 3601 337 3640 vero
357 3587 549 3639 narravimus
568 3586 681 3640 dictum
701 3592 754 3641 est.

220 3666 254 3719 13
352 3658 398 3712 De
421 3659 556 3727 potentia
581 3673 654 3712 voro
675 3657 890 3728 Byzantiorum
915 3663 945 3712 et
968 3671 1123 3711 murorum
1145 3658 1286 3713 firmitate
1305 3658 1380 3712 baec

220 3737 254 3790 14
264 3729 321 3784 Dio
340 3733 372 3782 in
391 3731 427 3783 iis
450 3744 530 3799 quae
553 3735 658 3783 narrat
677 3730 715 3784 de
735 3729 848 3784 Severo
873 3729 945 3783 dicit
963 3728 1164 3798 “Byzantium
1188 3731 1308 3784 moenia
1331 3729 1381 3782 ba·

263 3801 355 3854 babet
369 3801 590 3870 robustissima3
610 3817 680 3855 nam
700 3815 805 3856 eorum
824 3802 918 3854 lorica
935 3800 1087 3870 lapidibus
1101 3800 1257 3870 quadratis
1271 3802 1381 3855 crassis

264 3877 437 3926 constructa
457 3878 522 3926 erat
541 3875 708 3927 ferrearum
724 3873 902 3926 laminarum
917 3888 974 3942 ope
989 3875 1112 3926 intereo
1127 3871 1288 3942 colligatis:
1307 3874 1381 3926 inte-

263 3944 345 3998 riora
363 3950 393 3998 et
412 3944 579 4014 aggeribus
599 3949 628 3998 et
647 3944 792 3998 aedificiis
811 3945 853 3997 ita
872 3944 989 3998 munita
1008 3950 1102 4010 erant,
1125 3950 1160 3998 ut
1177 3959 1257 3997 unus
1275 3959 1380 3998 murus

220 4021 254 4075 15
265 4031 384 4069 craesus
410 4021 505 4070 totum
532 4031 608 4084 opus
637 4031 703 4070 osse
733 4016 897 4070 videretur.
935 4016 1028 4069 Erant
1054 4021 1084 4069 et
1109 4015 1223 4068 multae
1248 4031 1380 4085 magnae

264 4093 363 4141 turres
383 4089 465 4141 forse
485 4088 698 4156 prominent-ee,
718 4103 798 4157 quae
818 4088 926 4142 ostiolo
944 4086 1081 4155 undique
1094 4087 1151 4140 sibi
1165 4086 1380 4156 respondentia

222 4166 253 4220 16
265 4159 425 4212 habebant.
462 4157 507 4212 Ae
529 4160 650 4213 moenis
673 4160 839 4214 continenti
863 4160 992 4212 obversa
1016 4157 1056 4211 ad
1075 4173 1217 4227 magnum
1237 4173 1380 4228 exsurge·

264 4231 337 4283 bant
367 4229 566 4296 altitudinem,
599 4231 652 4284 sed
683 4231 759 4284 mari
788 4231 918 4284 obversa
946 4229 985 4282 ad
1014 4231 1169 4284 minorem.
1217 4229 1381 4284 Praetereo

264 4306 369 4372 portus
395 4307 526 4370 uterque
550 4303 630 4355 intra
655 4303 775 4356 moenia
801 4303 916 4355 catenis
941 4301 1042 4355 claudi
1068 4307 1186 4370 poterat
1214 4315 1382 4372 eorumque

264 4372 389 4428 brachia
415 4379 514 4430 turres
538 4374 690 4444 utrimque
712 4374 840 4428 multum
860 4373 1026 4428 eminentes
1045 4374 1243 4429 sustinebant.
1280 4372 1382 4429 Nares
