3050 4775
271 461 325 520 514
574 459 711 522 ZONAR.
730 459 830 522 usli.
849 459 918 521 xvi
936 462 979 533 28,
998 462 1094 520 2—13.

270 645 323 710 καί
347 647 454 730 γέγονε
476 645 565 730 λιμός
590 646 726 731 ἰσχυρός,
759 647 797 711 ὃν
819 648 862 718 εἰς
885 647 1000 711 οίκεῖον
1023 648 1138 728 κέρδος
1161 647 1180 709 ό
1203 645 1432 731 ΝικηφόροςΙ)
1446 656 1524 714 IV88

269 751 448 833 μετήνεγκε,
480 750 669 833 τιμιουίκῶυ
698 750 753 813 τόν
779 755 863 812 σῖτον
891 749 945 813 καί
969 749 1088 812 πολλοῦ
1110 755 1221 813 τοῦτον
1242 748 1393 814 άποδιδό·

114 857 261 913 Williet
269 876 365 936 μενος
386 857 450 923 τοῖς
473 853 668 936 ίιμώττουσι,
691 851 775 936 μηδὲ
789 853 968 935 φροντίζων
990 852 1037 916 ὅτι
1060 851 1321 936 δημοκατάρατος
1343 851 1392 937 ήν,

270 955 336 1019 ἀλλ’
361 956 471 1039 αὐχῶν
492 955 612 1038 μᾶλλον
635 955 682 1026 ὡς
705 956 877 1038 εὐεργετῶν
898 953 935 1018 τὸ
956 955 1111 1038 ὑπήκοον,
1143 955 1190 1019 ὅτι
1219 954 1278 1018 δύο
1305 956 1393 1038 μεδί-

243 1063 261 1117 3
269 1081 370 1140 μνους
392 1057 564 1139 ἐπίπρασκε
584 1064 630 1140 τῷ
645 1058 821 1141 νομίσματι,
845 1056 1010 1120 καὶταῦτα
1025 1057 1224 1140 παράδειγμα
1241 1059 1325 1140 ἔχων
1339 1057 1421 1122 corb

271 1159 446 1223 Μακεδόνα
465 1160 638 1243 Βασίλειον,
662 1162 755 1224 οὐπω
779 1160 862 1224 πάνυ
885 1158 1000 1243 πρῴην
1021 1159 1291 1243 μεγαλοπρέπειαν
1312 1158 1395 1242 πρὸς

243 1262 414 1346 4τοιαότην
436 1261 555 1326 ἔνδειαν
578 1262 803 1345 ἐνδειξάμενον.
849 1262 942 1346 ἀπῄει
965 1262 1026 1345 γάρ
1048 1285 1124 1326 ποτε
1146 1261 1165 1324 ό
1186 1262 1394 1344 αὐτοκράτωρ

270 1365 397 1446 ἐκεῖνος,
431 1366 554 1449 συνήθη
584 1365 774 1448 ποιούμενος
799 1363 941 1447 πρόοδον
963 1365 1007 1435 είς
1028 1363 1083 1428 τὸν
1103 1369 1169 1428 τῶν
1192 1365 1291 1448 ἁγίων
1312 1364 1393 1427 άπο-

238 1468 390 1532 Οστόλων
421 1468 508 1544 ναόν,
541 1469 597 1532 καί
625 1491 709 1539 τινας
739 1473 805 1531 τῶν
834 1474 889 1551 τῆς
918 1466 1043 1538 πόλεως
1070 1467 1190 1550 ἄνδρας
1215 1468 1395 1550 ὐπόσεμνον

271 1571 448 1642 δεικνύντας
476 1571 659 1654 κατάστημα
687 1571 887 1653 θεασάμενος
909 1570 1202 1653 σκτκύρωπάζωτας
1223 1571 1316 1652 ήρετο
1338 1569 1442 1650 silvio

243 1674 368 1737 δαίτίαν
390 1679 444 1758 τῆς
468 1673 745 1756 σκυδρωπότητος.
792 1674 823 1737 οἱ
846 1673 882 1736 δέ
903 1672 980 1736 “καί
1001 1677 1073 1744 πῶς
1096 1673 1156 1735 οὐκ
1178 1674 1219 1736 ἂν
1241 1671 1393 1754 σκυδρω-

269 1776 450 1859 πόζοιμεν”
477 1777 600 1860 ἔφασαν
628 1776 796 1849 “δέσποτα,
829 1776 1044 1860 ἐπηρτημένον
1070 1776 1146 1858 ἡμῖν
1172 1774 1310 1858 δρῶντες
1339 1773 1395 1837 τὸν

270 1879 421 1961 δάνατον,
447 1879 483 1941 οἵ
499 1903 533 1961 γε
557 1879 616 1943 δύο
638 1877 810 1961 μεδίμνους
833 1879 918 1942 σίτου
941 1879 985 1948 είς
1003 1877 1142 1961 νόμισμα
1157 1882 1297 1961 χρυσοῦν
1312 1877 1392 1950 ἔξω·

244 1980 463 2063 6νοόμεδα,·”
484 1987 576 2044 τοῦτο
600 1981 741 2052 ἀκούσας
763 1981 881 2051 ἐκεῖνος
903 1979 1063 2064 ἀνῴμωξε
1084 1979 1138 2044 καί
1159 1986 1224 2051 τοῖς
1239 1980 1300 2063 μὲν
1314 1981 1393 2063 χρή-

270 2105 347 2165 μασι
362 2082 419 2166 τήν
435 2084 608 2168 κατήφειαν
627 2083 725 2164 ἔλυσε,
748 2090 812 2153 τοῖς
828 2083 862 2147 δὲ
877 2082 932 2154 τὰς
946 2083 1104 2155 πολιτικὰς
1119 2083 1394 2167 ἕγκεχειριαμένοις
1404 2094 1441 2148 15

274 2183 375 2268 ἀρχὰς
398 2185 619 2270 δίοιδορήσατό
642 2185 749 2248 τεκαὶ
778 2185 967 2269 ἐπηράσατο,
999 2187 1045 2250 ὅτι
1075 2186 1121 2269 μή
1154 2185 1250 2249 αὐτόν
1274 2184 1312 2248 τὰ
1338 2192 1395 2268 τῆς

245 2287 394 2357 ῖδνδείας
416 2289 575 2362 ἐδίδαξαν·
600 2287 653 2352 καί
676 2287 774 2357 εὐθὺς
795 2287 869 2358 τοὺς
890 2288 1070 2371 βασιλικοὺς
1088 2293 1220 2359 σιτῶνας
1235 2290 1395 2372 ἀνοιγῆναι

271 2482 289 2537 5
308 2484 334 2537 τί
349 2483 470 2611 emulgere
489 2484 505 2537 δ
521 2482 660 2539 Μακεδὼν
678 2484 815 2544 Βασίλειος
833 2485 961 2545 σιτοδείας
979 2484 1021 2538 tut
1043 2490 1097 2538 τῶν
1119 2484 1227 2553 ήμερῶν
1249 2483 1330 2539 αὐτοῦ
1350 2504 1393 2553 γε·

271 2555 384 2625 νομίνης
428 2556 451 2610 Ε

326 2734 341 2788 1
360 2732 436 2802 λιμός
456 2748 533 2788 corr.
553 2748 591 2789 ex
610 2731 690 2803 λομδς
710 2734 818 2797 (voluit
835 2733 938 2803 λοιμός)
957 2732 985 2789 Α
1074 2732 1091 2789 2
1110 2736 1290 2804 ταμειουλκῶν
1308 2734 1391 2827 Ewp,

325 2806 495 2874 ταμιουίκῶν
514 2820 552 2859 ex
572 2806 735 2873 τιμιουίκῶν
753 2806 850 2861 mutat
869 2806 893 2861 B
996 2807 1015 2861 3
1033 2812 1103 2877 post
1119 2807 1153 2877 ήν
1170 2806 1241 2861 add.
1259 2806 1327 2862 κατὰ
1346 2828 1392 2862 τον

325 2878 479 2946 σοίομῶντα
498 2874 653 2945 [proverb.
672 2876 715 2931 XI
734 2875 779 2944 26]
798 2880 1038 2948 παροιμιαζόμενον
1057 2877 1130 2947 pr
1212 2878 1239 2932 4.
1257 2878 1275 2933 5
1291 2879 1392 2946 μᾶλλον

325 2948 546 3017 ὡς-ίπίπρασκε
565 2963 622 3002 om.
643 2948 665 3001 Ε
755 2948 773 3003 5
792 2950 840 3017 τῷ]
859 2950 889 3004 τό
907 2951 931 3005 Ε
1021 2950 1038 3004 6
1056 2948 1090 3003 οὐ
1107 2950 1136 3003 τὸ
1152 2954 1205 3003 πᾶν
1223 2949 1241 3019 r}
1260 2948 1296 3017 Ι),
1314 2950 1390 3004 οὐπω

324 3020 394 3073 πάνυ
413 3036 490 3075 corr.
510 3018 562 3078 Dw
662 3020 887 3089 μεγαλοπρέπειαν
905 3038 962 3076 om.
981 3020 1014 3087 C,
1030 3021 1238 3091 μεγαλοπρέπεια
1258 3019 1294 3089 D,
1313 3036 1390 3076 corr.

325 3090 377 3150 Dw
472 3091 599 3155 Ἰὲνδειξ.
619 3092 720 3145 ἔνδειαν
740 3090 813 3161 Ewp
912 3093 929 3146 9
947 3100 1000 3147 τῶν
1019 3108 1075 3147 om.
1096 3091 1124 3145 D
1224 3092 1256 3145 11
1276 3091 1316 3161 ol]
1334 3092 1391 3148 όΟ

360 3162 406 3217 καί
426 3177 483 3218 oin.
503 3161 530 3215 D
603 3163 635 3217 ἂν
652 3160 684 3215 οὐ
704 3161 731 3215 D
804 3163 839 3217 12
856 3164 958 3233 ἔφησαν
977 3164 1002 3218 Ο
1075 3164 1110 3218 13
1129 3169 1200 3219 ante
1220 3184 1249 3233 γε
1268 3163 1338 3219 add.
1356 3164 1391 3233 δή

326 3233 398 3304 Ewp
489 3233 633 3303 ὠνούμεθα
651 3235 766 3301 χρύσεον
786 3232 810 3288 Ο
909 3235 942 3289 14
960 3242 1039 3290 ταῦτα
1057 3234 1082 3295 Β
1171 3236 1272 3296 ἐκεῖνος
1291 3236 1391 3290 om.E

325 3305 360 3429 Ξῖ)
379 3305 525 3432 autumabas
543 3304 566 3359 Ε
638 3305 877 3375 ἕγκεχωρισμὲναις
896 3306 921 3359 Ε
993 3308 1027 3361 16
1045 3306 1091 3361 καί
1108 3306 1258 3376 ἐπηράσατο
1270 3307 1317 3361 καί
1327 3307 1391 3361 ε’ίοι-

342 3397 457 3445 ορησατο

271 3536 352 3591 fame
373 3536 568 3592 vehementer
586 3536 766 3606 laboratum,
796 3553 886 3607 quam
907 3537 1094 3609 Nicephorus
1112 3539 1144 3593 in
1162 3554 1251 3595 suum
1273 3540 1390 3595 lucrum

272 3608 423 3662 convertit
451 3608 592 3664 frumenti
616 3610 714 3678 pretio
739 3615 830 3664 arieto
854 3615 884 3665 et
908 3611 1110 3666 esurientibus
1131 3626 1244 3681 magno
1267 3626 1391 3667 venum-

272 3680 351 3746 dato,
381 3694 443 3734 nou
466 3685 612 3749 reputans
636 3696 668 3735 se
687 3680 816 3751 publicis
841 3682 1102 3737 exsecrationibus
1126 3682 1292 3738 obnoxium
1316 3699 1391 3750 esse,

270 3750 324 3805 sed
343 3750 562 3821 benignitatem
583 3753 683 3821 potius
702 3768 789 3807 suam
802 3768 878 3824 erga
891 3754 1042 3808 subiectos
1055 3754 1181 3821 iactans,
1221 3753 1284 3809 uod
1302 3755 1391 3809 binos

243 3819 436 3876 3nrcdimnos
456 3838 551 3877 aureo
570 3823 726 3890 venderet,
746 3825 885 3893 quamvis
904 3825 1075 3894 exemplum
1094 3824 1197 3879 Basilii
1246 3826 1391 3881 acedonis

270 3892 403 3961 haberet,
436 3894 485 3965 qui
506 3895 537 3948 in
557 3894 608 3947 tali
628 3897 757 3965 penuria
776 3911 809 3950 se
828 3896 990 3966 magnifice
1008 3912 1070 3950 non
1089 3898 1132 3950 ita
1152 3896 1221 3951 oiim
1243 3903 1390 3968 gesserat.

242 3963 344 4019 iNam
365 3979 432 4019 cunr
447 3964 495 4019 iiie
508 3966 672 4035 imperator
686 3966 850 4037 aliquando
864 3967 902 4021 de
916 3983 1000 4022 more
1014 3966 1041 4022 S.
1055 3968 1262 4038 apostolorum
1283 3969 1389 4023 aedem

269 4037 397 4091 intraret
425 4040 455 4091 et
483 4036 565 4091 cives
594 4038 741 4107 quosdam
771 4040 932 4108 gravitatis
959 4038 1074 4108 aliquid
1102 4054 1177 4109 prae
1199 4054 1233 4093 se
1258 4040 1392 4095 ferentes

242 4106 401 4163 5macst0s
421 4108 637 4178 conspexisset,
666 4122 790 4163 causam
814 4110 953 4164 tristitiae
975 4111 1138 4180 quaesivit3
1165 4116 1228 4165 tum
1248 4109 1290 4164 illi
1308 4110 1391 4164 “Do-

268 4178 374 4233 mine”
400 4180 542 4249 inquiunt
569 4179 645 4249 “qui
672 4195 734 4234 non
763 4181 862 4236 tristes
894 4196 1012 4247 sumus,
1049 4197 1117 4235 cunr
1147 4186 1274 4237 mortem
1302 4182 1391 4239 nobis

268 4252 430 4305 instantem
456 4250 621 4319 videamus,
650 4251 760 4320 quibus
788 4252 851 4307 bini
877 4252 1019 4307 frumeuti
1047 4254 1189 4308 medimui
1217 4267 1311 4309 aureo
1330 4255 1391 4308 sint

242 4320 432 4377 Gemendi?”
450 4322 566 4385 Quibus
585 4322 634 4377 ille
654 4322 764 4377 auditis
784 4324 933 4394 ingemuit
952 4328 982 4378 et
994 4326 1125 4394 pecunia
1137 4324 1255 4379 illorum
1269 4326 1390 4380 tristitia

269 4406 400 4447 excussa
419 4393 522 4447 civiles
534 4393 730 4461 magistratus
744 4398 789 4448 est
803 4398 988 4463 exsecratus,
1008 4394 1090 4464 quod
1103 4396 1142 4450 ab
1155 4397 1192 4450 iis
1210 4396 1247 4451 de
1260 4398 1391 4466 penuria

243 4464 330 4524 ‘iuon
345 4466 444 4519 iactus
457 4469 536 4519 essct
546 4466 664 4536 certior,
678 4468 824 4520 aestatim
838 4467 931 4538 regiis
943 4468 1095 4539 granariis
1105 4468 1217 4540 apertis
1231 4466 1390 4525 duodenos
