3050 4775
420 374 550 435 suasu
569 374 725 435 SEDITIO
744 375 787 435 IN
805 375 956 435 SICILIA.
1191 378 1245 437 θίν’)

125 558 186 641 δρα
210 558 367 644 καὶπρὸς
390 560 623 643 Λογγιβαρδίαν
646 560 797 644 έφοίτησε.
842 567 898 625 τοῦ
927 562 961 626 δὲ
984 561 1117 625 Παύλου
1144 572 1270 646 προσ-6

124 662 330 745 ομιλήσαντος
352 670 399 745 τῷ
422 670 633 745 στρατιωτικῷ
655 664 767 727 καὶτὸ
789 663 921 747 γράμμα
943 664 979 728 τό
998 665 1152 747 βασίλειον
1168 666 1243 729 ἀνα-

124 766 251 847 γνόντος
283 766 389 829 αὐτῶν
420 768 463 836 εἰς
495 767 644 849 ἐπήκοον,
678 767 776 837 εὐθὺς
809 769 921 831 ἐκεῖνοι
948 768 1003 831 τὸν
1028 767 1088 850 μὲν
1115 767 1243 850 βασιλέα

123 868 322 951 εὐφήμησαν,
355 868 408 933 τὸν
432 869 466 932 δὲ
489 868 522 931 Γ
517 869 666 952 ρηγόριον
695 870 748 933 καί
774 870 847 941 τοὺς
874 871 946 952 περὶ
975 871 1071 935 αὐτόν
1097 871 1244 952 δεσμίους

97 978 170 1051 ὗτῷ
186 970 310 1053 Παύλῳ
331 972 521 1053 παρέδοσαν.
569 972 623 1035 καὶ
646 974 682 1043 ὃς
704 971 831 1055 τὸνμὲν
846 972 879 1035 Γ
874 973 1024 1056 ρηγόρισν
1039 974 1147 1055 ἀνεῖλε,
1171 973 1269 1044 τοὺςῖ

125 1070 153 1135 δ’
178 1073 299 1137 ἐκείνου
321 1074 515 1145 ὑπασπιστὰς
535 1076 686 1157 μαστίξας
708 1076 761 1139 καί
784 1075 840 1158 τὴν
862 1077 967 1159 κόμην
990 1076 1167 1159 ἀποθρίξας
1185 1078 1242 1139 αὐ-

123 1181 187 1245 τοῖς
214 1176 367 1259 ὑπερορίᾳ
395 1178 581 1259 κατέκρινεν.
627 1178 646 1240 ό
670 1176 704 1241 δὲ
727 1177 861 1259 Σέργιος
887 1179 1108 1262 πληροφορίαν
1134 1179 1270 1261 λαβὼν8

122 1278 168 1359 μή
192 1302 273 1349 τινος
299 1280 487 1363 περαθῆναι
513 1286 627 1360 κακοῦ,
660 1279 742 1362 πρὸς
768 1279 822 1343 τὸν
844 1279 977 1343 Παῦλον
1000 1281 1036 1344 ἐκ
1058 1280 1244 1364 Καλαβρίας

123 1381 265 1463 ἀφίκετο.
311 1382 364 1445 καλ
385 1381 423 1444 τὰ
445 1382 504 1464 μὲν
526 1382 606 1446 κατὰ
629 1382 685 1465 τὴν
707 1381 854 1445 Σικελίαν
877 1384 982 1454 οὕτως
1004 1381 1177 1466 ἠρέμησαν.
1252 1393 1269 1447 9

80 1499 115 1551 10
217 1482 257 1547 Oi
280 1484 314 1547 δὲ
336 1484 392 1567 τὴν
415 1484 505 1548 πόλιν
525 1484 766 1567 πολιορκοῦντες
777 1485 921 1568 Ἄραβες,
944 1485 1102 1555 παθόντες
1123 1486 1243 1568 μᾶλλον
1253 1493 1329 1550 100

124 1588 143 1667 ἢ
168 1586 347 1669 δράσαντες,
381 1588 561 1651 ἐπανελθεῖν
584 1589 627 1658 εἷς
648 1586 686 1649 τὰ
710 1589 808 1650 οἰκεῖα
832 1587 1025 1670 ὡρμήκεσαν
1047 1588 1101 1651 καλ
1124 1589 1243 1659 εἰςτὰς

122 1688 372 1771 περιλειφθείσας
406 1690 555 1771 ἐμβάντες
589 1696 667 1773 νῆας
701 1690 849 1772 ἀπῄεσαν.
895 1689 1019 1753 λαίλαπι
1052 1690 1086 1753 δὲ
1116 1713 1242 1771 περιπε-
1254 1698 1282 1752 11

122 1791 228 1861 σόντες
256 1792 392 1874 σφοδρῷ
418 1792 530 1862 πάντες
557 1792 722 1855 ἀπώλοντο
754 1791 813 1855 σὺν
843 1798 909 1863 ταῖς
941 1791 1067 1863 οἰκείαις
1098 1792 1242 1875 τριήρεσι,

124 1892 200 1957 δέκα
223 1894 335 1976 μόνων
357 1898 445 1977 νηῶν
466 1894 735 1976 περιλειφθεισῶν,
759 1892 807 1957 ὧν
830 1896 863 1956 αῖ
884 1894 943 1976 μέν
960 1895 1050 1958 πέντε
1064 1894 1151 1976 παρὰ
1163 1893 1242 1957 Ῥω-

11 2006 111 2061 111338
122 1996 228 2077 μαίων
251 1997 404 2069 ἑάλωσαν,
427 1998 459 2059 αἱ
482 1996 516 2061 δὲ
539 1996 643 2059 lomet
663 1996 873 2079 διαφυγοῦσαι
888 2004 942 2081 τῆς
958 2002 1127 2080 συμφορᾶς
1142 1996 1241 2079 ἀπήλ-

121 2098 225 2162 θσσαν
247 2099 380 2180 ἄγγελοι.

205 2200 339 2285 Ἐτέχθη
364 2201 399 2265 δὲ
421 2209 468 2284 τῷ
489 2201 598 2266 Λέοντι
621 2202 762 2285 σκύμνος
785 2202 948 2285 ὠμότερος
970 2208 1025 2265 τοῦ
1047 2201 1167 2285 πατρὸς
1188 2200 1243 2265 καλ
1252 2210 1288 2265 12

121 2304 177 2386 τήν
207 2328 240 2367 τε
270 2306 390 2387 μητέρα
421 2304 533 2368 τούτοιν
565 2306 760 2390 κεκλημένην
783 2304 1074 2398 Μαρίανοέστεψεν
1101 2304 1120 2367 ό
1147 2304 1243 2368 Λέων

124 2561 157 2616 12
174 2564 213 2616 ὅτι
237 2563 300 2618 ἄνευ
323 2564 398 2616 πέντε
421 2565 452 2630 (τ’
471 2563 504 2633 C)
527 2571 601 2633 νηῶν
624 2565 653 2618 αἱ
673 2564 748 2619 ἄλλαι
768 2571 821 2618 τῶν
840 2564 959 2634 Ἀράβων
982 2564 1014 2631 (τ.
1031 2563 1118 2633 Ἆραβ.
1138 2580 1187 2618 om
1206 2564 1241 2629 E)

121 2633 258 2688 ἀπώλοντο
271 2633 419 2694 σδναῦτοῖς
439 2634 486 2690 ΟΕ
559 2637 592 2690 Π
610 2636 728 2705 περὶτοῦ
741 2637 929 2704 Κοπρωνόμου
949 2635 979 2702 C,
998 2637 1036 2687 ὅτι
1049 2637 1241 2704 βαπτιζόμενος

121 2707 222 2772 κόπρον
240 2707 348 2774 ἔρρευσε
367 2707 413 2760 καί
431 2708 616 2776 Κοπρώνυμος
635 2708 809 2776 (κοπρόνιμος
830 2708 862 2773 Ε)
882 2707 1029 2776 ὠνομάσθη
1050 2707 1073 2759 Ε

175 2929 396 2999 Ιλαγγιβαρόίαν
414 2928 451 2998 D,
470 2946 546 2985 corr.
561 2930 612 2988 Da
685 2930 769 2999 3μὲν
788 2931 885 2984 om.E
957 2931 1152 3001 portanaria
1171 2931 1240 2986 add.

172 3001 297 3069 ἐτίμησαν
316 3003 361 3055 καὶ
381 3001 462 3071 Ewp,
483 3017 539 3056 om.
555 3003 606 3057 Wo
625 3003 675 3056 lat.
748 3002 766 3054 4
786 3009 854 3072 post
872 3003 902 3056 δέ
920 3003 988 3057 add.
1007 3023 1035 3071 γε
1056 3003 1118 3073 w*p
1138 3004 1241 3057 invitis

173 3071 227 3125 AR
307 3072 473 3127 8δεινσῦΒ
554 3075 699 3142 καλαβρίας
717 3071 844 3143 prDi‚
863 3073 1007 3142 καλαυρίας
1026 3073 1077 3126 ΑΒ
1159 3074 1241 3144 9τὴν

174 3159 231 3198 om.
252 3143 275 3196 B
384 3144 418 3197 14
435 3147 527 3211 μόνων
545 3143 605 3212 ΑΟ,
630 3147 714 3212 μόνον
734 3151 763 3198 el
781 3147 873 3213 μόνων
892 3160 946 3214 per
966 3144 1088 3214 dittogr.
1109 3145 1140 3214 Ε,
1158 3148 1241 3212 μόνον

173 3231 231 3285 svp,
250 3231 279 3270 v.
299 3215 338 3268 ad
358 3215 426 3271 XIV
445 3217 470 3284 6,
490 3217 522 3269 31
600 3216 820 3285 περιλειφθησῶν
838 3214 874 3284 Ι),
893 3216 1110 3286 περιληφθεισῶν
1130 3218 1194 3281 (sic)
1213 3214 1240 3269 Α

120 3457 206 3522 repta
234 3451 312 3520 suga
337 3449 584 3520 Longobardiam
614 3467 721 3506 versus
750 3452 905 3520 profectus
934 3455 987 3504 est.
1025 3449 1138 3503 Paulus
1168 3448 1267 3504 veroli

121 3524 258 3577 oratioue
278 3521 361 3591 apud
380 3522 488 3576 milites
508 3523 611 3577 habita
630 3530 660 3578 et
680 3524 785 3577 litteris
804 3524 897 3592 regiis
916 3523 1049 3576 recitatis
1068 3521 1175 3589 effecit,
1206 3527 1241 3575 ut

120 3595 160 3648 illi
170 3595 271 3648 statim
291 3609 324 3647 re
348 3608 395 3647 sm
407 3593 595 3648 celebrarent
605 3607 635 3648 et
646 3593 829 3664 Gregorium
841 3609 908 3648 curn
928 3594 991 3646 suis
1001 3594 1135 3646 vinctum
1145 3592 1240 3646 Paulo

120 3665 285 3720 traderent.
322 3609 379 3729 ὅττί
393 3663 574 3734 Gregorium
588 3666 708 3720 sustulit
721 3667 848 3735 eiusque
861 3665 1004 3718 satellites
1017 3664 1122 3732 flagris
1135 3661 1268 3717 caenosi

120 3751 251 3806 rasaque
280 3751 367 3790 corna
388 3736 544 3806 relegavit.
583 3735 708 3806 Sergius
737 3753 811 3791 vero
832 3736 979 3806 promissa
998 3736 1177 3804 impunitate
1201 3733 1268 3788 adli

119 3807 248 3863 Paulum
269 3805 436 3862 ecalnbria
455 3809 547 3862 venit.
584 3807 630 3862 Ita
649 3817 748 3863 motus
762 3808 881 3862 Siciliae
900 3811 1027 3876 pacatus
1047 3811 1099 3859 est.
1250 3805 1268 3858 9

208 3879 327 3933 Arabes
356 3883 466 3946 autera,
496 3881 548 3948 qui
580 3881 686 3933 urbem
717 3879 905 3943 obsidebant,
938 3878 1070 3946 acceptis
1102 3876 1240 3946 pluribus
1251 3876 1285 3928 10

120 3951 205 4006 malis
225 3965 317 4020 quarn
336 3949 423 4018 datis,
442 3950 570 4005 reditum
601 3959 789 4020 paraverunt
812 3954 842 4003 et
860 3949 984 4018 reliquis
1011 3949 1143 4002 navibus
1171 3963 1240 4001 con·

120 4023 233 4076 ascensis
253 4021 468 4090 discesserunt3
497 4023 550 4078 sed
569 4022 739 4076 vehementi
759 4022 881 4076 turbine
900 4025 1007 4074 exorto
1032 4034 1136 4073 omnes
1164 4018 1283 4088 peri-ll

120 4099 210 4148 erunt
241 4107 308 4147 cum
340 4095 403 4148 suis
423 4093 603 4160 triremibus,
635 4093 738 4147 decern
768 4092 899 4146 navibus
934 4091 1078 4160 exceptis,
1110 4105 1238 4158 quarum

120 4167 256 4234 quinque
275 4179 294 4218 a
313 4163 456 4219 Romanis
476 4170 584 4234 captae
603 4170 681 4232 sunt,
705 4166 840 4232 reliquae
860 4163 982 4232 elapsae
1000 4162 1094 4216 eladis
1113 4163 1240 4215 nuntiae

120 4237 243 4290 domum
262 4236 426 4291 redierunt.

209 4307 306 4362 Natus
320 4313 421 4362 autem
441 4312 487 4362 est
496 4306 590 4361 Leoni
612 4307 729 4360 catillus
740 4305 891 4359 crudelior
901 4310 997 4374 patre,
1017 4305 1104 4358 euius
1113 4306 1238 4356 matrem
1250 4303 1284 4355 12

120 4379 246 4435 blarlam
267 4378 439 4433 diedemate
459 4379 579 4434 ornavit
598 4382 627 4433 et
638 4391 766 4449 puerum
786 4379 815 4430 in
837 4392 949 4446 magna
969 4374 1239 4444 ecelesiabaptiza·
