3050 4775
329 361 489 433 sinsin.
527 360 693 431 CRISPVS.
731 360 868 431 otonis
887 361 1094 433 CONDITVR.
1238 363 1272 433 11

150 558 283 623 Φαῦστα
307 560 489 642 ἐπιμανεῖσα
513 558 682 641 ἐρωτικῶς,
707 558 772 623 έπελ
793 558 839 642 μὴ
863 559 1031 632 εὐπειθοῦς
1047 561 1167 625 ἑκείνου
1183 562 1410 644 trop-Plias

147 684 233 744 χανε,
265 668 390 725 κατεῖπε
412 661 494 743 πρὸς
516 662 570 725 τὸν
592 664 711 745 πατέρα
736 664 784 733 ὡς
806 663 943 744 ἐρῶντος
965 664 1062 748 αὐτῆς
1084 664 1138 727 καὶ
1160 665 1271 747 βιάσα-

147 766 224 829 σθαι
239 766 390 835 πολλάκις
405 766 666 847 ἐπιχειρήσαντος.
702 764 751 829 διὸ
767 764 821 828 καὶ
835 766 976 829 θάνατον
991 766 1010 829 ό
1025 764 1170 847 Κρίσπος
1183 766 1271 849 παρά
1281 774 1317 829 39

147 874 204 930 τοῦ
226 866 347 947 πατρὸς
369 867 592 949 κατεδικάσθη,
626 868 809 938 πεισθέντος
830 874 869 951 τῇ
892 875 1018 952 γαμετῇ.
1065 869 1112 939 ὡς
1136 866 1165 931 δ’
1188 871 1317 952 ἔγνω40

119 971 309 1052 δμειέπειτα
333 970 352 1032 ὁ
375 970 583 1052 αὐτοκράτωρ
606 969 641 1031 τὸ
665 970 791 1053 ἀληθές,
826 970 880 1033 καί
902 970 958 1053 τὴν
981 977 1112 1052 γυναῖκα
1141 972 1273 1036 ἐκόλασε

148 1072 201 1135 διά
227 1096 261 1135 τε
287 1071 322 1135 τὸ
349 1072 463 1153 ταύτης
490 1071 664 1136 ἀκόλαστον
691 1074 744 1135 καί
772 1072 826 1136 τόν
853 1073 954 1155 φόνον
980 1073 1035 1136 τὸν
1061 1079 1118 1137 τοῦ
1149 1074 1271 1145 παιδός.

147 1174 328 1256 είσαχθεῖσα
353 1173 413 1256 γὰρ
437 1174 471 1237 έν
492 1173 652 1257 λουτρῴἡ
673 1174 802 1238 Φαῦστα
824 1176 977 1258 σφοδρῶς
1000 1177 1186 1241 ἕκκαυθένιι
1208 1178 1313 1241 έκεῖ41

147 1276 205 1358 τὴν
228 1277 317 1359 ζιοὴν
338 1277 451 1359 βιαίως
473 1276 638 1359 ἀπέρρηξε.

238 1378 423 1461 Σαρματῶν
447 1377 481 1442 δὲ
503 1378 556 1441 καί
578 1378 612 1441 Γ
608 1378 716 1442 ότθων
743 1379 824 1442 κατὰ
850 1388 906 1463 τῆς
929 1380 1098 1463 Ῥωμαίων
1125 1382 1270 1465 ὑπηκόου
1279 1392 1316 1445 42

99 1489 137 1543 10
145 1483 366 1564 κεκινημένων
389 1481 444 1545 καί
458 1480 514 1564 τὴν
534 1479 697 1563 Θρᾳκηίαν
718 1489 835 1564 μοῖραν
857 1484 1061 1566 ληιζομέναιν,
1086 1486 1271 1549 διανίσταται

145 1581 217 1648 κατ’
243 1585 350 1648 αὐτῶν
372 1583 610 1655 Κωνσταντῖνος
633 1584 652 1647 ό
673 1586 832 1666 μέγιστος·
860 1586 914 1649 καί
936 1585 991 1668 τὴν
1018 1584 1152 1670 Θρᾴκην
1173 1611 1269 1650 κατα-

145 1687 259 1769 λαβὼν
290 1694 354 1757 τοῖς
389 1687 565 1770 βαρβάροις
599 1690 808 1769 συρρήγνυται
842 1689 896 1751 καὶ
930 1685 998 1751 κατ’
1034 1689 1141 1753 αὐτῶν
1173 1692 1270 1773 ἵστησι

144 1790 368 1871 λαμπρότατον
390 1789 547 1871 τρόπαιον.

239 1892 328 1955 Κατὰ
353 1892 387 1955 δὲ
410 1892 498 1957 θεῖον
520 1892 665 1975 χρησμὸν
687 1893 856 1977 βουληθείς
879 1895 1032 1977 ἀνεγεῖραι
1046 1895 1145 1969 πόλιν,
1168 1895 1215 1966 ὡς
1230 1897 1300 1962 δν3
1319 1905 1344 1959 Β

99 2002 136 2056 15
145 1995 247 2078 αὐτὴν
270 1996 319 2060 ἐπὶ
342 2004 388 2078 τῷ
411 1996 518 2078 οἰκείῳ
537 1997 653 2079 καλέσῃ
670 1996 808 2079 ὀνόματι,
831 1997 986 2080 πρότερον
999 1998 1059 2079 μὲν
1074 1998 1108 2061 έν
1123 1997 1270 2082 Σαρδικῇ

144 2100 263 2180 ταίτιην
285 2100 384 2161 κτίσαι
406 2099 574 2181 προέθετο·
612 2098 674 2163 είτα
699 2100 732 2163 ἕν
754 2100 877 2181 Σιγαίῳ
908 2099 956 2181 (τὸ
980 2100 1015 2164 δὲ
1036 2107 1091 2184 τῆς
1116 2100 1269 2184 Τρῳάδος

16 2206 68 2260 iiii
80 2209 135 2263 isc
145 2202 229 2265 ἐστίν
241 2200 464 2285 ἀκρωτήριον),
481 2202 559 2265 ἔνθα
572 2202 626 2265 καί
637 2202 804 2284 θεμελίοος
819 2201 916 2265 αὐτόν
930 2204 1164 2286 καταβαλέσθαι
1181 2204 1267 2286 φασί.
1405 2285 1408 2287 v

144 2304 201 2367 καί
225 2302 319 2375 αὖθις
342 2305 375 2367 έν
389 2302 574 2387 Χαλκηδόνι
596 2304 652 2387 τὴν
674 2305 766 2368 πόλιν
788 2306 906 2389 ἤρξατο
929 2306 1063 2370 ἀνιστᾶν.
1098 2308 1215 2389 λέγεται
1234 2306 1295 2370 δ12

143 2500 162 2554 9
183 2500 222 2552 ὅτι
242 2498 301 2560 τοὺς
319 2499 462 2568 Σαρμάται
480 2499 526 2554 καί
544 2498 604 2560 τοὺς
623 2501 649 2554 Γ
645 2501 741 2560 άτθους
760 2501 881 2570 ἐνίκησεν
900 2499 923 2556 C
1023 2500 1057 2554 14
1074 2501 1133 2570 περὶ
1151 2509 1197 2569 τῆς
1215 2503 1268 2555 κτί·

143 2591 216 2630 ottus
235 2571 537 2631 Κωνσταντινουπόλεως
555 2572 601 2624 καί
620 2573 676 2625 olor
694 2572 728 2642 ἦν
746 2572 775 2626 τὸ
793 2572 940 2634 Βυζάντιον
960 2571 1008 2627 ΟΕ

200 2750 215 2802 1
236 2757 339 2820 φαῦστα
352 2749 437 2816 ACE,
457 2751 560 2820 φαόστα
573 2749 647 2821 pr
658 2749 701 2805 Di
764 2751 933 2811 εόπιιθῶςΕ
996 2751 1014 2805 4
1032 2752 1181 2821 κατεκρίθη
1191 2750 1266 2822 pr

198 2821 282 2877 breui
301 2838 358 2877 om.
377 2822 401 2876 E
486 2823 502 2874 6
521 2821 565 2876 τόν
584 2829 655 2878 ante
674 2830 720 2878 τοῦ
741 2839 798 2878 om.
819 2822 841 2878 C
923 2823 1063 2892 λφαῦστα
1082 2823 1141 2891 ΑΟ,
1162 2825 1266 2892 φαόστα

198 2892 283 2963 Ruspi,
302 2911 330 2948 v.
343 2896 410 2948 vul
485 2894 502 2947 9
522 2901 566 2963 τῆς
578 2893 708 2962 ῥωμαίων
726 2895 729 2961 i
745 2893 781 2962 Α,
800 2903 847 2949 τοῦ
859 2903 904 2964 τῆς
917 2895 1010 2962 ῥώμης
1028 2894 1060 2962 B,
1079 2903 1125 2964 τῆς
1137 2895 1266 2963 ρωμαίοις

199 2963 275 3023 ODw
286 2982 335 3036 wp
345 2965 395 3034 Di,
414 2975 467 3026 τοῖς
484 2966 613 3034 ῥωμαίοις
633 2966 667 3033 D,
687 2967 819 3034 ῥωμαίων
838 2967 861 3020 Ε
962 2968 996 3020 10
1014 2966 1145 3034 θρακώαν
1163 2964 1266 3036 Apr

198 3035 351 3101 (omittunt
370 3037 423 3092 AR
447 3039 477 3092 in
504 3039 661 3092 vocabulis
683 3039 789 3107 Θρᾴκη,
819 3040 952 3106 Θρᾳκῴος
976 3038 1123 3092 similibus
1147 3053 1267 3107 semper

198 3109 261 3161 iota
281 3109 471 3179 subscripta),
492 3125 568 3164 corr.
587 3109 630 3163 Di
703 3111 735 3163 11
754 3112 835 3178 μέγας
854 3110 877 3165 O
948 3110 1057 3178 δράκην
1075 3109 1178 3179 Apr
1198 3125 1265 3163 con·

197 3185 322 3246 stanter,
343 3195 419 3235 corr.
438 3179 481 3235 Di
582 3181 617 3234 1‘2
634 3181 722 3236 αὐτῶν
740 3180 815 3250 pr
825 3179 875 3247 Di,
894 3180 974 3234 αὐτόν
992 3179 1019 3234 Α
1121 3180 1155 3234 15
1173 3182 1265 3235 οίκείω

198 3249 285 3320 R(wp
295 3249 357 3318 Di),
376 3253 485 3307 οίκείων
504 3252 530 3306 Α
610 3255 738 3322 πρότερον
757 3251 869 3322 Apr‚
887 3258 992 3320 πρῶτον
1013 3253 1036 3306 Ε
1119 3251 1153 3306 16
1171 3253 1266 3320 ταύτην

198 3329 285 3376 κτῖσαι
295 3325 389 3386 (κτίσαι
401 3322 454 3389 Dt')
465 3323 500 3393 Α,
519 3326 604 3379 κτίσαι
614 3324 709 3393 ταύτην
724 3323 798 3394 pr
857 3326 950 3392 σιγαίαι
960 3322 1095 3393 AR(wp),
1114 3325 1213 3392 Σιγείῳ
1223 3321 1266 3377 Di

142 3520 208 3569 tum
234 3515 375 3585 pellicere
400 3518 595 3586 nequivisset,
621 3517 703 3586 apud
729 3522 845 3584 patrem
871 3516 986 3582 detulit,
1011 3521 1171 3584 utaque
1195 3515 1265 3570 ada·

141 3594 288 3654 meretur,
301 3602 358 3642 sua
371 3587 516 3658 pudicitia
529 3604 622 3658 saepo
636 3589 805 3643 sollicitata.
842 3588 991 3651 Quocirca
1005 3588 1113 3657 capitis
1126 3586 1264 3657 Crispum
1274 3589 1309 3644 39

142 3658 302 3712 damnavit
320 3663 414 3729 pater,
435 3661 558 3732 coniugi
580 3661 751 3714 obsecutus.
789 3658 848 3714 Sed
863 3675 931 3713 cum
946 3659 1056 3713 deinde
1071 3659 1310 3729 cognovisset40

141 3731 309 3799 imperator
332 3746 445 3798 verum,
470 3732 508 3786 de
532 3733 598 3802 ipsa
622 3746 744 3801 quoque
768 3746 866 3785 uxore
889 3747 957 3784 cum
985 3731 1024 3784 ob
1046 3729 1264 3799 impudicitiam

141 3807 208 3856 tum
227 3807 352 3871 propter
373 3802 425 3856 fiiii
445 3803 568 3858 caedem
589 3817 703 3872 poenas
722 3803 822 3856 sumit.
860 3801 934 3856 Nam
953 3803 985 3856 in
1008 3801 1151 3855 balneum
1175 3801 1307 3856 rebe-41

141 3877 260 3927 menter
281 3873 460 3928 calefactum
479 3875 654 3929 introducta
673 3874 732 3927 iilic
750 3878 848 3928 morte
867 3873 1001 3928 violenta
1020 3874 1117 3942 periit.

233 3942 309 4000 Oum
333 3949 434 3999 autem
454 3943 612 4001 Sarmatae
635 3952 664 4000 et
683 3943 786 4000 Gotthi
810 3944 984 4014 provincias
1004 3945 1156 3999 Romanas
1179 3944 1308 4000 inve-42

141 4017 252 4070 sissent
278 4022 308 4070 et
331 4015 480 4072 Thraciae
504 4023 607 4087 partes
632 4021 799 4083 vastarent,
822 4018 955 4086 insurgit
980 4023 1087 4070 contre
1112 4031 1165 4070 eos
1188 4014 1263 4070 Con·

141 4089 294 4142 stantiuus
319 4089 483 4156 maximum
508 4104 544 4142 ec
563 4087 694 4144 Thracia
720 4095 870 4157 occupat-a
895 4088 1116 4157 commissoque
1138 4087 1262 4157 proelio,

142 4159 230 4213 victis
251 4159 390 4213 barbaris
408 4160 682 4229 splendidissimum
702 4159 887 4228 triumphum
908 4159 1113 4228 consequitur.

231 4231 257 4284 3.
287 4229 399 4285 Urbem
418 4247 509 4300 porro
529 4247 567 4286 ex
588 4231 712 4287 oraculo
728 4230 767 4284 de
780 4245 836 4286 suo
850 4233 972 4285 nomine
985 4227 1164 4285 conditurus
1177 4230 1262 4300 prius

141 4300 288 4357 sardicae
301 4306 458 4358 exstruere
472 4304 502 4358 in
516 4304 617 4358 animo
630 4303 745 4370 habuit,
760 4302 870 4357 deinde
883 4304 913 4356 in
927 4300 1039 4372 Sigaeo
1053 4301 1262 4370 promuntorio

141 4373 280 4447 Troadis,
294 4375 348 4430 ubi
359 4374 449 4430 etiem
463 4374 661 4432 fundamenta
672 4375 781 4431 iecisse
791 4375 895 4431 fertur.
921 4373 1061 4444 Denique
1071 4372 1289 4434 Chalcedone2
