3050 4775
556 385 859 444 ALAMVNDARVS.
1218 385 1269 439 139

152 572 216 632 τῶν
238 571 349 634 οἰκιῶν
370 571 510 654 ἐπῆλθον
524 578 589 636 τῶν
603 573 778 656 εἰρημένων
793 571 930 653 ἀνδρῶν.
976 569 1030 632 καί
1044 567 1099 640 τὰς
1113 567 1171 652 μὲν
1187 568 1268 631 καθ-
1279 573 1315 628 35

150 678 299 759 ηρῆκασι,
330 678 368 742 τό
400 674 429 743 δ’
464 681 498 744 ἐν
529 681 637 751 αι’παῖς
668 679 859 763 διηρπάκασι
890 677 943 740 καλ
974 675 1109 747 πολλοὺς
1140 676 1270 748 ἀνεῖλον,

151 780 206 840 καὶ
231 782 275 851 εἷς
301 779 504 865 τὸνβασιλέα
527 782 699 866 ἐξύβριζον,
731 781 785 846 τὸν
809 781 843 845 δὲ
866 779 1050 844 Βιιαλιανδν
1073 780 1120 850 ὡς
1141 779 1269 862 βασιλέα

151 881 328 964 εῦᾳῆμουν,
359 885 413 948 καί
440 884 576 955 πολλοὺς
602 886 711 955 οἴκους
738 885 912 967 ἐνέπρησαν
935 883 988 947 καὶ
1009 883 1170 953 πλείστους
1192 883 1268 964 ἐφό-

125 988 279 1048 ῦνευσαν·
303 988 359 1050 καί
378 1011 443 1051 τινα
465 987 608 1070 μοναχὸν
629 988 759 1071 πλησίον
783 988 857 1051 ὄντα
880 993 934 1070 τῆς
948 986 1035 1068 παρὰ
1050 991 1105 1050 τοῦ
1121 984 1314 1048 Ἄνδακα-36

151 1088 221 1151 σίου
244 1089 420 1173 κτισθείσης
440 1093 619 1175 κινστέρνης
639 1098 695 1174 τῆς
718 1089 886 1161 Μαικισίας
908 1089 1115 1172 καλουμένης,
1142 1089 1195 1152 καί
1219 1087 1269 1152 διδ

150 1198 242 1274 τιμῆς
266 1200 314 1274 τῷ
339 1195 460 1276 βασιλεῖ
482 1195 585 1276 τούτῳ
612 1193 778 1275 ἀγόμενον,
810 1193 987 1264 κτείναντες,
1020 1191 1097 1254 ἀλλὰ
1124 1190 1190 1274 μὴν
1217 1191 1273 1254 καί
1279 1192 1314 1246 37

150 1317 217 1357 τινα
244 1296 447 1376 μονάζουσαν
473 1296 728 1378 ἐγκεκλεισμένην
754 1295 845 1376 ἔγγὺς
871 1301 925 1376 τῆς
946 1293 1065 1376 πόρτης
1087 1301 1141 1377 τῆς
1165 1293 1268 1376 Ξηρο-

151 1397 271 1478 κέρκου
303 1399 468 1472 ἀνελόντες,
501 1399 548 1470 ὡς
578 1399 676 1462 πίστιν
707 1397 762 1461 καὶ
792 1400 835 1468 είς
866 1396 964 1479 αύτῆν
991 1397 1185 1479 κεκτημένου
1214 1395 1303 1458 τοῦΒ

110 1502 143 1555 10
150 1499 316 1582 βασιλέως,
338 1501 392 1564 καί
407 1502 614 1584 συνδήσαντες
632 1500 787 1584 ἄμφαντδ
804 1501 935 1583 σώματα
952 1501 1076 1582 ἔσυραν,
1101 1497 1163 1562 εἶτα
1179 1500 1268 1562 κατέ-

149 1625 284 1665 καυσαν.

236 1704 292 1768 Ἐν
318 1713 382 1777 τοῖς
408 1708 534 1789 χρόνοις
561 1707 673 1770 τούτου
700 1713 756 1770 τοῦ
785 1707 940 1790 βασιλέως
963 1703 1224 1786 Ἀλαμούνδσρος
1251 1697 1301 1767 ό4

150 1811 215 1869 τῶν
236 1806 423 1891 Ἀγαρηνῶν
454 1809 618 1892 φύλαρχος
648 1809 838 1892 κατηχηθελς
869 1807 957 1890 παρὰ
986 1806 1176 1888 δρθοδύξυιν
1204 1807 1268 1870 ἐπί-

151 1911 258 1974 στευσέ
288 1934 321 1974 τε
350 1912 405 1975 καὶ
436 1913 628 1994 ἐβαπτίσατο.
678 1911 760 1992 πρὸς
792 1913 830 1974 ὃν
858 1911 876 1974 ό
903 1910 1048 1994 Σευῆρος
1080 1909 1296 1980 ἐπισκόπους2

113 2016 143 2067 ¹5
153 2012 262 2076 ἔστειλε
285 2013 354 2087 δύο,
377 2014 524 2078 σπεύδων
546 2017 589 2085 εἰς
611 2013 667 2097 τῆν
689 2015 770 2077 ι’δίαν
786 2015 901 2094 αἵρεσιν
916 2012 1043 2076 ἑλκύσαι
1058 2011 1160 2076 αὐτόν.
1206 2013 1296 2075 τῶν3

153 2121 230 2195 γοῦν
261 2117 443 2180 ἐπισκόπων
470 2116 685 2181 διδασκόντων
711 2115 807 2180 ούτδν
834 2117 877 2186 εἰς
903 2115 980 2197 μίαν
1006 2115 1101 2196 φύσιν
1126 2111 1182 2185 τὰς
1210 2114 1269 2177 δύο

150 2223 207 2281 τοῦ
233 2217 374 2300 Χριστοῦ
401 2220 597 2302 συγχυθῆναι
622 2219 740 2301 φύσεις,
772 2218 943 2282 κάντεῦθεν
969 2217 1186 2299 συναγομένου
1214 2222 1269 2280 τοῦ

154 2432 186 2485 12
203 2432 264 2499 περὶ
286 2380 408 2499 όλαμούθ
424 2434 583 2501 σημείωσαι·
602 2433 646 2496 ξέν
662 2434 667 2499 Ι
682 2430 717 2500 Α,
735 2433 796 2501 περὶ
812 2433 1024 2501 Ἂλαμουνδάρου
1044 2430 1214 2499 (ἀλεξάνδρου
1234 2428 1269 2496 Ε)

151 2502 197 2555 καί
215 2505 288 2564 ὅπως
306 2502 367 2563 τούς
386 2512 430 2558 τοῦ
450 2504 573 2573 Σευῆρον
591 2504 751 2563 ἐπισκόπους
770 2506 901 2568 διέπαιζεν
920 2506 1003 2568 (ὅπως
1022 2504 1066 2559 τδν
1085 2502 1199 2571 σίβηρον
1215 2501 1269 2555 ini·

151 2595 253 2628 σκοπον
271 2575 392 2639 διέταξαν
410 2574 444 2641 Ε)
465 2574 512 2631 ΟΕ

205 2772 220 2824 1
240 2772 336 2825 ολκιῶν
353 2769 389 2839 Α,
407 2774 491 2827 οἴκων
509 2772 583 2841 pr
663 2772 762 2841 ἐπῆλθε
779 2772 856 2841 pr
940 2774 962 2825 1.
983 2770 1062 2833 iulg
1080 2770 1129 2838 μὲν
1147 2772 1269 2839 καθῃρῆ-

204 2857 279 2897 κασι·
298 2842 329 2897 τὰ
347 2842 372 2897 δ’
391 2844 419 2897 έν
437 2844 527 2902 αύταῖς
545 2842 579 2911 Α,
599 2844 659 2903 τούς
676 2843 725 2911 μέν
740 2844 952 2913 κατηρείπωσαν,
972 2842 1002 2897 τὰ
1015 2843 1040 2896 δ’
1052 2844 1081 2897 έν
1093 2843 1180 2901 αὐτοῖς
1194 2842 1267 2911 pr

204 2915 223 2967 3
240 2916 350 2985 ῦβριζον
361 2914 390 2967 D
461 2916 479 2970 5
497 2917 559 2969 ὄντα
571 2914 632 2981 ΑΕ,
652 2917 777 2969 οἰκοῦντα
790 2914 863 2983 pr
936 2915 953 2969 8
972 2914 1191 2983 ἐγκεκλεισμένην
1210 2929 1267 2967 om.

205 2986 241 3054 D,
260 2986 329 3041 add.
349 2986 402 3045 Dw
491 2988 660 3056 ξηροκέρκου
678 2986 732 3040 AR
751 2988 790 3050 (v.
811 2984 846 3040 G.
865 2985 902 3041 Μ.
923 3002 950 3056 p.
968 2986 1028 3053 518,
1048 2987 1084 3049 2),
1104 2985 1268 3053 ξυλοκέρκου

204 3056 326 3128 prDi
398 3057 431 3113 15
449 3059 551 3113 οἰκείαν
563 3058 636 3128 pr
708 3058 815 3113 liudem
828 3057 880 3112 ΑΕ
900 3060 939 3122 (v.
952 3057 1111 3128 Ephreem.
1125 3072 1168 3111 vs.
1179 3057 1268 3122 1076),

202 3130 365 3198 μεθιλιιύσαι
385 3129 458 3199 pr

150 3330 270 3395 gerunt.
306 3326 466 3381 Multitudo
489 3330 591 3382 autem
610 3326 743 3382 adirem
763 3328 949 3382 inflammata
969 3341 1073 3382 eorum
1093 3326 1198 3381 domos
1217 3321 1314 3396 teg-35

150 3399 247 3467 gressi
275 3397 453 3452 deleverunt
480 3404 510 3452 et
540 3397 732 3469 diripuerunt
760 3405 853 3467 atque
880 3398 981 3452 multis
1008 3398 1175 3453 interfectis
1203 3398 1268 3467 regi

150 3468 380 3536 maledicebant,
409 3468 594 3523 Vitalianum
626 3476 728 3524 eutem
759 3476 914 3539 tamquam
945 3484 1050 3538 regem
1081 3469 1270 3523 celebrantes

149 3539 260 3594 multas
278 3540 385 3594 domos
404 3542 642 3608 combusserunt,
662 3542 808 3611 plurimos
821 3540 1013 3609 occiderunt3
1032 3541 1075 3594 itu
1088 3540 1268 3595 monachum
1279 3538 1314 3591 36

150 3612 311 3679 quendam,
331 3612 382 3682 qni
402 3616 469 3665 erat
485 3628 582 3682 prope
601 3614 762 3667 cisternam
782 3613 821 3667 ab
835 3610 997 3667 Anastasio
1017 3616 1170 3678 structam,
1190 3626 1270 3680 quae

149 3681 274 3736 llocisia
302 3682 419 3749 dicitur,
452 3688 481 3738 et
509 3700 528 3737 a
555 3700 628 3755 rege
657 3685 761 3753 magni
789 3683 1015 3750 aestimabatur,
1043 3684 1268 3737 interfecerunt.

149 3753 224 3808 Item
244 3759 275 3807 et
299 3753 453 3823 quandam
476 3756 655 3809 monacham
680 3756 827 3809 inclusam
851 3770 947 3825 prope
968 3758 1087 3824 portam
1106 3752 1313 3809 Xerooereid'l

147 3826 344 3892 munierunt,
370 3825 451 3894 quod
474 3826 565 3881 fidem
589 3828 616 3880 ei
639 3842 762 3896 quoque
782 3827 913 3881 habebat
932 3840 999 3881 rex:
1029 3825 1118 3879 ambo
1138 3840 1267 3895 corpora

147 3901 251 3950 eutem
270 3896 413 3966 colligata
431 3913 486 3966 per
503 3898 611 3952 urbem
630 3902 791 3953 traxerunt
810 3903 839 3952 et
857 3898 1096 3952 combusserunt.

235 3967 262 4021 4.
299 3967 499 4038 Temporibus
518 3970 608 4023 buius
626 3970 709 4040 regis
728 3969 768 4023 ad
784 3967 1033 4035 Alamunderum,
1053 3967 1263 4037 Agerenorum

147 4040 324 4109 principem,
343 4040 395 4108 qni
413 4041 569 4094 institutus
587 4041 626 4095 ab
647 4041 823 4095 orthodoxis
841 4040 968 4095 credidit
983 4046 1013 4094 et
1026 4040 1198 4109 baptizatus
1211 4044 1264 4103 est,

146 4109 281 4165 Severus
303 4111 462 4181 episcopos
482 4112 562 4165 misit
585 4112 671 4173 duos,
698 4114 750 4181 qui
773 4126 843 4166 eum
868 4112 907 4165 ad
930 4126 1016 4165 suam
1039 4111 1186 4165 baeresim
1207 4108 1291 4163 tra-2

146 4182 262 4236 herent.
300 4180 355 4237 Cui
377 4197 446 4235 cnm
468 4183 603 4252 episcopi
624 4185 839 4252 exposuissent
860 4184 892 4237 in
914 4197 1007 4237 unam
1032 4188 1172 4236 naturam
1198 4182 1290 4235 illas3

145 4252 225 4307 duas
244 4252 351 4307 Christi
377 4256 547 4308 commistae
570 4269 636 4308 esee
658 4259 793 4319 naturas,
823 4254 903 4309 unde
927 4254 1121 4324 colligeretur
1143 4268 1263 4322 passam

145 4339 214 4379 esee
230 4339 295 4379 une
314 4338 383 4379 cum
402 4340 494 4379 earne
513 4325 626 4379 domini
644 4326 735 4380 etiam
754 4326 905 4393 deitatem,
934 4325 983 4380 ille
1005 4324 1194 4380 refutaturus
1213 4324 1263 4379 ab·

145 4395 239 4450 surde
259 4396 394 4451 dicentes
412 4401 443 4450 et
461 4395 650 4451 incredibilia
668 4397 812 4452 docentes
831 4398 952 4467 paravit
971 4396 1123 4467 quendam
1140 4395 1177 4451 de
1191 4396 1262 4464 suis,
