<?xml version="1.0" encoding="UTF-8"?>
<!DOCTYPE html PUBLIC "-//W3C//DTD XHTML 1.0 Transitional//EN"
    "http://www.w3.org/TR/xhtml1/DTD/xhtml1-transitional.dtd">
<html xmlns="http://www.w3.org/1999/xhtml" xml:lang="en" lang="en">
 <head>
  <title>
</title>
<meta http-equiv="Content-Type" content="text/html;charset=utf-8" />
  <meta name='ocr-system' content='tesseract 3.04.00' />
  <meta name='ocr-capabilities' content='ocr_page ocr_carea ocr_par ocr_line ocrx_word'/>
</head>
<body>
  <div class='ocr_page' id='page_1' title='image "./corpusscriptoru01theogoog/corpusscriptoru01theogoog_0033.png"; bbox 0 0 3050 4775; ppageno 0'>
   <div class='ocr_carea' id='block_1_1' title="bbox 255 350 1227 423">
    <p class='ocr_par' dir='ltr' id='par_1_1' title="bbox 255 350 1227 423">
     <span class='ocr_line' id='line_1_1' title="bbox 255 350 1227 423; baseline -0.007 -2"><span class='ocrx_word' id='word_1_1' title='bbox 255 350 550 423; x_wconf 74' lang='lat' dir='ltr'>CONSTANTINVS</span> <span class='ocrx_word' id='word_1_2' title='bbox 569 352 729 418; x_wconf 81' lang='lat' dir='ltr'>MAGNVS</span> <span class='ocrx_word' id='word_1_3' title='bbox 748 351 881 418; x_wconf 80' lang='lat' dir='ltr'>RERVM</span> <span class='ocrx_word' id='word_1_4' title='bbox 899 351 1080 417; x_wconf 65' lang='lat' dir='ltr'><strong>pontiva.</strong></span> <span class='ocrx_word' id='word_1_5' title='bbox 1210 352 1227 414; x_wconf 77' lang='grc'><strong>3</strong></span> 
     </span>
    </p>
   </div>
   <div class='ocr_carea' id='block_1_2' title="bbox 67 540 1272 2165">
    <p class='ocr_par' dir='ltr' id='par_1_2' title="bbox 67 540 1272 2165">
     <span class='ocr_line' id='line_1_2' title="bbox 106 540 1254 630; baseline -0.006 -18"><span class='ocrx_word' id='word_1_6' title='bbox 106 547 187 612; x_wconf 81' lang='grc' dir='ltr'><strong><em>ὥστε</em></strong></span> <span class='ocrx_word' id='word_1_7' title='bbox 213 547 269 611; x_wconf 80' lang='grc' dir='ltr'><strong><em>καί</em></strong></span> <span class='ocrx_word' id='word_1_8' title='bbox 296 548 476 630; x_wconf 83' lang='grc' dir='ltr'><strong><em>σκώμματα</em></strong></span> <span class='ocrx_word' id='word_1_9' title='bbox 501 540 569 609; x_wconf 82' lang='grc' dir='ltr'><strong><em>κατ’</em></strong></span> <span class='ocrx_word' id='word_1_10' title='bbox 598 544 695 608; x_wconf 76' lang='grc' dir='ltr'><strong><em>αὐτοῦ</em></strong></span> <span class='ocrx_word' id='word_1_11' title='bbox 722 545 914 627; x_wconf 73' lang='grc' dir='ltr'><strong><em>πεποιῆσθαι</em></strong></span> <span class='ocrx_word' id='word_1_12' title='bbox 940 543 1004 607; x_wconf 85' lang='grc' dir='ltr'><strong><em>ύπό</em></strong></span> <span class='ocrx_word' id='word_1_13' title='bbox 1026 566 1130 608; x_wconf 85' lang='grc' dir='ltr'><strong><em>τινων.</em></strong></span> <span class='ocrx_word' id='word_1_14' title='bbox 1165 542 1254 626; x_wconf 65' lang='lat' dir='ltr'><strong>tuis</strong></span> 
     </span>
     <span class='ocr_line' id='line_1_3' title="bbox 107 642 1227 735; baseline -0.004 -22"><span class='ocrx_word' id='word_1_15' title='bbox 107 651 141 713; x_wconf 81' lang='grc' dir='ltr'><strong><em>ύέ</em></strong></span> <span class='ocrx_word' id='word_1_16' title='bbox 161 675 239 715; x_wconf 87' lang='grc' dir='ltr'><strong><em>ποτε</em></strong></span> <span class='ocrx_word' id='word_1_17' title='bbox 262 650 532 735; x_wconf 81' lang='grc' dir='ltr'><strong><em>ἀντιπαρετάξατο,</em></strong></span> <span class='ocrx_word' id='word_1_18' title='bbox 557 648 708 731; x_wconf 78' lang='grc' dir='ltr'><strong><em>γοητείαις</em></strong></span> <span class='ocrx_word' id='word_1_19' title='bbox 729 648 925 731; x_wconf 80' lang='grc' dir='ltr'><em>κεχρημένος</em></span> <span class='ocrx_word' id='word_1_20' title='bbox 941 646 995 709; x_wconf 86' lang='grc' dir='ltr'><strong><em>καί</em></strong></span> <span class='ocrx_word' id='word_1_21' title='bbox 1011 642 1050 709; x_wconf 83' lang='grc' dir='ltr'><strong><em>θί</em></strong></span> <span class='ocrx_word' id='word_1_22' title='bbox 1067 647 1227 729; x_wconf 81' lang='grc' dir='ltr'><em>ἀνατομῆς</em></span> 
     </span>
     <span class='ocr_line' id='line_1_4' title="bbox 105 749 1226 837; baseline -0.003 -21"><span class='ocrx_word' id='word_1_23' title='bbox 105 752 238 837; x_wconf 76' lang='grc' dir='ltr'><strong><em>βρεφῶν</em></strong></span> <span class='ocrx_word' id='word_1_24' title='bbox 259 752 492 835; x_wconf 82' lang='grc' dir='ltr'><strong><em>μαντευόμενος</em></strong></span> <span class='ocrx_word' id='word_1_25' title='bbox 514 751 567 815; x_wconf 81' lang='grc' dir='ltr'><strong><em>καί</em></strong></span> <span class='ocrx_word' id='word_1_26' title='bbox 589 750 667 813; x_wconf 84' lang='grc' dir='ltr'><strong><em>ἄλλα</em></strong></span> <span class='ocrx_word' id='word_1_27' title='bbox 690 750 837 832; x_wconf 77' lang='grc' dir='ltr'><em>πράττων</em></span> <span class='ocrx_word' id='word_1_28' title='bbox 855 750 998 832; x_wconf 77' lang='grc' dir='ltr'><strong><em>ἀθέμιτα,</em></strong></span> <span class='ocrx_word' id='word_1_29' title='bbox 1022 751 1042 813; x_wconf 85' lang='grc' dir='ltr'>ἃ</span> <span class='ocrx_word' id='word_1_30' title='bbox 1067 749 1138 821; x_wconf 80' lang='grc' dir='ltr'><strong><em>δέος</em></strong></span> <span class='ocrx_word' id='word_1_31' title='bbox 1162 750 1226 813; x_wconf 78' lang='grc' dir='ltr'><strong><em>ἕνε-</em></strong></span> 
     </span>
     <span class='ocr_line' id='line_1_5' title="bbox 104 852 1272 938; baseline -0.005 -19"><span class='ocrx_word' id='word_1_32' title='bbox 104 856 184 919; x_wconf 83' lang='grc' dir='ltr'><strong><em>ποίει</em></strong></span> <span class='ocrx_word' id='word_1_33' title='bbox 199 863 247 938; x_wconf 84' lang='grc' dir='ltr'><strong><em>τῷ</em></strong></span> <span class='ocrx_word' id='word_1_34' title='bbox 263 854 502 937; x_wconf 83' lang='grc' dir='ltr'><strong><em>Κωνσταντίνῳ.</em></strong></span> <span class='ocrx_word' id='word_1_35' title='bbox 537 854 710 937; x_wconf 86' lang='grc' dir='ltr'><strong><em>ἀγωνιῶνιι</em></strong></span> <span class='ocrx_word' id='word_1_36' title='bbox 733 857 811 934; x_wconf 78' lang='grc' dir='ltr'><strong><em>γοῦν</em></strong></span> <span class='ocrx_word' id='word_1_37' title='bbox 834 852 885 915; x_wconf 79' lang='lat' dir='ltr'><strong>dael</strong></span> <span class='ocrx_word' id='word_1_38' title='bbox 907 858 1003 915; x_wconf 87' lang='grc' dir='ltr'><strong><em>ταῦτα</em></strong></span> <span class='ocrx_word' id='word_1_39' title='bbox 1026 853 1123 923; x_wconf 81' lang='grc' dir='ltr'><em>τύπος</em></span> <span class='ocrx_word' id='word_1_40' title='bbox 1138 853 1227 934; x_wconf 76' lang='grc' dir='ltr'><strong><em>αὐτῷ</em></strong></span> <span class='ocrx_word' id='word_1_41' title='bbox 1239 860 1272 913; x_wconf 88' lang='grc'><strong><em>10</em></strong></span> 
     </span>
     <span class='ocr_line' id='line_1_6' title="bbox 82 949 1259 1041; baseline -0.005 -21"><span class='ocrx_word' id='word_1_42' title='bbox 82 957 273 1041; x_wconf 72' lang='grc' dir='ltr'><strong><em>ὀσταυρικὸς</em></strong></span> <span class='ocrx_word' id='word_1_43' title='bbox 300 958 459 1039; x_wconf 83' lang='grc' dir='ltr'><strong><em>μεσούσης</em></strong></span> <span class='ocrx_word' id='word_1_44' title='bbox 487 956 607 1038; x_wconf 82' lang='grc' dir='ltr'><strong><em>ἡμέρας</em></strong></span> <span class='ocrx_word' id='word_1_45' title='bbox 635 954 675 1016; x_wconf 77' lang='grc' dir='ltr'><strong><em>δι’</em></strong></span> <span class='ocrx_word' id='word_1_46' title='bbox 704 955 834 1035; x_wconf 83' lang='grc' dir='ltr'><strong><em>ἀστέρος</em></strong></span> <span class='ocrx_word' id='word_1_47' title='bbox 861 954 962 1035; x_wconf 85' lang='grc' dir='ltr'><strong><em>ε’·φάνη</em></strong></span> <span class='ocrx_word' id='word_1_48' title='bbox 990 949 1058 1016; x_wconf 83' lang='grc' dir='ltr'><strong><em>κατ’</em></strong></span> <span class='ocrx_word' id='word_1_49' title='bbox 1088 952 1259 1035; x_wconf 81' lang='grc' dir='ltr'><strong><em>οὐρανὸνΒ</em></strong></span> 
     </span>
     <span class='ocr_line' id='line_1_7' title="bbox 106 1051 1226 1143; baseline -0.003 -22"><span class='ocrx_word' id='word_1_50' title='bbox 106 1061 157 1123; x_wconf 82' lang='grc' dir='ltr'><strong><em>καί</em></strong></span> <span class='ocrx_word' id='word_1_51' title='bbox 181 1060 291 1143; x_wconf 82' lang='grc' dir='ltr'><strong><em>γραφὴ</em></strong></span> <span class='ocrx_word' id='word_1_52' title='bbox 314 1059 385 1141; x_wconf 84' lang='grc' dir='ltr'><strong><em>περὶ</em></strong></span> <span class='ocrx_word' id='word_1_53' title='bbox 408 1058 462 1122; x_wconf 86' lang='grc' dir='ltr'><strong><em>τὸν</em></strong></span> <span class='ocrx_word' id='word_1_54' title='bbox 483 1056 617 1139; x_wconf 86' lang='grc' dir='ltr'><strong><em>σταυρὸν</em></strong></span> <span class='ocrx_word' id='word_1_55' title='bbox 630 1056 820 1140; x_wconf 64' lang='grc' dir='ltr'><strong><em>Ῥαιμαίποῖς</em></strong></span> <span class='ocrx_word' id='word_1_56' title='bbox 835 1056 1003 1138; x_wconf 84' lang='grc' dir='ltr'><strong><em>στοιχείοις,</em></strong></span> <span class='ocrx_word' id='word_1_57' title='bbox 1028 1051 1067 1117; x_wconf 84' lang='grc' dir='ltr'><strong><em>θί</em></strong></span> <span class='ocrx_word' id='word_1_58' title='bbox 1085 1055 1226 1137; x_wconf 78' lang='grc' dir='ltr'><strong><em>ἀστέρων</em></strong></span> 
     </span>
     <span class='ocr_line' id='line_1_8' title="bbox 104 1157 1268 1243; baseline -0.003 -20"><span class='ocrx_word' id='word_1_59' title='bbox 104 1162 156 1223; x_wconf 82' lang='grc' dir='ltr'><strong><em>καί</em></strong></span> <span class='ocrx_word' id='word_1_60' title='bbox 181 1163 289 1233; x_wconf 77' lang='grc' dir='ltr'><strong><em>αὐτοῖς</em></strong></span> <span class='ocrx_word' id='word_1_61' title='bbox 315 1162 520 1243; x_wconf 82' lang='grc' dir='ltr'><strong><em>τυπουμένοις</em></strong></span> <span class='ocrx_word' id='word_1_62' title='bbox 547 1160 601 1222; x_wconf 86' lang='grc' dir='ltr'><strong><em>καί</em></strong></span> <span class='ocrx_word' id='word_1_63' title='bbox 628 1158 804 1241; x_wconf 79' lang='grc' dir='ltr'><strong><em>φράζουσιν</em></strong></span> <span class='ocrx_word' id='word_1_64' title='bbox 825 1158 886 1220; x_wconf 62' lang='lat' dir='ltr'><strong><em>“dv</em></strong></span> <span class='ocrx_word' id='word_1_65' title='bbox 908 1158 1011 1239; x_wconf 86' lang='grc' dir='ltr'><strong><em>τούτῳ</em></strong></span> <span class='ocrx_word' id='word_1_66' title='bbox 1033 1157 1104 1219; x_wconf 86' lang='grc' dir='ltr'><strong><em>νίκα</em></strong></span> <span class='ocrx_word' id='word_1_67' title='bbox 1112 1158 1142 1221; x_wconf 88' lang='grc'><strong><em>”.</em></strong></span> <span class='ocrx_word' id='word_1_68' title='bbox 1188 1158 1268 1220; x_wconf 66' lang='lat' dir='ltr'><strong><em>lull</em></strong></span> 
     </span>
     <span class='ocr_line' id='line_1_9' title="bbox 104 1259 1225 1347; baseline -0.008 -17"><span class='ocrx_word' id='word_1_69' title='bbox 104 1270 227 1347; x_wconf 85' lang='grc' dir='ltr'><strong><em>χρυσοῦ</em></strong></span> <span class='ocrx_word' id='word_1_70' title='bbox 255 1266 357 1328; x_wconf 84' lang='grc' dir='ltr'><strong><em>τοίνυν</em></strong></span> <span class='ocrx_word' id='word_1_71' title='bbox 384 1262 494 1327; x_wconf 81' lang='grc' dir='ltr'><strong><em>αὐτίκα</em></strong></span> <span class='ocrx_word' id='word_1_72' title='bbox 527 1262 692 1345; x_wconf 77' lang='grc' dir='ltr'><strong><em>σχεθεάοας</em></strong></span> <span class='ocrx_word' id='word_1_73' title='bbox 724 1260 860 1342; x_wconf 85' lang='grc' dir='ltr'><strong><em>σταυρὸν</em></strong></span> <span class='ocrx_word' id='word_1_74' title='bbox 891 1259 971 1323; x_wconf 84' lang='grc' dir='ltr'><strong><em>κατὰ</em></strong></span> <span class='ocrx_word' id='word_1_75' title='bbox 1003 1259 1057 1323; x_wconf 86' lang='grc' dir='ltr'><strong><em>τὸν</em></strong></span> <span class='ocrx_word' id='word_1_76' title='bbox 1088 1260 1225 1341; x_wconf 80' lang='grc' dir='ltr'><strong><em>φανέντα</em></strong></span> 
     </span>
     <span class='ocr_line' id='line_1_10' title="bbox 104 1364 1224 1449; baseline -0.004 -20"><span class='ocrx_word' id='word_1_77' title='bbox 104 1367 203 1429; x_wconf 86' lang='grc' dir='ltr'><strong><em>τύπον</em></strong></span> <span class='ocrx_word' id='word_1_78' title='bbox 231 1367 320 1449; x_wconf 72' lang='grc' dir='ltr'><strong><em>αὐτῷ</em></strong></span> <span class='ocrx_word' id='word_1_79' title='bbox 345 1366 399 1429; x_wconf 82' lang='grc' dir='ltr'><strong><em>καί</em></strong></span> <span class='ocrx_word' id='word_1_80' title='bbox 427 1372 534 1429; x_wconf 84' lang='grc' dir='ltr'><strong><em>τοῦτον</em></strong></span> <span class='ocrx_word' id='word_1_81' title='bbox 561 1365 709 1434; x_wconf 79' lang='grc' dir='ltr'><strong><em>κελεύσας</em></strong></span> <span class='ocrx_word' id='word_1_82' title='bbox 735 1371 791 1445; x_wconf 88' lang='grc' dir='ltr'><strong><em>τῆς</em></strong></span> <span class='ocrx_word' id='word_1_83' title='bbox 817 1369 959 1444; x_wconf 84' lang='grc' dir='ltr'><strong><em>στρατιᾶς</em></strong></span> <span class='ocrx_word' id='word_1_84' title='bbox 982 1364 1079 1427; x_wconf 83' lang='grc' dir='ltr'><strong><em>αὐτοῦ</em></strong></span> <span class='ocrx_word' id='word_1_85' title='bbox 1101 1386 1224 1445; x_wconf 83' lang='grc' dir='ltr'><strong><em>προπο-</em></strong></span> 
     </span>
     <span class='ocr_line' id='line_1_11' title="bbox 67 1464 1225 1550; baseline -0.003 -18"><span class='ocrx_word' id='word_1_86' title='bbox 67 1470 266 1550; x_wconf 85' lang='grc' dir='ltr'><strong><em>1ορεύεσθαι,</em></strong></span> <span class='ocrx_word' id='word_1_87' title='bbox 301 1474 364 1539; x_wconf 85' lang='grc' dir='ltr'><strong><em>τοῖς</em></strong></span> <span class='ocrx_word' id='word_1_88' title='bbox 386 1474 441 1533; x_wconf 82' lang='grc' dir='ltr'><strong><em>τοῦ</em></strong></span> <span class='ocrx_word' id='word_1_89' title='bbox 465 1467 642 1541; x_wconf 86' lang='grc' dir='ltr'><strong><em>Μαξεντίου</em></strong></span> <span class='ocrx_word' id='word_1_90' title='bbox 666 1467 875 1549; x_wconf 83' lang='grc' dir='ltr'><strong><em>συρρήγνυται</em></strong></span> <span class='ocrx_word' id='word_1_91' title='bbox 897 1465 951 1528; x_wconf 78' lang='grc' dir='ltr'><strong><em>καί</em></strong></span> <span class='ocrx_word' id='word_1_92' title='bbox 973 1466 1143 1549; x_wconf 80' lang='grc' dir='ltr'><strong><em>ὑπεριερεῖ,</em></strong></span> <span class='ocrx_word' id='word_1_93' title='bbox 1178 1464 1225 1535; x_wconf 84' lang='grc' dir='ltr'><strong><em>ὥς</em></strong></span> 
     </span>
     <span class='ocr_line' id='line_1_12' title="bbox 103 1566 1225 1652; baseline -0.003 -20"><span class='ocrx_word' id='word_1_94' title='bbox 103 1570 177 1642; x_wconf 86' lang='grc' dir='ltr'><strong><em>τοὺς</em></strong></span> <span class='ocrx_word' id='word_1_95' title='bbox 198 1571 325 1641; x_wconf 87' lang='grc' dir='ltr'><strong><em>πλείους</em></strong></span> <span class='ocrx_word' id='word_1_96' title='bbox 347 1576 412 1635; x_wconf 81' lang='grc' dir='ltr'><strong><em>τῶν</em></strong></span> <span class='ocrx_word' id='word_1_97' title='bbox 434 1566 487 1635; x_wconf 80' lang='grc' dir='ltr'><strong><em>ὑπ’</em></strong></span> <span class='ocrx_word' id='word_1_98' title='bbox 512 1571 621 1652; x_wconf 77' lang='grc' dir='ltr'><strong><em>ἐκείνῳ</em></strong></span> <span class='ocrx_word' id='word_1_99' title='bbox 645 1570 901 1651; x_wconf 80' lang='grc' dir='ltr'><strong><em>στρατευομένων</em></strong></span> <span class='ocrx_word' id='word_1_100' title='bbox 916 1568 1128 1649; x_wconf 77' lang='grc' dir='ltr'><strong><em>ἀναιρεθῆναι,</em></strong></span> <span class='ocrx_word' id='word_1_101' title='bbox 1151 1566 1225 1637; x_wconf 82' lang='grc' dir='ltr'><strong><em>τοὺς</em></strong></span> 
     </span>
     <span class='ocr_line' id='line_1_13' title="bbox 104 1666 1269 1756; baseline -0.003 -21"><span class='ocrx_word' id='word_1_102' title='bbox 104 1673 137 1735; x_wconf 78' lang='grc' dir='ltr'><strong><em>δὲ</em></strong></span> <span class='ocrx_word' id='word_1_103' title='bbox 160 1670 292 1742; x_wconf 84' lang='grc' dir='ltr'><strong><em>λοιποὺς</em></strong></span> <span class='ocrx_word' id='word_1_104' title='bbox 314 1674 357 1743; x_wconf 88' lang='grc' dir='ltr'><strong><em>είς</em></strong></span> <span class='ocrx_word' id='word_1_105' title='bbox 380 1672 485 1756; x_wconf 80' lang='grc' dir='ltr'><strong><em>φυγὴν</em></strong></span> <span class='ocrx_word' id='word_1_106' title='bbox 508 1671 634 1737; x_wconf 76' lang='grc' dir='ltr'><strong><em>ἀπιδεῖν.</em></strong></span> <span class='ocrx_word' id='word_1_107' title='bbox 673 1670 720 1741; x_wconf 82' lang='grc' dir='ltr'><strong><em>οἷς</em></strong></span> <span class='ocrx_word' id='word_1_108' title='bbox 738 1670 793 1733; x_wconf 82' lang='grc' dir='ltr'><strong><em>καί</em></strong></span> <span class='ocrx_word' id='word_1_109' title='bbox 807 1670 936 1740; x_wconf 70' lang='grc' dir='ltr'><strong><em>αι’ντὸςὸ</em></strong></span> <span class='ocrx_word' id='word_1_110' title='bbox 961 1666 1269 1743; x_wconf 56' lang='lat' dir='ltr'><strong>Mutationem-12</strong></span> 
     </span>
     <span class='ocr_line' id='line_1_14' title="bbox 104 1770 1223 1857; baseline -0.004 -18"><span class='ocrx_word' id='word_1_111' title='bbox 104 1776 354 1857; x_wconf 83' lang='grc' dir='ltr'><strong><em>αποθιθρύσκων</em></strong></span> <span class='ocrx_word' id='word_1_112' title='bbox 376 1776 429 1838; x_wconf 83' lang='grc' dir='ltr'><strong><em>καλ</em></strong></span> <span class='ocrx_word' id='word_1_113' title='bbox 453 1776 486 1837; x_wconf 83' lang='grc' dir='ltr'><strong><em>έν</em></strong></span> <span class='ocrx_word' id='word_1_114' title='bbox 512 1782 549 1857; x_wconf 81' lang='grc' dir='ltr'><strong><em>τῇ</em></strong></span> <span class='ocrx_word' id='word_1_115' title='bbox 577 1774 700 1857; x_wconf 81' lang='grc' dir='ltr'><strong><em>γεφύρᾳ</em></strong></span> <span class='ocrx_word' id='word_1_116' title='bbox 728 1773 896 1855; x_wconf 87' lang='grc' dir='ltr'><strong><em>γενόμενος</em></strong></span> <span class='ocrx_word' id='word_1_117' title='bbox 921 1778 977 1835; x_wconf 84' lang='grc' dir='ltr'><strong><em>τοῦ</em></strong></span> <span class='ocrx_word' id='word_1_118' title='bbox 1003 1770 1163 1854; x_wconf 84' lang='grc' dir='ltr'><strong><em>Τιβέριθος</em></strong></span> <span class='ocrx_word' id='word_1_119' title='bbox 1185 1776 1223 1855; x_wconf 85' lang='grc' dir='ltr'><strong><em>τῇ</em></strong></span> 
     </span>
     <span class='ocr_line' id='line_1_15' title="bbox 104 1874 1223 1960; baseline -0.004 -20"><span class='ocrx_word' id='word_1_120' title='bbox 104 1878 285 1959; x_wconf 76' lang='grc' dir='ltr'><strong><em>καλουμένῃ</em></strong></span> <span class='ocrx_word' id='word_1_121' title='bbox 309 1877 462 1960; x_wconf 73' lang='grc' dir='ltr'><strong><em>Βουλβίιγ,</em></strong></span> <span class='ocrx_word' id='word_1_122' title='bbox 496 1876 553 1941; x_wconf 85' lang='grc' dir='ltr'><strong><em>σίν</em></strong></span> <span class='ocrx_word' id='word_1_123' title='bbox 579 1883 626 1959; x_wconf 77' lang='grc' dir='ltr'><strong><em>τῷ</em></strong></span> <span class='ocrx_word' id='word_1_124' title='bbox 652 1876 739 1957; x_wconf 86' lang='grc' dir='ltr'><strong><em>ίππῳ</em></strong></span> <span class='ocrx_word' id='word_1_125' title='bbox 766 1874 846 1938; x_wconf 86' lang='grc' dir='ltr'><strong><em>κατὰ</em></strong></span> <span class='ocrx_word' id='word_1_126' title='bbox 878 1881 934 1937; x_wconf 83' lang='grc' dir='ltr'><strong><em>τοῦ</em></strong></span> <span class='ocrx_word' id='word_1_127' title='bbox 965 1879 1110 1955; x_wconf 87' lang='grc' dir='ltr'><strong><em>ποταμοῦ</em></strong></span> <span class='ocrx_word' id='word_1_128' title='bbox 1143 1874 1223 1947; x_wconf 79' lang='grc' dir='ltr'><em>ἔξω·</em></span> 
     </span>
     <span class='ocr_line' id='line_1_16' title="bbox 67 1975 1268 2063; baseline 0 -22"><span class='ocrx_word' id='word_1_129' title='bbox 67 1980 233 2063; x_wconf 79' lang='grc' dir='ltr'><strong><em>15λίαθησε</em></strong></span> <span class='ocrx_word' id='word_1_130' title='bbox 259 1980 313 2043; x_wconf 79' lang='grc' dir='ltr'><strong><em>καί</em></strong></span> <span class='ocrx_word' id='word_1_131' title='bbox 340 1979 490 2043; x_wconf 75' lang='grc' dir='ltr'><strong><em>ἀπώλετο.</em></strong></span> <span class='ocrx_word' id='word_1_132' title='bbox 536 1978 589 2042; x_wconf 82' lang='grc' dir='ltr'><strong><em>καί</em></strong></span> <span class='ocrx_word' id='word_1_133' title='bbox 612 1978 631 2041; x_wconf 84' lang='grc' dir='ltr'>ὁ</span> <span class='ocrx_word' id='word_1_134' title='bbox 652 1977 711 2059; x_wconf 77' lang='grc' dir='ltr'><strong><em>μέν</em></strong></span> <span class='ocrx_word' id='word_1_135' title='bbox 734 1978 819 2041; x_wconf 80' lang='grc' dir='ltr'><strong><em>οθιω</em></strong></span> <span class='ocrx_word' id='word_1_136' title='bbox 843 1977 1031 2059; x_wconf 76' lang='grc' dir='ltr'><strong><em>διέφθαρτο·</em></strong></span> <span class='ocrx_word' id='word_1_137' title='bbox 1077 1976 1108 2039; x_wconf 78' lang='grc' dir='ltr'><strong><em>οἱ</em></strong></span> <span class='ocrx_word' id='word_1_138' title='bbox 1130 1975 1167 2039; x_wconf 78' lang='grc' dir='ltr'><strong><em>δέ</em></strong></span> <span class='ocrx_word' id='word_1_139' title='bbox 1189 1999 1223 2057; x_wconf 90' lang='grc' dir='ltr'><strong><em>γε</em></strong></span> <span class='ocrx_word' id='word_1_140' title='bbox 1234 1986 1268 2041; x_wconf 82' lang='grc'><strong><em>13</em></strong></span> 
     </span>
     <span class='ocr_line' id='line_1_17' title="bbox 100 2079 1223 2165; baseline -0.004 -19"><span class='ocrx_word' id='word_1_141' title='bbox 100 2081 251 2165; x_wconf 85' lang='grc' dir='ltr'><strong><em>Ῥωμαῖοι</em></strong></span> <span class='ocrx_word' id='word_1_142' title='bbox 273 2088 328 2165; x_wconf 85' lang='grc' dir='ltr'><strong><em>τῆς</em></strong></span> <span class='ocrx_word' id='word_1_143' title='bbox 350 2082 471 2145; x_wconf 80' lang='grc' dir='ltr'><strong><em>ἐκείνου</em></strong></span> <span class='ocrx_word' id='word_1_144' title='bbox 498 2081 681 2163; x_wconf 79' lang='grc' dir='ltr'><strong><em>τυραννίδος</em></strong></span> <span class='ocrx_word' id='word_1_145' title='bbox 708 2080 933 2162; x_wconf 77' lang='grc' dir='ltr'><strong><em>ἀπαλλαγέντες</em></strong></span> <span class='ocrx_word' id='word_1_146' title='bbox 960 2079 1015 2151; x_wconf 84' lang='grc' dir='ltr'><strong><em>τὰς</em></strong></span> <span class='ocrx_word' id='word_1_147' title='bbox 1041 2080 1142 2150; x_wconf 87' lang='grc' dir='ltr'><strong><em>πύλας</em></strong></span> <span class='ocrx_word' id='word_1_148' title='bbox 1168 2084 1223 2163; x_wconf 85' lang='grc' dir='ltr'><strong><em>τῆς</em></strong></span> 
     </span>
    </p>
   </div>
   <div class='ocr_carea' id='block_1_3' title="bbox 101 2271 1223 2417">
    <p class='ocr_par' dir='ltr' id='par_1_3' title="bbox 101 2271 1223 2417">
     <span class='ocr_line' id='line_1_18' title="bbox 101 2271 1223 2347; baseline 0 -18"><span class='ocrx_word' id='word_1_149' title='bbox 101 2277 120 2329; x_wconf 81' lang='lat'>4</span> <span class='ocrx_word' id='word_1_150' title='bbox 141 2276 204 2345; x_wconf 81' lang='grc' dir='ltr'><strong><em>περὶ</em></strong></span> <span class='ocrx_word' id='word_1_151' title='bbox 226 2282 273 2331; x_wconf 84' lang='grc' dir='ltr'><strong><em>τοῦ</em></strong></span> <span class='ocrx_word' id='word_1_152' title='bbox 296 2277 423 2345; x_wconf 82' lang='grc' dir='ltr'><strong><em>φανέντος</em></strong></span> <span class='ocrx_word' id='word_1_153' title='bbox 444 2284 482 2345; x_wconf 79' lang='grc' dir='ltr'><strong><em>τῷ</em></strong></span> <span class='ocrx_word' id='word_1_154' title='bbox 505 2276 610 2347; x_wconf 80' lang='grc' dir='ltr'><strong><em>μεγάλῳ</em></strong></span> <span class='ocrx_word' id='word_1_155' title='bbox 629 2277 820 2344; x_wconf 81' lang='grc' dir='ltr'><strong><em>Κωνσταντίνφ</em></strong></span> <span class='ocrx_word' id='word_1_156' title='bbox 844 2274 878 2328; x_wconf 78' lang='grc' dir='ltr'><strong><em>δι’</em></strong></span> <span class='ocrx_word' id='word_1_157' title='bbox 902 2274 1019 2344; x_wconf 78' lang='grc' dir='ltr'><strong><em>ἀστέρων</em></strong></span> <span class='ocrx_word' id='word_1_158' title='bbox 1042 2280 1155 2343; x_wconf 78' lang='grc' dir='ltr'><strong><em>σταυροῦ</em></strong></span> <span class='ocrx_word' id='word_1_159' title='bbox 1175 2271 1223 2329; x_wconf 76' lang='grc' dir='ltr'><strong><em>ΟΕ</em></strong></span> 
     </span>
     <span class='ocr_line' id='line_1_19' title="bbox 103 2346 993 2417; baseline -0.002 -15"><span class='ocrx_word' id='word_1_160' title='bbox 103 2349 147 2403; x_wconf 82' lang='grc' dir='ltr'><strong><em>καί</em></strong></span> <span class='ocrx_word' id='word_1_161' title='bbox 167 2350 241 2409; x_wconf 81' lang='grc' dir='ltr'><strong><em>ὅπως</em></strong></span> <span class='ocrx_word' id='word_1_162' title='bbox 259 2347 377 2404; x_wconf 79' lang='grc' dir='ltr'><strong><em>ἀπώλετο</em></strong></span> <span class='ocrx_word' id='word_1_163' title='bbox 395 2349 411 2401; x_wconf 83' lang='grc' dir='ltr'>ὁ</span> <span class='ocrx_word' id='word_1_164' title='bbox 429 2348 574 2413; x_wconf 85' lang='grc' dir='ltr'><strong><em>Μαξέντιος</em></strong></span> <span class='ocrx_word' id='word_1_165' title='bbox 594 2346 624 2416; x_wconf 83' lang='lat' dir='ltr'><strong><em>C,</em></strong></span> <span class='ocrx_word' id='word_1_166' title='bbox 644 2346 781 2417; x_wconf 78' lang='grc' dir='ltr'><strong><em>διαφθορὰ</em></strong></span> <span class='ocrx_word' id='word_1_167' title='bbox 799 2348 949 2411; x_wconf 78' lang='grc' dir='ltr'><strong><em>Μαξεντίου</em></strong></span> <span class='ocrx_word' id='word_1_168' title='bbox 969 2346 993 2401; x_wconf 84' lang='grc' dir='ltr'>Ε</span> 
     </span>
    </p>
   </div>
   <div class='ocr_carea' id='block_1_4' title="bbox 156 2537 1222 2827">
    <p class='ocr_par' dir='ltr' id='par_1_4' title="bbox 156 2537 1222 2827">
     <span class='ocr_line' id='line_1_20' title="bbox 158 2537 1222 2610; baseline -0.001 -14"><span class='ocrx_word' id='word_1_169' title='bbox 158 2542 173 2596; x_wconf 90' lang='lat'>1</span> <span class='ocrx_word' id='word_1_170' title='bbox 193 2541 240 2597; x_wconf 79' lang='grc' dir='ltr'><strong><em>καί</em></strong></span> <span class='ocrx_word' id='word_1_171' title='bbox 258 2541 407 2610; x_wconf 81' lang='grc' dir='ltr'><strong><em>σκώμματα</em></strong></span> <span class='ocrx_word' id='word_1_172' title='bbox 424 2541 482 2597; x_wconf 83' lang='grc' dir='ltr'><strong><em>κατ’</em></strong></span> <span class='ocrx_word' id='word_1_173' title='bbox 501 2542 582 2598; x_wconf 80' lang='grc' dir='ltr'><strong><em>αὐτοῦ</em></strong></span> <span class='ocrx_word' id='word_1_174' title='bbox 592 2542 757 2597; x_wconf 85' lang='grc' dir='ltr'><strong><em>πεποιεΐσθαι</em></strong></span> <span class='ocrx_word' id='word_1_175' title='bbox 771 2540 825 2596; x_wconf 85' lang='grc' dir='ltr'><strong><em>ύπύ</em></strong></span> <span class='ocrx_word' id='word_1_176' title='bbox 836 2561 915 2595; x_wconf 89' lang='grc' dir='ltr'><strong><em>τινων</em></strong></span> <span class='ocrx_word' id='word_1_177' title='bbox 934 2538 995 2608; x_wconf 79' lang='grc' dir='ltr'><strong><em>ΑΕ,</em></strong></span> <span class='ocrx_word' id='word_1_178' title='bbox 1014 2537 1060 2595; x_wconf 84' lang='grc' dir='ltr'><strong><em>καί</em></strong></span> <span class='ocrx_word' id='word_1_179' title='bbox 1072 2539 1222 2609; x_wconf 83' lang='grc' dir='ltr'><strong><em>σκώμματα</em></strong></span> 
     </span>
     <span class='ocr_line' id='line_1_21' title="bbox 157 2611 1222 2682; baseline -0.003 -14"><span class='ocrx_word' id='word_1_180' title='bbox 157 2613 201 2668; x_wconf 75' lang='grc' dir='ltr'><strong><em>διὰ</em></strong></span> <span class='ocrx_word' id='word_1_181' title='bbox 224 2620 303 2678; x_wconf 53' lang='grc' dir='ltr'><strong><em>τοῦτο,</em></strong></span> <span class='ocrx_word' id='word_1_182' title='bbox 325 2613 384 2668; x_wconf 79' lang='grc' dir='ltr'><strong><em>κατ’</em></strong></span> <span class='ocrx_word' id='word_1_183' title='bbox 409 2614 488 2669; x_wconf 73' lang='grc' dir='ltr'><strong><em>αὐτοῦ</em></strong></span> <span class='ocrx_word' id='word_1_184' title='bbox 513 2615 673 2682; x_wconf 71' lang='grc' dir='ltr'><strong><em>πεποιῆσθαι</em></strong></span> <span class='ocrx_word' id='word_1_185' title='bbox 697 2615 750 2668; x_wconf 84' lang='grc' dir='ltr'><strong><em>ύπύ</em></strong></span> <span class='ocrx_word' id='word_1_186' title='bbox 772 2633 851 2668; x_wconf 84' lang='grc' dir='ltr'><strong><em>τινων</em></strong></span> <span class='ocrx_word' id='word_1_187' title='bbox 869 2613 904 2681; x_wconf 86' lang='lat' dir='ltr'><strong><em>R,</em></strong></span> <span class='ocrx_word' id='word_1_188' title='bbox 932 2613 977 2667; x_wconf 77' lang='grc' dir='ltr'><strong><em>καί</em></strong></span> <span class='ocrx_word' id='word_1_189' title='bbox 996 2614 1144 2682; x_wconf 86' lang='grc' dir='ltr'><strong><em>σκώμματα</em></strong></span> <span class='ocrx_word' id='word_1_190' title='bbox 1163 2611 1222 2666; x_wconf 84' lang='grc' dir='ltr'><strong><em>κατ’</em></strong></span> 
     </span>
     <span class='ocr_line' id='line_1_22' title="bbox 157 2683 1222 2776; baseline -0.002 -36"><span class='ocrx_word' id='word_1_191' title='bbox 157 2685 238 2740; x_wconf 81' lang='grc' dir='ltr'><strong><em>αὐτοῦ</em></strong></span> <span class='ocrx_word' id='word_1_192' title='bbox 261 2687 315 2739; x_wconf 86' lang='grc' dir='ltr'><strong><em>ύπύ</em></strong></span> <span class='ocrx_word' id='word_1_193' title='bbox 338 2707 415 2739; x_wconf 79' lang='grc' dir='ltr'><strong><em>τινων</em></strong></span> <span class='ocrx_word' id='word_1_194' title='bbox 440 2684 484 2740; x_wconf 76' lang='grc' dir='ltr'><strong><em>διὰ</em></strong></span> <span class='ocrx_word' id='word_1_195' title='bbox 507 2695 582 2740; x_wconf 84' lang='grc' dir='ltr'><strong><em>τοῦτο</em></strong></span> <span class='ocrx_word' id='word_1_196' title='bbox 604 2685 763 2754; x_wconf 72' lang='grc' dir='ltr'><strong><em>πεποιῆσθαι</em></strong></span> <span class='ocrx_word' id='word_1_197' title='bbox 782 2683 819 2753; x_wconf 87' lang='lat' dir='ltr'><strong><em>D,</em></strong></span> <span class='ocrx_word' id='word_1_198' title='bbox 846 2684 892 2738; x_wconf 82' lang='grc' dir='ltr'><strong><em>καί</em></strong></span> <span class='ocrx_word' id='word_1_199' title='bbox 915 2684 960 2739; x_wconf 78' lang='grc' dir='ltr'><strong><em>διὰ</em></strong></span> <span class='ocrx_word' id='word_1_200' title='bbox 978 2691 1053 2738; x_wconf 84' lang='grc' dir='ltr'><strong><em>τοῦτο</em></strong></span> <span class='ocrx_word' id='word_1_201' title='bbox 1071 2684 1222 2776; x_wconf 80' lang='grc' dir='ltr'><strong><em>σκώμματα</em></strong></span> 
     </span>
     <span class='ocr_line' id='line_1_23' title="bbox 156 2755 1222 2827; baseline -0.001 -17"><span class='ocrx_word' id='word_1_202' title='bbox 156 2756 215 2810; x_wconf 70' lang='grc' dir='ltr'><strong><em>κατ’</em></strong></span> <span class='ocrx_word' id='word_1_203' title='bbox 234 2756 315 2812; x_wconf 82' lang='grc' dir='ltr'><strong><em>αύτοῦ</em></strong></span> <span class='ocrx_word' id='word_1_204' title='bbox 328 2758 380 2812; x_wconf 76' lang='grc' dir='ltr'><strong><em>ὑπό</em></strong></span> <span class='ocrx_word' id='word_1_205' title='bbox 394 2777 472 2812; x_wconf 84' lang='grc' dir='ltr'><strong><em>τινων</em></strong></span> <span class='ocrx_word' id='word_1_206' title='bbox 483 2759 644 2827; x_wconf 81' lang='grc' dir='ltr'><strong><em>πεποιῆσθαι</em></strong></span> <span class='ocrx_word' id='word_1_207' title='bbox 663 2773 710 2827; x_wconf 88' lang='lat' dir='ltr'><strong><em>wp</em></strong></span> <span class='ocrx_word' id='word_1_208' title='bbox 771 2756 789 2811; x_wconf 89' lang='grc'>3</span> <span class='ocrx_word' id='word_1_209' title='bbox 805 2757 939 2810; x_wconf 80' lang='grc' dir='ltr'><strong><em>έντποίοον</em></strong></span> <span class='ocrx_word' id='word_1_210' title='bbox 958 2755 1032 2826; x_wconf 80' lang='lat' dir='ltr'>pr</span> <span class='ocrx_word' id='word_1_211' title='bbox 1096 2756 1114 2809; x_wconf 84' lang='lat'>4</span> <span class='ocrx_word' id='word_1_212' title='bbox 1131 2776 1179 2810; x_wconf 83' lang='grc' dir='ltr'><strong><em>ουν</em></strong></span> <span class='ocrx_word' id='word_1_213' title='bbox 1198 2755 1222 2809; x_wconf 83' lang='grc' dir='ltr'>Ε</span> 
     </span>
    </p>
   </div>
   <div class='ocr_carea' id='block_1_5' title="bbox 154 2849 1222 3382">
    <p class='ocr_par' dir='ltr' id='par_1_5' title="bbox 154 2849 1222 3382">
     <span class='ocr_line' id='line_1_24' title="bbox 156 2849 1221 2960; baseline 0 -24"><span class='ocrx_word' id='word_1_214' title='bbox 156 2882 299 2960; x_wconf 59' lang='lat' dir='ltr'><strong>sumen</strong></span> <span class='ocrx_word' id='word_1_215' title='bbox 319 2849 820 2952; x_wconf 60' lang='lat' dir='ltr'><strong><em>na2s93⁷n‚s01s9wswpm</em></strong></span> <span class='ocrx_word' id='word_1_216' title='bbox 917 2883 942 2936; x_wconf 85' lang='lat' dir='ltr'><strong><em>s.</em></strong></span> <span class='ocrx_word' id='word_1_217' title='bbox 963 2883 979 2937; x_wconf 84' lang='grc' dir='ltr'><strong><em>ι</em></strong></span> <span class='ocrx_word' id='word_1_218' title='bbox 1015 2883 1061 2936; x_wconf 66' lang='grc' dir='ltr'><strong><em>ιιι</em></strong></span> <span class='ocrx_word' id='word_1_219' title='bbox 1079 2881 1167 2941; x_wconf 66' lang='lat' dir='ltr'><strong><em>asma</em></strong></span> <span class='ocrx_word' id='word_1_220' title='bbox 1187 2881 1221 2935; x_wconf 83' lang='grc' dir='ltr'><strong><em>ιι</em></strong></span> 
     </span>
     <span class='ocr_line' id='line_1_25' title="bbox 155 2953 1221 3024; baseline 0 -16"><span class='ocrx_word' id='word_1_221' title='bbox 155 2953 317 3023; x_wconf 62' lang='lat' dir='ltr'><strong>sozimi:</strong></span> <span class='ocrx_word' id='word_1_222' title='bbox 407 2955 582 3024; x_wconf 77' lang='grc' dir='ltr'><strong><em>8σχεθιάσας</em></strong></span> <span class='ocrx_word' id='word_1_223' title='bbox 600 2955 737 3009; x_wconf 84' lang='grc' dir='ltr'><strong><em>αύτίιιαΕ</em></strong></span> <span class='ocrx_word' id='word_1_224' title='bbox 824 2954 936 3009; x_wconf 59' lang='lat' dir='ltr'><strong>{laedae</strong></span> <span class='ocrx_word' id='word_1_225' title='bbox 954 2953 981 3008; x_wconf 88' lang='grc' dir='ltr'><strong><em>Ι)</em></strong></span> <span class='ocrx_word' id='word_1_226' title='bbox 1061 2954 1221 3022; x_wconf 80' lang='grc' dir='ltr'><strong><em>πορεύεσθαι</em></strong></span> 
     </span>
     <span class='ocr_line' id='line_1_26' title="bbox 156 3023 1222 3095; baseline 0 -16"><span class='ocrx_word' id='word_1_227' title='bbox 156 3025 192 3094; x_wconf 85' lang='grc' dir='ltr'><strong><em>Ι),</em></strong></span> <span class='ocrx_word' id='word_1_228' title='bbox 213 3041 288 3080; x_wconf 83' lang='lat' dir='ltr'><strong>corr.</strong></span> <span class='ocrx_word' id='word_1_229' title='bbox 309 3024 361 3084; x_wconf 83' lang='lat' dir='ltr'><strong><em>Dw</em></strong></span> <span class='ocrx_word' id='word_1_230' title='bbox 446 3028 480 3081; x_wconf 91' lang='grc'><strong><em>10</em></strong></span> <span class='ocrx_word' id='word_1_231' title='bbox 496 3029 614 3095; x_wconf 81' lang='grc' dir='ltr'><strong><em>μαξίμου</em></strong></span> <span class='ocrx_word' id='word_1_232' title='bbox 634 3025 670 3094; x_wconf 87' lang='lat' dir='ltr'><strong><em>D,</em></strong></span> <span class='ocrx_word' id='word_1_233' title='bbox 690 3042 767 3080; x_wconf 87' lang='lat' dir='ltr'><strong>corr.</strong></span> <span class='ocrx_word' id='word_1_234' title='bbox 782 3026 848 3080; x_wconf 81' lang='lat' dir='ltr'><strong>ead.</strong></span> <span class='ocrx_word' id='word_1_235' title='bbox 862 3041 900 3080; x_wconf 88' lang='lat' dir='ltr'><strong><em>m.</em></strong></span> <span class='ocrx_word' id='word_1_236' title='bbox 973 3025 1150 3095; x_wconf 85' lang='grc' dir='ltr'><strong><em>συρρύγνητσιι</em></strong></span> <span class='ocrx_word' id='word_1_237' title='bbox 1165 3023 1222 3079; x_wconf 85' lang='lat' dir='ltr'><strong><em>Dw</em></strong></span> 
     </span>
     <span class='ocr_line' id='line_1_27' title="bbox 157 3097 1222 3169; baseline 0.001 -19"><span class='ocrx_word' id='word_1_238' title='bbox 157 3099 190 3151; x_wconf 89' lang='grc'><strong><em>11</em></strong></span> <span class='ocrx_word' id='word_1_239' title='bbox 209 3098 314 3158; x_wconf 76' lang='grc' dir='ltr'><strong><em>πλείους</em></strong></span> <span class='ocrx_word' id='word_1_240' title='bbox 333 3097 386 3151; x_wconf 85' lang='lat' dir='ltr'><strong><em>AR</em></strong></span> <span class='ocrx_word' id='word_1_241' title='bbox 405 3099 454 3162; x_wconf 84' lang='lat' dir='ltr'><strong>(el.</strong></span> <span class='ocrx_word' id='word_1_242' title='bbox 474 3097 608 3169; x_wconf 85' lang='lat' dir='ltr'><strong>Theoph.</strong></span> <span class='ocrx_word' id='word_1_243' title='bbox 627 3115 656 3169; x_wconf 87' lang='lat' dir='ltr'><strong><em>p.</em></strong></span> <span class='ocrx_word' id='word_1_244' title='bbox 678 3098 718 3165; x_wconf 84' lang='lat'><strong><em>14,</em></strong></span> <span class='ocrx_word' id='word_1_245' title='bbox 738 3097 766 3158; x_wconf 80' lang='grc'><strong><em>7)</em></strong></span> <span class='ocrx_word' id='word_1_246' title='bbox 793 3099 844 3152; x_wconf 90' lang='lat' dir='ltr'><strong><em>Wo</em></strong></span> <span class='ocrx_word' id='word_1_247' title='bbox 863 3098 928 3152; x_wconf 82' lang='lat' dir='ltr'><strong>lat:</strong></span> <span class='ocrx_word' id='word_1_248' title='bbox 946 3099 1061 3153; x_wconf 86' lang='lat' dir='ltr'><strong>maiore</strong></span> <span class='ocrx_word' id='word_1_249' title='bbox 1081 3137 1088 3150; x_wconf 90' lang='lat'><em>.</em></span> <span class='ocrx_word' id='word_1_250' title='bbox 1109 3137 1115 3151; x_wconf 92' lang='lat'><strong>.</strong></span> <span class='ocrx_word' id='word_1_251' title='bbox 1134 3102 1222 3166; x_wconf 87' lang='lat' dir='ltr'><strong>parte</strong></span> 
     </span>
     <span class='ocr_line' id='line_1_28' title="bbox 156 3169 1221 3240; baseline -0.001 -17"><span class='ocrx_word' id='word_1_252' title='bbox 156 3208 181 3223; x_wconf 85' lang='lat'><strong><em>..</em></strong></span> <span class='ocrx_word' id='word_1_253' title='bbox 202 3183 301 3237; x_wconf 65' lang='lat' dir='ltr'><strong>mesa,</strong></span> <span class='ocrx_word' id='word_1_254' title='bbox 318 3169 453 3229; x_wconf 85' lang='grc' dir='ltr'><strong><em>πλείστους</em></strong></span> <span class='ocrx_word' id='word_1_255' title='bbox 467 3169 531 3240; x_wconf 86' lang='lat' dir='ltr'><strong><em>w*p</em></strong></span> <span class='ocrx_word' id='word_1_256' title='bbox 604 3170 706 3224; x_wconf 71' lang='grc' dir='ltr'><strong><em>ἐκείνου</em></strong></span> <span class='ocrx_word' id='word_1_257' title='bbox 719 3169 796 3240; x_wconf 82' lang='lat' dir='ltr'><strong>pr</strong></span> <span class='ocrx_word' id='word_1_258' title='bbox 870 3169 904 3223; x_wconf 81' lang='lat'><strong><em>12</em></strong></span> <span class='ocrx_word' id='word_1_259' title='bbox 923 3169 1050 3239; x_wconf 85' lang='grc' dir='ltr'><strong><em>φυγεῖνΒ</em></strong></span> <span class='ocrx_word' id='word_1_260' title='bbox 1123 3169 1158 3222; x_wconf 85' lang='grc'><strong><em>13</em></strong></span> <span class='ocrx_word' id='word_1_261' title='bbox 1176 3175 1221 3236; x_wconf 81' lang='grc' dir='ltr'><strong><em>τῆς</em></strong></span> 
     </span>
     <span class='ocr_line' id='line_1_29' title="bbox 155 3240 1220 3312; baseline 0 -18"><span class='ocrx_word' id='word_1_262' title='bbox 155 3240 337 3310; x_wconf 76' lang='grc' dir='ltr'><strong><em>ιιβιριάδοςΕ</em></strong></span> <span class='ocrx_word' id='word_1_263' title='bbox 420 3241 453 3294; x_wconf 81' lang='grc'><strong><em>14</em></strong></span> <span class='ocrx_word' id='word_1_264' title='bbox 469 3242 582 3312; x_wconf 66' lang='lat' dir='ltr'><strong>desidia</strong></span> <span class='ocrx_word' id='word_1_265' title='bbox 600 3241 654 3296; x_wconf 79' lang='lat' dir='ltr'><strong>Ait</strong></span> <span class='ocrx_word' id='word_1_266' title='bbox 673 3247 703 3297; x_wconf 83' lang='lat' dir='ltr'><strong><em>et</em></strong></span> <span class='ocrx_word' id='word_1_267' title='bbox 722 3247 866 3311; x_wconf 89' lang='lat' dir='ltr'><strong>quattuor</strong></span> <span class='ocrx_word' id='word_1_268' title='bbox 885 3241 917 3307; x_wconf 90' lang='grc' dir='ltr'><strong><em>Ρ,</em></strong></span> <span class='ocrx_word' id='word_1_269' title='bbox 938 3241 1031 3311; x_wconf 71' lang='grc' dir='ltr'><strong><em>μιλβῆ</em></strong></span> <span class='ocrx_word' id='word_1_270' title='bbox 1049 3257 1110 3310; x_wconf 85' lang='lat' dir='ltr'><strong><em>wp:</em></strong></span> <span class='ocrx_word' id='word_1_271' title='bbox 1129 3241 1220 3295; x_wconf 86' lang='lat' dir='ltr'><strong>immo</strong></span> 
     </span>
     <span class='ocr_line' id='line_1_30' title="bbox 154 3310 1220 3382; baseline 0 -16"><span class='ocrx_word' id='word_1_272' title='bbox 154 3313 278 3381; x_wconf 74' lang='grc' dir='ltr'><strong><em>μουλβίᾳ.</em></strong></span> <span class='ocrx_word' id='word_1_273' title='bbox 315 3311 376 3366; x_wconf 86' lang='lat' dir='ltr'><strong><em>Sed</em></strong></span> <span class='ocrx_word' id='word_1_274' title='bbox 394 3329 422 3365; x_wconf 81' lang='grc' dir='ltr'><strong><em>ν.</em></strong></span> <span class='ocrx_word' id='word_1_275' title='bbox 442 3314 535 3367; x_wconf 85' lang='lat' dir='ltr'><strong>vitam</strong></span> <span class='ocrx_word' id='word_1_276' title='bbox 554 3313 759 3382; x_wconf 84' lang='lat' dir='ltr'><strong>Metrophanis</strong></span> <span class='ocrx_word' id='word_1_277' title='bbox 778 3318 808 3367; x_wconf 89' lang='lat' dir='ltr'><strong><em>et</em></strong></span> <span class='ocrx_word' id='word_1_278' title='bbox 821 3310 990 3368; x_wconf 76' lang='lat' dir='ltr'><strong>Alexandri</strong></span> <span class='ocrx_word' id='word_1_279' title='bbox 1008 3328 1028 3366; x_wconf 92' lang='lat' dir='ltr'><strong>a</strong></span> <span class='ocrx_word' id='word_1_280' title='bbox 1040 3310 1220 3367; x_wconf 79' lang='lat' dir='ltr'><strong>combefisio</strong></span> 
     </span>
    </p>
   </div>
   <div class='ocr_carea' id='block_1_6' title="bbox 156 3383 1221 3525">
    <p class='ocr_par' dir='ltr' id='par_1_6' title="bbox 156 3383 1221 3525">
     <span class='ocr_line' id='line_1_31' title="bbox 156 3383 1221 3454; baseline 0 -18"><span class='ocrx_word' id='word_1_281' title='bbox 156 3385 188 3438; x_wconf 91' lang='lat' dir='ltr'><strong>in</strong></span> <span class='ocrx_word' id='word_1_282' title='bbox 212 3383 277 3438; x_wconf 82' lang='lat' dir='ltr'><strong>bist.</strong></span> <span class='ocrx_word' id='word_1_283' title='bbox 301 3383 417 3439; x_wconf 80' lang='lat' dir='ltr'><strong>haeres.</strong></span> <span class='ocrx_word' id='word_1_284' title='bbox 436 3383 596 3440; x_wconf 86' lang='lat' dir='ltr'><strong>Monotbsl.</strong></span> <span class='ocrx_word' id='word_1_285' title='bbox 618 3385 728 3440; x_wconf 86' lang='lat' dir='ltr'><strong>editam</strong></span> <span class='ocrx_word' id='word_1_286' title='bbox 748 3400 777 3454; x_wconf 87' lang='lat' dir='ltr'><strong><em>p.</em></strong></span> <span class='ocrx_word' id='word_1_287' title='bbox 795 3383 881 3440; x_wconf 75' lang='lat'><strong>5760</strong></span> <span class='ocrx_word' id='word_1_288' title='bbox 904 3387 935 3439; x_wconf 88' lang='lat' dir='ltr'><strong><em>et</em></strong></span> <span class='ocrx_word' id='word_1_289' title='bbox 954 3399 973 3438; x_wconf 88' lang='lat' dir='ltr'><strong>a</strong></span> <span class='ocrx_word' id='word_1_290' title='bbox 991 3383 1098 3438; x_wconf 88' lang='lat' dir='ltr'><strong>Photio</strong></span> <span class='ocrx_word' id='word_1_291' title='bbox 1119 3397 1221 3438; x_wconf 83' lang='lat' dir='ltr'><strong>exaer-</strong></span> 
     </span>
     <span class='ocr_line' id='line_1_32' title="bbox 156 3453 1221 3525; baseline -0.001 -16"><span class='ocrx_word' id='word_1_292' title='bbox 156 3459 239 3525; x_wconf 80' lang='lat' dir='ltr'><strong>ptam</strong></span> <span class='ocrx_word' id='word_1_293' title='bbox 258 3471 287 3525; x_wconf 88' lang='lat' dir='ltr'><strong><em>p.</em></strong></span> <span class='ocrx_word' id='word_1_294' title='bbox 297 3455 370 3512; x_wconf 78' lang='lat' dir='ltr'><strong>lilla</strong></span> <span class='ocrx_word' id='word_1_295' title='bbox 389 3455 424 3510; x_wconf 76' lang='lat'><strong><em>25</em></strong></span> <span class='ocrx_word' id='word_1_296' title='bbox 443 3455 537 3510; x_wconf 87' lang='lat' dir='ltr'><strong>Bekk.</strong></span> <span class='ocrx_word' id='word_1_297' title='bbox 630 3457 663 3510; x_wconf 89' lang='grc'><strong><em>16</em></strong></span> <span class='ocrx_word' id='word_1_298' title='bbox 682 3454 726 3515; x_wconf 79' lang='grc' dir='ltr'><strong><em>τὰς</em></strong></span> <span class='ocrx_word' id='word_1_299' title='bbox 735 3457 819 3516; x_wconf 78' lang='grc' dir='ltr'><strong><em>πύλας</em></strong></span> <span class='ocrx_word' id='word_1_300' title='bbox 837 3487 870 3495; x_wconf 98' lang='grc'>-</span> <span class='ocrx_word' id='word_1_301' title='bbox 891 3472 919 3525; x_wconf 89' lang='lat' dir='ltr'><strong><em>p.</em></strong></span> <span class='ocrx_word' id='word_1_302' title='bbox 929 3455 982 3525; x_wconf 82' lang='lat'><strong><em>4,1</em></strong></span> <span class='ocrx_word' id='word_1_303' title='bbox 1000 3455 1106 3509; x_wconf 79' lang='grc' dir='ltr'><strong><em>ἀναπετ.</em></strong></span> <span class='ocrx_word' id='word_1_304' title='bbox 1127 3453 1221 3510; x_wconf 83' lang='lat' dir='ltr'><strong><em>omE</em></strong></span> 
     </span>
    </p>
   </div>
   <div class='ocr_carea' id='block_1_7' title="bbox 102 3652 1267 4442">
    <p class='ocr_par' dir='ltr' id='par_1_7' title="bbox 102 3652 1267 4442">
     <span class='ocr_line' id='line_1_33' title="bbox 104 3652 1248 3720; baseline -0.001 -13"><span class='ocrx_word' id='word_1_305' title='bbox 104 3653 197 3720; x_wconf 82' lang='lat' dir='ltr'><strong>deret,</strong></span> <span class='ocrx_word' id='word_1_306' title='bbox 216 3652 460 3710; x_wconf 83' lang='lat' dir='ltr'><strong>eavillationibus</strong></span> <span class='ocrx_word' id='word_1_307' title='bbox 471 3669 489 3708; x_wconf 91' lang='lat' dir='ltr'><strong>a</strong></span> <span class='ocrx_word' id='word_1_308' title='bbox 502 3655 654 3710; x_wconf 87' lang='lat' dir='ltr'><strong>nonnullis</strong></span> <span class='ocrx_word' id='word_1_309' title='bbox 664 3655 882 3710; x_wconf 78' lang='lat' dir='ltr'><strong>incessebatur.</strong></span> <span class='ocrx_word' id='word_1_310' title='bbox 910 3652 970 3710; x_wconf 83' lang='lat' dir='ltr'><strong><em>Sed</em></strong></span> <span class='ocrx_word' id='word_1_311' title='bbox 983 3655 1106 3708; x_wconf 88' lang='lat' dir='ltr'><strong>tandem</strong></span> <span class='ocrx_word' id='word_1_312' title='bbox 1119 3653 1248 3709; x_wconf 79' lang='lat' dir='ltr'><strong>edueitil</strong></span> 
     </span>
     <span class='ocr_line' id='line_1_34' title="bbox 103 3725 1221 3798; baseline 0.001 -19"><span class='ocrx_word' id='word_1_313' title='bbox 103 3725 280 3794; x_wconf 82' lang='lat' dir='ltr'><strong>exereitum,</strong></span> <span class='ocrx_word' id='word_1_314' title='bbox 300 3727 472 3796; x_wconf 77' lang='lat' dir='ltr'><strong>praestigiis</strong></span> <span class='ocrx_word' id='word_1_315' title='bbox 491 3725 672 3796; x_wconf 86' lang='lat' dir='ltr'><strong>quibusdam</strong></span> <span class='ocrx_word' id='word_1_316' title='bbox 690 3741 764 3782; x_wconf 89' lang='lat' dir='ltr'><strong>usus</strong></span> <span class='ocrx_word' id='word_1_317' title='bbox 782 3733 812 3782; x_wconf 87' lang='lat' dir='ltr'><strong><em>et</em></strong></span> <span class='ocrx_word' id='word_1_318' title='bbox 825 3731 946 3798; x_wconf 85' lang='lat' dir='ltr'><strong>praeter</strong></span> <span class='ocrx_word' id='word_1_319' title='bbox 959 3725 1019 3780; x_wconf 91' lang='lat' dir='ltr'><strong>alia</strong></span> <span class='ocrx_word' id='word_1_320' title='bbox 1032 3725 1167 3781; x_wconf 83' lang='lat' dir='ltr'><strong>nefanda</strong></span> <span class='ocrx_word' id='word_1_321' title='bbox 1182 3741 1221 3781; x_wconf 85' lang='lat' dir='ltr'><strong><em>ax</em></strong></span> 
     </span>
     <span class='ocr_line' id='line_1_35' title="bbox 104 3795 1267 3869; baseline -0.001 -19"><span class='ocrx_word' id='word_1_322' title='bbox 104 3797 263 3851; x_wconf 80' lang='lat' dir='ltr'><strong>infantium</strong></span> <span class='ocrx_word' id='word_1_323' title='bbox 284 3795 465 3852; x_wconf 81' lang='lat' dir='ltr'><strong>dissectione</strong></span> <span class='ocrx_word' id='word_1_324' title='bbox 484 3799 612 3868; x_wconf 85' lang='lat' dir='ltr'><strong>captatis</strong></span> <span class='ocrx_word' id='word_1_325' title='bbox 629 3800 776 3869; x_wconf 80' lang='lat' dir='ltr'><strong>auguriis.</strong></span> <span class='ocrx_word' id='word_1_326' title='bbox 813 3799 930 3862; x_wconf 81' lang='lat' dir='ltr'><strong>Quibus</strong></span> <span class='ocrx_word' id='word_1_327' title='bbox 943 3797 1141 3853; x_wconf 84' lang='lat' dir='ltr'><strong>Constantino</strong></span> <span class='ocrx_word' id='word_1_328' title='bbox 1156 3795 1267 3867; x_wconf 87' lang='lat' dir='ltr'><strong>per-10</strong></span> 
     </span>
     <span class='ocr_line' id='line_1_36' title="bbox 105 3867 1221 3939; baseline 0 -17"><span class='ocrx_word' id='word_1_329' title='bbox 105 3869 207 3924; x_wconf 79' lang='lat' dir='ltr'><strong>territo</strong></span> <span class='ocrx_word' id='word_1_330' title='bbox 226 3873 258 3922; x_wconf 86' lang='lat' dir='ltr'><strong><em>et</em></strong></span> <span class='ocrx_word' id='word_1_331' title='bbox 276 3869 376 3922; x_wconf 89' lang='lat' dir='ltr'><strong>anime</strong></span> <span class='ocrx_word' id='word_1_332' title='bbox 396 3871 548 3923; x_wconf 70' lang='lat' dir='ltr'><strong>aestuanti</strong></span> <span class='ocrx_word' id='word_1_333' title='bbox 567 3869 667 3939; x_wconf 83' lang='lat' dir='ltr'><strong>ligura</strong></span> <span class='ocrx_word' id='word_1_334' title='bbox 687 3871 786 3925; x_wconf 84' lang='lat' dir='ltr'><strong>erucis</strong></span> <span class='ocrx_word' id='word_1_335' title='bbox 805 3871 886 3924; x_wconf 86' lang='lat' dir='ltr'><strong>eirea</strong></span> <span class='ocrx_word' id='word_1_336' title='bbox 899 3869 1055 3924; x_wconf 86' lang='lat' dir='ltr'><strong>meridiem</strong></span> <span class='ocrx_word' id='word_1_337' title='bbox 1069 3867 1221 3924; x_wconf 77' lang='lat' dir='ltr'><strong>delineata</strong></span> 
     </span>
     <span class='ocr_line' id='line_1_37' title="bbox 105 3939 1220 4011; baseline 0.001 -19"><span class='ocrx_word' id='word_1_338' title='bbox 105 3939 202 3995; x_wconf 82' lang='lat' dir='ltr'><strong>sidere</strong></span> <span class='ocrx_word' id='word_1_339' title='bbox 219 3940 252 3993; x_wconf 88' lang='lat' dir='ltr'><strong>in</strong></span> <span class='ocrx_word' id='word_1_340' title='bbox 271 3939 355 3994; x_wconf 83' lang='lat' dir='ltr'><strong>eaelo</strong></span> <span class='ocrx_word' id='word_1_341' title='bbox 375 3941 519 4010; x_wconf 83' lang='lat' dir='ltr'><strong>apparuit</strong></span> <span class='ocrx_word' id='word_1_342' title='bbox 543 3947 573 3994; x_wconf 88' lang='lat' dir='ltr'><strong><em>et</em></strong></span> <span class='ocrx_word' id='word_1_343' title='bbox 596 3941 747 4011; x_wconf 78' lang='lat' dir='ltr'><strong>scriptura</strong></span> <span class='ocrx_word' id='word_1_344' title='bbox 771 3942 852 3996; x_wconf 86' lang='lat' dir='ltr'><strong>eirea</strong></span> <span class='ocrx_word' id='word_1_345' title='bbox 876 3955 996 3995; x_wconf 84' lang='lat' dir='ltr'><strong>erucem</strong></span> <span class='ocrx_word' id='word_1_346' title='bbox 1015 3939 1159 3994; x_wconf 83' lang='lat' dir='ltr'><strong>Romanis</strong></span> <span class='ocrx_word' id='word_1_347' title='bbox 1177 3940 1220 3994; x_wconf 80' lang='lat' dir='ltr'><strong>lit</strong></span> 
     </span>
     <span class='ocr_line' id='line_1_38' title="bbox 105 4010 1263 4082; baseline 0 -18"><span class='ocrx_word' id='word_1_348' title='bbox 105 4012 173 4066; x_wconf 83' lang='lat' dir='ltr'><strong>teris</strong></span> <span class='ocrx_word' id='word_1_349' title='bbox 203 4019 232 4066; x_wconf 85' lang='lat' dir='ltr'><strong><em>et</em></strong></span> <span class='ocrx_word' id='word_1_350' title='bbox 259 4012 326 4080; x_wconf 89' lang='lat' dir='ltr'><strong>ipsa</strong></span> <span class='ocrx_word' id='word_1_351' title='bbox 353 4025 407 4080; x_wconf 86' lang='lat' dir='ltr'><strong><em>per</em></strong></span> <span class='ocrx_word' id='word_1_352' title='bbox 435 4011 536 4066; x_wconf 87' lang='lat' dir='ltr'><strong>stellas</strong></span> <span class='ocrx_word' id='word_1_353' title='bbox 560 4027 756 4082; x_wconf 80' lang='lat' dir='ltr'><strong>expressam</strong></span> <span class='ocrx_word' id='word_1_354' title='bbox 776 4027 838 4068; x_wconf 81' lang='lat' dir='ltr'><strong><em>noc</em></strong></span> <span class='ocrx_word' id='word_1_355' title='bbox 859 4026 963 4066; x_wconf 78' lang='lat' dir='ltr'><strong>vmcn.</strong></span> <span class='ocrx_word' id='word_1_356' title='bbox 979 4010 1107 4067; x_wconf 68' lang='lat' dir='ltr'><strong>{Statim</strong></span> <span class='ocrx_word' id='word_1_357' title='bbox 1126 4012 1263 4082; x_wconf 77' lang='lat' dir='ltr'><strong>igiturii</strong></span> 
     </span>
     <span class='ocr_line' id='line_1_39' title="bbox 104 4081 1220 4152; baseline 0.001 -17"><span class='ocrx_word' id='word_1_358' title='bbox 104 4097 194 4138; x_wconf 79' lang='lat' dir='ltr'><strong>eruce</strong></span> <span class='ocrx_word' id='word_1_359' title='bbox 212 4097 252 4137; x_wconf 82' lang='lat' dir='ltr'><strong><em>ex</em></strong></span> <span class='ocrx_word' id='word_1_360' title='bbox 271 4096 347 4136; x_wconf 86' lang='lat' dir='ltr'><strong>auro</strong></span> <span class='ocrx_word' id='word_1_361' title='bbox 368 4081 407 4136; x_wconf 85' lang='lat' dir='ltr'><strong><em>ad</em></strong></span> <span class='ocrx_word' id='word_1_362' title='bbox 432 4084 558 4137; x_wconf 81' lang='lat' dir='ltr'><strong>leimam</strong></span> <span class='ocrx_word' id='word_1_363' title='bbox 583 4098 674 4152; x_wconf 86' lang='lat' dir='ltr'><strong>quam</strong></span> <span class='ocrx_word' id='word_1_364' title='bbox 692 4084 812 4139; x_wconf 85' lang='lat' dir='ltr'><strong>viderat</strong></span> <span class='ocrx_word' id='word_1_365' title='bbox 834 4086 917 4138; x_wconf 82' lang='lat' dir='ltr'><strong>laeta</strong></span> <span class='ocrx_word' id='word_1_366' title='bbox 939 4090 968 4138; x_wconf 85' lang='lat' dir='ltr'><strong><em>et</em></strong></span> <span class='ocrx_word' id='word_1_367' title='bbox 992 4085 1140 4138; x_wconf 82' lang='lat' dir='ltr'><strong>exercitui</strong></span> <span class='ocrx_word' id='word_1_368' title='bbox 1164 4097 1220 4136; x_wconf 85' lang='grc' dir='ltr'><strong><em>εαο</em></strong></span> 
     </span>
     <span class='ocr_line' id='line_1_40' title="bbox 103 4153 1220 4224; baseline -0.002 -16"><span class='ocrx_word' id='word_1_369' title='bbox 103 4153 252 4223; x_wconf 81' lang='lat' dir='ltr'><strong>praelata,</strong></span> <span class='ocrx_word' id='word_1_370' title='bbox 288 4155 446 4208; x_wconf 78' lang='lat' dir='ltr'><strong>commisso</strong></span> <span class='ocrx_word' id='word_1_371' title='bbox 475 4155 590 4224; x_wconf 88' lang='lat' dir='ltr'><strong>proelio</strong></span> <span class='ocrx_word' id='word_1_372' title='bbox 620 4153 807 4211; x_wconf 81' lang='lat' dir='ltr'><strong>Maxentium</strong></span> <span class='ocrx_word' id='word_1_373' title='bbox 835 4156 943 4222; x_wconf 84' lang='lat' dir='ltr'><strong>vineit,</strong></span> <span class='ocrx_word' id='word_1_374' title='bbox 976 4157 1092 4210; x_wconf 85' lang='lat' dir='ltr'><strong>maiore</strong></span> <span class='ocrx_word' id='word_1_375' title='bbox 1121 4155 1220 4222; x_wconf 85' lang='lat' dir='ltr'><strong>eopia·</strong></span> 
     </span>
     <span class='ocr_line' id='line_1_41' title="bbox 103 4225 1265 4297; baseline -0.003 -16"><span class='ocrx_word' id='word_1_376' title='bbox 103 4240 168 4281; x_wconf 85' lang='lat' dir='ltr'><strong><em>rum</em></strong></span> <span class='ocrx_word' id='word_1_377' title='bbox 192 4225 271 4280; x_wconf 90' lang='lat' dir='ltr'><strong>illius</strong></span> <span class='ocrx_word' id='word_1_378' title='bbox 298 4231 384 4295; x_wconf 83' lang='lat' dir='ltr'><strong>parte</strong></span> <span class='ocrx_word' id='word_1_379' title='bbox 411 4239 509 4294; x_wconf 78' lang='lat' dir='ltr'><strong>caesa,</strong></span> <span class='ocrx_word' id='word_1_380' title='bbox 537 4229 644 4281; x_wconf 83' lang='lat' dir='ltr'><strong>ceteris</strong></span> <span class='ocrx_word' id='word_1_381' title='bbox 668 4229 699 4281; x_wconf 95' lang='lat' dir='ltr'><strong>in</strong></span> <span class='ocrx_word' id='word_1_382' title='bbox 723 4230 829 4297; x_wconf 78' lang='lat' dir='ltr'><strong>lugam</strong></span> <span class='ocrx_word' id='word_1_383' title='bbox 852 4227 958 4282; x_wconf 86' lang='lat' dir='ltr'><strong>versis.</strong></span> <span class='ocrx_word' id='word_1_384' title='bbox 993 4227 1076 4281; x_wconf 90' lang='lat' dir='ltr'><strong>Inter</strong></span> <span class='ocrx_word' id='word_1_385' title='bbox 1095 4241 1172 4295; x_wconf 91' lang='lat' dir='ltr'><strong>quos</strong></span> <span class='ocrx_word' id='word_1_386' title='bbox 1190 4226 1265 4279; x_wconf 70' lang='lat' dir='ltr'><strong>etii</strong></span> 
     </span>
     <span class='ocr_line' id='line_1_42' title="bbox 102 4296 1220 4368; baseline -0.002 -18"><span class='ocrx_word' id='word_1_387' title='bbox 102 4299 165 4368; x_wconf 85' lang='lat' dir='ltr'><strong>ipse</strong></span> <span class='ocrx_word' id='word_1_388' title='bbox 185 4296 358 4352; x_wconf 81' lang='lat' dir='ltr'><strong>Maxentius</strong></span> <span class='ocrx_word' id='word_1_389' title='bbox 382 4303 505 4368; x_wconf 88' lang='lat' dir='ltr'><strong>pontem</strong></span> <span class='ocrx_word' id='word_1_390' title='bbox 526 4297 660 4352; x_wconf 88' lang='lat' dir='ltr'><strong>Milvium</strong></span> <span class='ocrx_word' id='word_1_391' title='bbox 689 4301 872 4354; x_wconf 87' lang='lat' dir='ltr'><strong>transiturus</strong></span> <span class='ocrx_word' id='word_1_392' title='bbox 900 4313 979 4368; x_wconf 86' lang='lat' dir='ltr'><strong>equo</strong></span> <span class='ocrx_word' id='word_1_393' title='bbox 1009 4299 1094 4367; x_wconf 83' lang='lat' dir='ltr'><strong>lapso</strong></span> <span class='ocrx_word' id='word_1_394' title='bbox 1123 4300 1153 4351; x_wconf 92' lang='lat' dir='ltr'><strong>in</strong></span> <span class='ocrx_word' id='word_1_395' title='bbox 1173 4296 1220 4349; x_wconf 87' lang='lat' dir='ltr'><strong>Ti-</strong></span> 
     </span>
     <span class='ocr_line' id='line_1_43' title="bbox 103 4369 1265 4442; baseline -0.001 -17"><span class='ocrx_word' id='word_1_396' title='bbox 103 4369 195 4426; x_wconf 85' lang='lat' dir='ltr'><strong>berim</strong></span> <span class='ocrx_word' id='word_1_397' title='bbox 216 4369 436 4442; x_wconf 80' lang='lat' dir='ltr'><strong>praecipitatus</strong></span> <span class='ocrx_word' id='word_1_398' title='bbox 455 4369 669 4442; x_wconf 72' lang='lat' dir='ltr'><strong>submergitur</strong></span> <span class='ocrx_word' id='word_1_399' title='bbox 708 4371 744 4426; x_wconf 81' lang='lat' dir='ltr'><strong><em>Et</em></strong></span> <span class='ocrx_word' id='word_1_400' title='bbox 758 4371 805 4424; x_wconf 87' lang='lat' dir='ltr'><strong>hie</strong></span> <span class='ocrx_word' id='word_1_401' title='bbox 818 4372 897 4425; x_wconf 86' lang='lat' dir='ltr'><strong>illius</strong></span> <span class='ocrx_word' id='word_1_402' title='bbox 911 4373 968 4425; x_wconf 88' lang='lat' dir='ltr'><strong>t&#39;uit</strong></span> <span class='ocrx_word' id='word_1_403' title='bbox 982 4372 1089 4425; x_wconf 83' lang='lat' dir='ltr'><strong>exitus.</strong></span> <span class='ocrx_word' id='word_1_404' title='bbox 1128 4369 1220 4424; x_wconf 89' lang='lat' dir='ltr'><strong>Cuius</strong></span> <span class='ocrx_word' id='word_1_405' title='bbox 1231 4369 1265 4424; x_wconf 86' lang='grc'><strong><em>13</em></strong></span> 
     </span>
    </p>
   </div>
   <div class='ocr_carea' id='block_1_8' title="bbox 0 0 1530 4775">
    <p class='ocr_par' dir='ltr' id='par_1_8' title="bbox 0 0 1530 4775">
     <span class='ocr_line' id='line_1_44' title="bbox 0 0 1530 4775; baseline 0 1"><span class='ocrx_word' id='word_1_406' title='bbox 0 0 1530 4775; x_wconf 95' lang='lat' dir='ltr'><strong><em> </em></strong></span> 
     </span>
    </p>
   </div>
  </div>
 </body>
</html>
