3050 4775
250 435 448 508 Mthitms
467 444 573 506 FVGA
593 446 646 503 An
667 445 877 504 AGARENOS
896 445 946 503 ΕΤ
966 445 1142 503 REDITVS.
1206 447 1259 505 333

139 635 321 702 ἐπανελθεῖν
343 635 558 718 προετρέπετο.
595 631 650 698 καλ
672 633 708 704 δς
734 630 902 715 ἐπανῆλθε,
925 629 961 696 τὸ
985 626 1013 694 θ’
1038 630 1128 702 ὅπως
1151 631 1304 715 dcam-24

137 741 221 804 τίον·
256 740 317 802 ἔστι
349 738 409 820 γὰρ
442 737 502 802 οὐκ
535 737 629 820 ἄχαρι
660 735 742 819 πρὸς
775 735 925 818 διήγησιν.
972 734 1111 816 ἐντυχὼν
1136 743 1183 817 τῴ
1204 734 1304 806 nigro

137 843 250 913 πίστεις
279 843 315 908 ἐκ
343 841 498 925 βασιλέως
526 839 614 922 αὐτῷ
642 840 802 922 κομίζοντι
830 845 966 920 μονσχῴ
989 837 1043 900 καῖ
1066 837 1260 918 συνθέμενος

137 946 343 1027 ὑποστρέψαι,
367 943 506 1025 πρόσεισι
528 949 574 1026 τῷ
596 947 661 1006 τῶν
679 941 883 1024 Ἰσμαηλιτῶν
905 941 1039 1024 ἀρχιγγῴ
1061 940 1115 1004 καὶ
1137 941 1259 1004 αἰτεῖται

110 1047 313 1130 δστράτευμά
336 1048 367 1110 σί
394 1046 539 1129 δοθῆναι,
573 1047 621 1109 ἵνα
650 1043 730 1108 κατὰ
753 1043 809 1127 τὴν
837 1043 1067 1108 Καππαδοκίαν
1092 1043 1259 1127 γενόμενος

137 1149 328 1233 ἀνταποθοίη
351 1154 415 1220 τοῖς
438 1150 482 1220 είς
503 1146 558 1213 τὸν
582 1147 710 1231 βασιλέα
740 1151 938 1210 κατειποῦσα
966 1148 1064 1211 αὐτοῦ
1093 1147 1173 1227 (ἐκεῖ
1197 1146 1258 1228 γὰρ

138 1254 240 1336 ἔλεγεν
263 1253 359 1317 οἰκεῖν
385 1252 458 1323 τοὺς
480 1251 677 1334 κατηγόρους
699 1249 823 1332 αὐτοῦ),
855 1250 946 1333 ἠξίου
975 1249 1010 1313 dd
1036 1248 1091 1315 τὸν
1117 1249 1302 1333 ἀρχηγὸνῖὃ

137 1361 202 1420 τῶν
225 1357 411 1438 Ἀγαρηνῶν
437 1354 491 1418 καί
519 1352 574 1419 τὸν
599 1352 668 1418 υἱὸν
691 1354 789 1417 αὐτοῦ
812 1355 1031 1435 συνεκπέμψαι
1055 1354 1153 1436 αὐτῷ,
1185 1352 1257 1415 “ira

138 1483 187 1524 σοι
208 1459 342 1523 τοῦτον”
364 1458 466 1541 λέγων
488 1457 663 1540 “γυμνάσω
686 1456 768 1540 πρὸς
790 1456 828 1520 τὰ
849 1456 1016 1538 nolimu?
1053 1456 1071 1519 ό
1095 1455 1130 1521 δὲ
1150 1455 1301 1519 πεῖθε-θλ
1320 1456 1347 1511 D

94 1565 185 1626 1οται
208 1562 266 1627 κα)
284 1560 338 1626 τὸν
361 1563 476 1626 οὺιεῖον
501 1561 589 1643 αὐτῷ
617 1561 826 1642 συνεκπέμπει
853 1558 934 1622 υῖόν·
964 1558 1094 1641 ἐθάρρει
1122 1557 1182 1640 γὰρ
1210 1565 1257 1641 τῴ

137 1663 296 1747 Μονουὴλ
317 1663 372 1728 καλ
395 1663 539 1728 ἐπίστευε.
581 1663 727 1733 κάκεῖνος
750 1663 853 1745 ἀπῄει,
876 1661 930 1724 καί
952 1661 1014 1744 ἤθη
1037 1667 1101 1732 τοῖς
1119 1659 1301 1743 ‘Papus-28

137 1773 206 1839 κοῖς
233 1767 356 1849 ἐγγίσας
382 1766 479 1850 ὁρίοις
507 1765 562 1830 τὸν
588 1771 643 1828 τοῦ
672 1766 826 1848 ἄρχοντος
847 1769 912 1827 τῶν
936 1765 972 1828 ἐκ
995 1771 1049 1847 τῆς
1065 1765 1164 1846 Ἅγαρ
1187 1762 1357 1827 videln
1367 1765 1415 1819 121

138 1869 399 1953 συμπαραλαβὼν
417 1865 483 1951 μετ’
501 1869 615 1950 ὀλίγων
631 1867 836 1950 Σαρακηνῶν
851 1866 933 1951 ἐξῄει
949 1867 1047 1950 δῆθεν
1062 1865 1144 1948 πρὸς
1158 1890 1254 1948 κυνη-

16 1971 250 2054 ῙῙῙ4Ῑ4γέοιον,
288 1971 415 2036 πολλῶν
449 1972 537 2054 αὐτῷ
570 1971 779 2052 θεραπόντων
812 1971 1045 2051 συνεπομένων.
1100 1969 1147 2040 ὡς
1178 1970 1300 2050 potate

93 2077 127 2133 15
137 2073 223 2146 ἐντὸς
245 2075 356 2158 χώρας
375 2073 550 2156 Ῥωμαίων
573 2074 700 2156 ἐγένετο,
723 2079 770 2155 τῷ
792 2073 854 2155 vini
876 2077 931 2136 τοῦ
950 2071 1146 2155 Ἰσμαηλίτου
1168 2095 1255 2152 περι-

136 2177 274 2258 πλσκείς,
297 2177 358 2241 “od
380 2177 462 2260 μέθ’
485 2177 546 2259 ἔφη
562 2176 703 2256 “τέκνσν,
727 2175 904 2258 ὑπέστρεφε
918 2173 1000 2257 πρὸς
1014 2173 1051 2238 τὰ
1068 2175 1117 2249 σά,
1140 2174 1205 2257 ἐγὼ
1220 2174 1256 2239 δὲ

134 2279 217 2362 πρὸς
227 2279 404 2363 Ῥωμαίους
419 2279 647 2362 πορεύσομαι.”
673 2277 859 2342 ἐπανελθὼν
874 2273 902 2341 θ’
919 2279 963 2348 εἰς
977 2277 1032 2360 τὴν
1046 2276 1300 2358 μεγαλόπολιν30

189 2476 205 2529 1
223 2474 270 2531 καλ
288 2476 317 2535 ὃς
334 2474 466 2545 ἐπανῆλθε
486 2490 543 2529 om.
563 2472 586 2530 C
663 2472 693 2528 δὲ
711 2472 747 2542 D,
766 2476 796 2533 ός
814 2489 891 2528 corr.
911 2471 963 2531 Dw
1044 2472 1126 2527 2καί
1145 2469 1181 2539 D,
1200 2471 1254 2526 ἔστι

189 2562 265 2601 corr.
285 2545 337 2605 Dw
429 2546 592 2614 ἐντυχόντων
611 2544 646 2613 D,
665 2544 782 2615 ἐντυχὼν
800 2554 839 2614 τῷ
859 2560 935 2600 corr.
955 2544 1007 2603 Dw
1095 2545 1113 2598 3
1131 2544 1203 2612 αὐτῷ
1221 2542 1253 2597 ἔκ

187 2618 317 2687 βασιλέως
336 2616 364 2671 D
469 2618 606 2685 κομίσαντι
627 2615 650 2672 0
759 2616 778 2670 4
794 2637 838 2671 πω
850 2655 979 2670 ........
990 2617 1069 2669 λιτῶν
1087 2615 1123 2683 Ι),
1143 2624 1182 2683 τῷ
1200 2621 1254 2667 τῶν

188 2690 348 2759 λσμαηλιτῶν
367 2688 418 2747 Dw
490 2688 544 2742 Η)
562 2688 674 2758 ἀρχηγῷ
694 2728 845 2743 .........
861 2688 866 2755 Ι
882 2688 1054 2757 στρστεόμασι
1073 2686 1109 2754 D,
1127 2686 1189 2755 ἇρχ.
1208 2686 1254 2739 καὶ

187 2762 292 2815 σίτεΐται
310 2759 456 2829 στράτευμά
474 2762 501 2813 οἱ
518 2758 569 2818 Dw
642 2761 659 2814 4
677 2761 776 2829 αἰτῆται
795 2759 867 2829 Ewp
949 2760 1116 2814 drincanocto
1127 2798 1133 2811 .
1144 2798 1151 2812 .
1162 2798 1168 2812 .
1180 2798 1187 2812 .
1200 2778 1254 2817 τοις

188 2831 223 2895 Ι),
242 2833 400 2901 ἀνταπσθοίη
420 2832 524 2886 relicto
544 2852 597 2891 τοις
616 2847 671 2901 pro
690 2840 742 2891 τοῖς
761 2830 814 2889 Dw
892 2831 1100 2900 ’λκατοιγόρσυς
1119 2828 1155 2895 Ι),
1175 2844 1252 2883 corr.

188 2903 239 2963 Dw
312 2904 329 2958 8
347 2910 401 2957 τῶν
419 2903 503 2972 pr,
522 2902 566 2956 τὸν
584 2901 655 2957 noi
674 2903 738 2967 (sed
757 2901 873 2956 mavult
892 2902 973 2957 idern
990 2909 1044 2955 τῶν
1063 2907 1082 2955 t.
1099 2900 1125 2955 V
1144 2916 1172 2970 p.
1189 2900 1252 2965 108)

223 2974 271 3030 σὺν
289 2976 425 3045 ἐκπέμψω
443 2974 478 3040 Ι),
499 2990 574 3029 corr.
585 2974 637 3031 Dw
709 2974 734 3028 8.
754 2975 772 3029 9
793 2977 835 3028 fra
853 2994 896 3027 σοι
914 2982 1005 3028 τοῦτον
1021 2973 1106 3041 λέγων
1125 2972 1203 3041 (λέγω
1213 2970 1251 3036 Α)

186 3045 296 3116 ΑΕνιρ,
315 3046 399 3115 λέγων
417 3046 455 3105 ὡς
473 3047 506 3100 ἅν
524 3066 565 3099 σοι
584 3054 674 3101 τοῦτον
694 3044 718 3101 0
828 3046 862 3099 10
878 3044 935 3099 υἱόν
953 3044 1063 3113 AEwp,
1081 3044 1163 3097 παῖόα
1183 3043 1207 3098 Ο

188 3118 222 3171 12
240 3118 284 3172 τὸν
303 3134 359 3173 om.
378 3116 421 3171 Di
439 3118 542 3171 invitis
560 3114 663 3187 Apr
780 3124 833 3170 τῶν
852 3115 908 3185 BC,
928 3116 972 3170 τὸν
990 3113 1086 3169 AEDi
1104 3113 1170 3178 (sed
1191 3130 1251 3167 ma-

187 3190 253 3244 vult
271 3189 351 3244 idem
370 3196 423 3242 τῶν
443 3188 501 3243 t.V
520 3188 536 3241 l.
557 3192 602 3253 c.)‚
623 3204 679 3243 om.
699 3186 735 3255 D,
755 3196 802 3242 τοῦ
821 3187 884 3256 w*p
958 3187 992 3240 13
1010 3187 1106 3255 ὀλίγων
1124 3182 1251 3255 prDi,

186 3261 273 3330 ὀλίγον
290 3259 318 3315 Α
391 3259 425 3314 14
442 3260 490 3313 οὖν
507 3258 580 3329 pr
655 3260 687 3314 17
705 3261 851 3327 πορεύομαι
864 3258 901 3322 D,
920 3257 1107 3327 proficiscor:
1129 3258 1181 3312 Wo
1200 3257 1251 3312 lat.

221 3332 252 3387 δὲ
270 3331 297 3385 D
369 3331 639 3386 κωνσταντινοθπολιν
656 3329 692 3397 D,
713 3330 842 3401 cpolim:
864 3332 916 3386 Wo
935 3331 984 3383 tat.

132 3528 172 3582 ad
194 3544 263 3583 eum
282 3528 379 3596 mittit,
398 3528 522 3582 hortarm
539 3531 574 3581 ut
592 3527 706 3582 redeat.
743 3527 798 3582 Ille
817 3526 903 3593 redit,
923 3526 976 3581 sed
993 3540 1055 3595 qua
1073 3526 1200 3592 ratione,
1219 3524 1250 3578 id
1259 3519 1295 3575 24

131 3615 207 3655 vero
226 3600 341 3655 referre
361 3614 473 3667 operae
492 3598 621 3668 pretium
641 3604 698 3665 ectr
727 3599 818 3653 habet
841 3600 921 3651 enim
945 3596 1165 3667 expositionem
1189 3610 1250 3649 non

130 3669 337 3725 iniucundam.
364 3670 552 3740 congressus
565 3685 633 3724 curn
644 3670 800 3735 monacho,
815 3670 865 3739 qui
876 3669 965 3723 fidem
979 3684 998 3721 a
1011 3682 1086 3737 rege
1096 3666 1250 3730 afferebat,
1260 3662 1296 3717 25

132 3758 226 3813 seque
245 3741 412 3796 rediturum
432 3740 581 3810 pollicitus
600 3740 819 3795 Ismaelitarum
839 3742 1004 3809 principem
1026 3739 1167 3808 precibus
1180 3737 1251 3804 adit,

131 3819 166 3868 ut
199 3812 351 3868 exercitus
383 3813 440 3867 sibi
472 3812 568 3877 detur,
603 3827 732 3880 quocum
772 3813 926 3881 proiectus
964 3811 994 3864 in
1027 3808 1250 3879 Cappadociam

132 3884 284 3939 delatores
312 3898 384 3937 suos
411 3884 463 3950 (ibi
494 3884 573 3937 enim
597 3900 649 3937 eos
674 3884 823 3945 habitare)
852 3882 1024 3948 ulciscatur,
1054 3888 1190 3949 oratque,
1217 3886 1251 3934 ut
1260 3876 1295 3930 26

132 3958 199 4011 eius
217 3956 296 4009 filius
315 3970 378 4009 una
397 3956 541 4020 initiatur,
566 3956 619 4025 qui
638 3956 669 4008 in
688 3970 722 4008 re
741 3955 862 4007 militari
882 3960 1070 4008 exerceatur.
1107 3952 1251 4019 Princeps
1260 3948 1295 4002 27

131 4026 264 4081 Manutili
283 4042 396 4081 morem
417 4027 497 4095 gerit
517 4030 553 4093 et,
574 4026 646 4095 quia
664 4026 753 4079 fidem
774 4027 800 4080 ei
821 4025 961 4087 habebat,
980 4039 1068 4077 suum
1082 4023 1176 4076 fllium
1188 4037 1251 4075 una

131 4099 234 4167 mittit3
262 4100 306 4152 ita
334 4096 461 4151 discedit
488 4097 546 4163 illc,
573 4111 703 4165 cumque
728 4112 824 4166 prope
848 4097 922 4150 iines
948 4095 1100 4150 Romanos
1126 4091 1296 4147 ventum28

132 4174 220 4237 assei,
246 4175 401 4238 assumpto
426 4168 569 4237 principis
588 4166 724 4237 Agerent
743 4168 803 4222 filio
823 4183 892 4221 cum
914 4168 1021 4235 paucis
1039 4163 1199 4220 Saracenis
1218 4179 1251 4218 se

132 4244 277 4295 venatum
297 4240 342 4293 ire
360 4240 488 4305 simulat,
508 4239 608 4293 multis
629 4240 770 4293 ministris
790 4238 1011 4304 comitantibus,
1037 4250 1167 4304 cumque
1191 4232 1295 4288 iam29

131 4313 164 4366 in
191 4311 329 4366 Romana
357 4312 514 4379 provincia
542 4316 724 4377 versaretur,
756 4309 848 4363 filium
878 4309 1048 4363 Ismadlitae
1078 4307 1250 4376 amplexus:

130 4382 203 4437 '‘Tn
216 4380 362 4453 quidem”
379 4382 477 4450 inquit
495 4382 563 4447 “iili,
583 4382 622 4435 ad
635 4387 688 4435 tua
702 4387 866 4448 revertere,
885 4396 944 4450 ego
958 4396 1031 4434 vero
1045 4379 1085 4433 ad
1098 4379 1250 4432 Romanos

132 4452 335 4529 proficiscar.”
374 4452 489 4525 Cpolim
509 4458 611 4509 autem
630 4468 773 4509 reversus
791 4468 904 4525 niagno
924 4467 992 4508 cum
1010 4451 1125 4507 laetitia
1143 4454 1189 4504 est
1201 4447 1295 4504 ιιι-30
