3050 4775
230 365 285 426 ree
524 368 661 429 ronna.
681 368 780 427 nrm.
799 365 854 428 xv
871 368 897 441 4,
919 367 1013 441 14-5,
1032 366 1058 424 e.

187 552 325 636 15ταάιη
348 554 368 638 ἡ
392 553 512 619 Νίκαια
535 556 569 619 α1
589 554 798 639 μητροπόλεις
820 554 853 617 αί
868 553 1066 618 Βιθυνιακαί.
1111 551 1168 636 τήν
1191 557 1268 636 γοῦν
1289 552 1354 617 τῶν

231 663 344 741 τειχῶν
359 659 558 722 κατάπτωσιν
574 658 593 721 ό
607 658 761 741 τύραννος
776 657 872 721 Λέων
887 657 1023 740 κέρόους
1044 656 1215 739 μελετήσας
1237 656 1354 721 θέσθαι
1380 724 1386 737 ,

230 761 340 844 λαβήν,
365 760 629 843 όιεκηρυκεάσατο
651 760 734 843 πρὸς
756 758 811 824 τὸν
835 760 938 843 δῆμον
960 767 1015 843 τῆς
1036 759 1161 829 πόλεως
1181 760 1228 830 ὡς
1242 760 1354 842 “ripale

231 864 291 927 οὐκ
314 865 354 926 ἂν
377 862 560 947 δυνηθείητε
582 864 704 947 ταχέως
731 864 885 946 ἀνεγεῖραι
914 862 951 926 τά
977 862 1075 946 τείχη·
1109 862 1300 947 ἀσύμφορον
1323 860 1351 927 θ’

186 971 221 1025 16
230 966 305 1048 ὑμῖν
331 965 382 1030 ἐπί
407 965 489 1030 πολὺ
516 968 620 1049 μένειν
646 966 702 1049 τὴν
724 966 815 1029 πόλιν
838 966 1012 1049 ἀτείχιστον.
1059 964 1108 1029 όιό
1130 968 1379 1047 προστέτακταιό

229 1064 306 1151 παρ’
329 1070 425 1152 ήμῶν
446 1070 638 1153 προσθήκην
661 1070 695 1133 ἕν
716 1074 781 1139 τοῖς
804 1068 967 1152 όημοσίοις
990 1067 1104 1151 φόροις
1127 1068 1272 1150 γενέσθαι
1292 1068 1352 1151 φό·

196 1171 291 1242 Βλεις
313 1174 410 1236 εἴκοσι
432 1172 486 1235 καί
508 1173 661 1255 τέσσαρας
683 1168 734 1255 ἐφ’
758 1172 883 1254 ἑκάστῳ
906 1172 1081 1255 νομίσματι,
1106 1172 1155 1234 ἵνα
1171 1170 1293 1235 τούτων
1307 1178 1353 1254 τῷ

229 1275 383 1358 βασιλικῷ
413 1275 531 1358 ταμείῳ
563 1276 794 1359 παρεχομένων
825 1274 862 1338 τὰ
894 1274 1115 1337 ὑποκλάσαντα
1147 1278 1211 1338 τῶν
1242 1279 1353 1358 τειχῶν

186 1382 220 1437 17
230 1376 495 1442 ἀνακαινισθῶσιν
518 1379 553 1452 ἐξ
575 1378 796 1461 ἀναλωμάτων
811 1377 1016 1460 βασιλικῶν.”
1061 1376 1166 1441 ἔκτοτε
1180 1376 1284 1440 τοίνυν
1299 1376 1353 1441 καί

228 1480 322 1563 μέχρι
343 1481 437 1544 τοῦόε
458 1482 479 1563 ή
502 1482 660 1563 εἴσπραξις
682 1480 892 1564 ἐπεκράτησεν
915 1482 1002 1564 αὕτη.
1364 1482 1399 1536 10

186 1587 220 1643 18
323 1581 435 1654 Οὕτως
458 1581 515 1647 οὗν
538 1583 588 1647 ἐπὶ
609 1591 705 1665 κακῷ
727 1590 782 1667 τῆς
803 1584 956 1654 πολιτείας
979 1583 997 1646 ὁ
1022 1582 1155 1654 δείλαιος
1177 1581 1273 1647 Λέων
1292 1585 1390 1666 ,ta-D
1403 1587 1513 1643 111344

230 1683 371 1756 σιλτόσας
398 1687 450 1769 ἔτη
482 1686 617 1767 τέσσαρα
647 1686 730 1768 πρὸς
760 1692 825 1757 τοῖς
857 1688 954 1750 εἴκοσι
987 1686 1183 1769 όνσεντερίαν
1215 1686 1353 1769 νοσήσας

229 1788 351 1859 ἀθλίως
372 1787 429 1871 τὴν
450 1788 558 1871 ψυχὴν
581 1788 778 1872 ἐξηρεύξατο.

197 1888 219 1952 5
318 1890 483 1964 Διεόέξατο
506 1889 541 1954 όὲ
558 1890 615 1974 τὴν
631 1896 695 1954 τῶν
707 1890 876 1973 Ῥωμαίων
899 1890 1001 1975 ἀρχὴν
1023 1890 1101 1975 μετὰ
1124 1898 1179 1976 τῆς
1200 1898 1353 1975 πατραιής

230 1992 411 2075 θεοσεβείας
434 1992 453 2057 ό
478 1993 668 2075 ὁυσώνυμος
696 1994 817 2057 ἐκείνου
844 1994 921 2067 υἱός,
955 1994 994 2057 οὐ
1026 1992 1106 2058 κατὰ
1137 1999 1202 2058 τῶν
1231 1999 1353 2059 σεπτῶν
1363 1996 1398 2052 15

228 2094 363 2158 εἰκόνων
385 2096 535 2177 λνττήσας
556 2095 667 2177 μόνον,
697 2095 775 2159 ἀλλὰ
799 2095 853 2160 καὶ
876 2097 1027 2180 γοητείαις
1049 2098 1277 2180 προσκείμενος
1300 2098 1353 2161 καὶ

196 2198 350 2281 Οῐερείων
377 2198 549 2280 ἀνατομαῖς
579 2198 634 2263 καί
665 2198 918 2283 νεκυομαντείαις
948 2198 1003 2263 καί
1036 2200 1269 2283 ἀρρητοποιίαις
1299 2200 1353 2265 καὶ

231 2411 263 2464 11
283 2412 388 2482 τελευτή
407 2411 520 2472 Λέοντος
538 2420 585 2468 τοῦ
595 2412 718 2480 Ἰσαύροο
738 2416 771 2482 (τ.
781 2412 826 2468 Ἰσ.
841 2429 897 2468 om.
909 2411 947 2482 A)
960 2412 1012 2468 ΑΕ
1086 2413 1119 2467 14
1136 2411 1264 2482 αιἰταρχία
1276 2414 1353 2468 Κων-

229 2485 366 2537 σταντίναυ
383 2491 430 2538 τοῦ
442 2485 632 2552 Κοπρωνύμοτι
652 2483 741 2552 ACD,
760 2485 988 2546 Κωνσταντΐνοςό
999 2485 1185 2554 Κοπρώνυμος
1202 2483 1226 2539 Β
1299 2486 1353 2548 obs

229 2555 263 2626 ἦν
281 2555 439 2624 όμισόθτσς
456 2555 534 2617 οὗτος
553 2555 575 2612 C

283 2747 450 2818 ῙταάτηνΒ
523 2750 613 2803 νικαία
633 2748 699 2820 w*p
719 2749 823 2803 invitis
839 2747 893 2803 AR
970 2749 1107 2819 βιθονικαλ
1120 2747 1236 2818 prDi
1307 2749 1354 2804 οὖν

281 2819 355 2888 Ewp
447 2819 515 2875 tut
534 2819 636 2875 om.E
732 2819 858 2890 ἀφίλοις
877 2819 988 2890 Apr,
1008 2821 1108 2890 φόλλας
1127 2820 1163 2889 D,
1183 2821 1274 2890 φόλεις
1293 2821 1352 2888 Dm,

281 2891 387 2959 φόλλτις
405 2889 457 2958 Di,
477 2908 504 2945 V.
519 2892 558 2945 ad
572 2891 642 2946 XIV
657 2891 729 2958 3,13
802 2889 1001 2959 ἸτέσσαρεςΒ
1073 2893 1241 2963 8βασιλικῷ
1254 2894 1353 2962 ταμείῳ

280 2959 342 3029 ΑΟ,
356 2962 476 3017 fiscum:
497 2964 620 3031 1701111,
633 2965 739 3031 βασιλεῖ
749 2962 822 3033 Ewp
890 2963 1066 3018 ὑποκλίναντα
1080 2962 1107 3016 D
1175 2965 1259 3018 10.11
1274 2966 1352 3033 αὕτη·

284 3030 396 3102 ΙοτωςΟ
469 3034 505 3087 12
522 3036 686 3102 όοςεντερίαν
699 3033 760 3101 ΑΟ,
781 3036 930 3102 όυςεντερία
943 3035 1004 3101 Em·
1028 3032 1091 3102 Εἰ),
1112 3052 1139 3089 V.
1153 3033 1252 3089 XVIII
1266 3035 1353 3100 2216

282 3105 317 3158 15
335 3109 404 3175 post
422 3107 478 3165 υἱός
498 3105 568 3160 add.
587 3107 616 3166 δς
635 3106 832 3175 ὑπερβαλέσθαι
855 3051 1077 3176 (όπερβαλλίάθαι
1090 3105 1123 3174 Β,
1142 3107 1354 3177 ὑπερβάλλεσθαι

283 3175 686 3319 θρίάίιῖίλλλέοίίρὶλ
703 3177 980 3318 ’λῗλιλίλῖάῖκλν
987 3177 1196 3320 1111ίῖ111
1205 3177 1291 3304 pwp

687 3289 693 3317 τ
960 3289 967 3317 ι
1009 3291 1015 3303 ·
1116 3289 1122 3303 ·
1180 3291 1187 3316 ι

183 3441 393 3513 lbthynianae
403 3445 594 3514 metropoles.
622 3445 753 3500 Ruinam
773 3445 867 3516 igitur
885 3461 1040 3500 murorum
1060 3450 1210 3514 tyrannus
1228 3445 1292 3500 Leo
1312 3446 1351 3500 ad

226 3516 302 3570 tucri
328 3518 519 3571 occasionem
547 3516 688 3585 detorsit3
713 3533 784 3571 nam
804 3518 923 3571 urbano
949 3518 1061 3586 populo
1088 3531 1143 3586 per
1168 3533 1350 3588 praeconem

226 3587 336 3642 edixit:
364 3588 448 3642 “Vos
466 3589 588 3642 moenia
607 3588 745 3643 celeriter
763 3589 936 3643 instaurare
954 3603 1017 3642 non
1044 3590 1219 3659 potueritis;
1250 3604 1351 3658 neque

182 3657 216 3711 16
227 3675 301 3714 vero
315 3659 440 3728 expedit
454 3660 607 3714 civitatem
627 3660 680 3712 diu
693 3661 852 3714 moenibus
867 3675 980 3714 carere.
1017 3659 1126 3729 Itaque
1139 3675 1194 3716 nos
1208 3661 1351 3715 iussimus

226 3731 354 3800 publicis
372 3732 493 3785 tributis
503 3732 709 3786 accessionem
728 3732 864 3801 adiungi,
885 3731 1009 3784 vicenos
1029 3737 1195 3800 quaternos
1213 3731 1300 3786 folles
1319 3733 1349 3784 in

225 3802 347 3872 singula
373 3803 562 3869 nomismata,
594 3803 705 3872 quibus
724 3805 756 3855 in
780 3803 930 3856 aerarium
960 3803 1079 3870 regium
1108 3804 1210 3857 relatis
1229 3803 1350 3858 moenia

181 3873 325 3927 lideleta
343 3873 514 3943 sumptibus
541 3875 634 3944 regiis
653 3873 894 3928 instaurentur'’.
932 3873 975 3927 Ee
995 3875 1115 3929 exactio
1145 3875 1183 3929 ab
1203 3874 1260 3929 illis
1279 3878 1350 3928 tom·

224 3945 351 4014 poribus
370 3946 460 4000 etiam
479 3960 563 3999 nunc
582 3946 681 3998 durat.

179 4015 214 4070 18
313 4015 371 4084 Sic,
399 4032 468 4071 cum
492 4018 523 4070 in
550 4016 739 4086 reipublicae
763 4017 928 4086 perniciem
948 4015 1011 4070 Leo
1040 4016 1090 4070 ille
1116 4017 1223 4071 infelix
1252 4031 1349 4072 annos

224 4089 333 4159 viginti
353 4094 498 4158 quattuor
517 4092 685 4158 regnasset,
705 4105 743 4142 ex
765 4088 958 4158 dysenteriae
977 4088 1083 4142 morbo
1103 4089 1234 4143 animem
1254 4089 1349 4142 infeli·

224 4161 299 4215 citer
318 4161 477 4214 eructavit.

312 4231 338 4285 ὃ.
375 4231 543 4284 Romanum
570 4231 730 4300 imperinm
754 4246 817 4285 una
845 4246 913 4284 cum
941 4235 1071 4301 paterna
1089 4232 1244 4301 impietate
1262 4232 1349 4302 igno·

222 4303 369 4356 miniosus
388 4303 467 4356 iilius
486 4303 565 4357 filius
584 4304 725 4372 suscepit,
755 4303 887 4371 quinon
916 4302 1005 4357 modo
1027 4307 1134 4356 contre
1157 4303 1348 4358 venerabiies

222 4374 373 4444 imagines
392 4375 524 4442 insaniit,
553 4374 608 4429 sed
627 4377 658 4428 et
676 4375 852 4444 praestigiis
880 4375 937 4427 fuit
957 4373 1078 4429 deditus
1107 4379 1138 4429 et
1155 4375 1347 4430 victimarum
