3050 4775
263 458 318 516 694
531 458 668 519 ZONAB.
687 460 788 517 ΕΡΙΤ.
806 460 906 517 XVIII
926 461 968 531 12,
986 460 1083 530 8—13,
1103 460 1128 517 1.

264 642 295 705 οί
320 642 463 725 πολέμιοι
491 644 534 713 εἷς
561 642 618 725 τὴν
645 648 699 726 τῆς
727 643 856 725 Ταρσοῦ
884 642 1018 707 πεδιάδα
1049 642 1208 727 γενόμενοι
1231 648 1293 715 τοῖς
1311 644 1382 727 Ἀρ-

236 746 379 829 θμενίοις
401 746 548 811 ἐνέπεσον
570 745 624 809 καί
645 750 750 809 πᾶσαν
774 744 887 828 σχεδὸν
909 745 965 829 τὴν
987 746 1071 811 λείαν
1094 746 1262 829 ἀπέβαλον.
1304 748 1382 812 ἕνω-

263 847 417 919 τισθέντες
440 848 475 913 δέ
498 847 552 912 καί
573 847 629 931 τὴν
651 848 685 913 ἐν
700 848 825 930 Μόψου
842 848 924 931 ἑστίᾳ
941 852 1006 913 τῶν
1018 847 1186 931 Ῥωμαίων
1201 849 1384 932 ἐφέδρευσιν

220 958 255 1012 10
264 952 387 1035 ᾤχοντο
420 948 470 1014 διὰ
502 956 558 1034 τῆς
588 949 702 1022 νυκτός
731 950 787 1014 καλ
819 950 975 1035 διέφυγον.
1021 952 1109 1034 ὃτῴ
1135 952 1257 1034 βασιλεῖ
1283 951 1384 1035 λύπης

263 1052 415 1123 ύτιόθεσις
438 1054 555 1135 γέγονε,
584 1052 638 1117 καί
659 1053 819 1136 ἀπογνοὺς
848 1054 992 1137 ὡρμήκει
1020 1052 1102 1135 πρὸς
1130 1052 1166 1117 τδ
1194 1052 1410 1128 Βυζάντιον·5

219 1156 325 1239 11ἥδη
359 1156 419 1239 γὰρ
451 1157 561 1238 ἐπέστη
593 1154 648 1219 καί
678 1155 713 1220 τὸ
744 1155 941 1239 μετόπωρον.
988 1156 1039 1220 ὅτε
1065 1156 1120 1220 καί
1146 1157 1165 1219 δ
1192 1157 1291 1239 μέγας
1317 1162 1382 1220 τῶν

65 1244 460 1352 *fflfssmffloxeormv
483 1259 691 1343 ἐπυρπολήθη
714 1258 801 1341 ναός,
825 1262 915 1329 ἔτους
938 1258 1138 1341 ἐνισταμένου
1162 1258 1275 1343 γςφοηῖ

220 1366 255 1422 12
348 1360 576 1445 Ἐφιοταμένου
603 1361 640 1425 δέ
667 1384 701 1443 γε
726 1366 783 1426 τοῦ
811 1362 906 1443 ίαρος
929 1359 1086 1444 Μονουὴλ
1112 1362 1382 1445 πριοτοπρόεδρον

263 1462 317 1527 τὸν
340 1463 519 1547 Κομνηνόν,
554 1462 608 1527 τδν
629 1469 685 1528 τοῦ
707 1462 966 1547 βεβασιλευκότος
988 1464 1050 1547 ἤδη
1070 1463 1228 1527 Ὶσαακίου
1253 1464 1379 1547 ἀδελφι-

172 1571 200 1626 Ι)
220 1572 254 1627 13
264 1567 352 1649 δοῦν,
375 1566 617 1650 κουροπαλάτην
638 1568 771 1649 τιμήσας
793 1566 931 1650 ἐφίστησι
953 1572 1017 1637 τοῖς
1037 1566 1271 1649 στρατεύμασιν.
1310 1566 1381 1631 δδὲ
1393 1573 1428 1630 10

263 1670 334 1740 νίας
355 1669 415 1753 μέν
437 1669 602 1752 ἐτύγχανεν
624 1670 683 1751 ὢν,
706 1668 785 1753 ἦρχε
808 1669 842 1733 δὲ
858 1668 938 1732 κατὰ
954 1670 1112 1752 γέροντας,
1136 1669 1190 1732 καὶ
1204 1669 1382 1753 βαρβάρων

220 1777 255 1833 14
264 1772 403 1855 ἐντυχὼν
425 1778 552 1853 στρατιᾷ
572 1772 780 1855 προσμίγνυσι
802 1771 856 1835 καί
878 1778 959 1854 νικᾷ.
1003 1776 1096 1835 τοῦτο
1114 1770 1231 1855 λέγεται
1246 1780 1292 1854 τῷ
1308 1772 1380 1836 Διο-

264 1875 344 1955 γένει
365 1873 492 1956 φθόνον
513 1879 645 1957 κινῆσαι,
668 1874 723 1937 καί
746 1872 797 1939 διδ
820 1879 911 1937 τοῦτο
934 1880 989 1957 τῆς
1011 1872 1082 1956 περί
1105 1874 1224 1938 ἐκεῖνον
1239 1880 1383 1957 στρατιᾶς

220 1982 255 2037 15
263 1982 380 2059 μοῖραν
402 1977 463 2039 οῦκ
486 1976 647 2059 ἐλαχίστην
668 1976 842 2042 ἀποδιελεῖν
864 1976 918 2041 καί
934 1977 1044 2041 στεῖλαι
1059 1977 1139 2040 κατὰ
1155 1975 1285 2057 Συρίας.
1318 1976 1381 2041 εἶτα

263 2084 320 2143 τοῦ
346 2078 516 2162 Κομνηνοῦ
538 2078 616 2161 μετὰ
639 2084 703 2143 τῶν
725 2080 998 2164 ὑπολελειμμένων
1021 2082 1193 2163 γενομένου
1216 2080 1297 2143 κατὰ
1320 2080 1381 2144 Σε-
1395 2086 1429 2141 15

263 2183 417 2265 βάστειαν,
443 2180 597 2263 Τούρκανν
620 2182 760 2267 ἀνεφάνη
783 2184 918 2267 πληθύς,
941 2182 994 2247 καὶ
1017 2184 1103 2267 ἐπῄει
1117 2184 1238 2254 τούτοις
1253 2184 1381 2255 ἐκεῖνος.

223 2292 256 2345 16
266 2286 297 2347 oi
325 2283 360 2348 δὲ
388 2283 493 2367 φυγὴν
521 2284 749 2368 ὑπεκρίθησαν,
784 2286 836 2349 καί
870 2286 900 2349 οἱ
930 2285 1002 2367 περί
1032 2285 1086 2348 τὸν
1111 2283 1281 2369 Καμνηνόν
1311 2285 1384 2357 τοὺς

265 2461 283 2515 6
299 2462 360 2530 περὶ
378 2467 424 2515 τοῦ
442 2460 600 2529 ἐμπρησμοῦ
624 2468 671 2515 τοῦ
694 2469 760 2516 ναοῦ
779 2461 835 2530 (τοῦ
852 2462 880 2516 ἐν
898 2469 935 2516 τῶ
955 2469 1011 2517 ναῶ
1030 2463 1065 2526 Ε)
1085 2469 1138 2517 τῶν
1155 2463 1318 2532 Βλαχερνῶν
1337 2461 1384 2518 ΟΕ

265 2531 283 2585 8
299 2532 358 2600 περί
371 2539 416 2585 τοῦ
428 2533 572 2601 Κομνηνοῦ
585 2532 715 2601 Μαναυίγλ
732 2533 778 2587 καί
790 2535 864 2594 ὅπως
881 2533 987 2603 ἐλήφθη
1008 2532 1056 2589 ΟΕ
1073 2533 1240 2603 αἰχμάλωτος
1252 2535 1298 2588 καί
1311 2535 1384 2594 δ’πως

264 2602 420 2673 ἐπανῆλθεν,
437 2605 511 2672 ἄγων
529 2603 575 2657 καί
595 2603 638 2658 τὸν
655 2605 745 2659 ἑλόντα
762 2604 842 2660 αύτδν
864 2607 983 2674 Τοῦριιον
999 2608 1141 2676 πρόσφυγα
1160 2614 1197 2674 τῷ
1215 2605 1320 2677 βασιλεῖ
1335 2605 1358 2662 C

319 2784 335 2837 1
353 2781 477 2842 πεδιάδος
489 2779 525 2848 D,
543 2782 671 2837 παιδιόδα
683 2781 714 2851 C,
734 2798 811 2837 corr.
823 2782 869 2842 Cw
942 2784 966 2837 1.
977 2783 994 2838 2
1012 2792 1065 2843 τοῖς
1084 2785 1207 2854 τούρκοις
1223 2783 1227 2851 Ι
1243 2785 1384 2854 συνέμιξαν

319 2853 350 2921 C,
370 2868 446 2908 corr.
467 2851 513 2910 Cw
585 2853 667 2908 3καί
687 2853 787 2909 om.B
858 2857 1022 2924 μοιμονεστίᾳ
1043 2853 1166 2926 Ewth',
1185 2858 1278 2924 μόφου
1297 2857 1383 2911 ἑστίαν

318 2923 379 2992 ΑΒ,
397 2926 490 2993 μύφου
509 2925 594 2986 ἑστίας
613 2924 644 2989 C,
671 2929 764 2994 μόιγου
783 2925 854 2980 ἐστια
883 2931 916 2990 (s.
936 2942 998 2982 acc.
1018 2930 1048 2981 ei
1067 2929 1187 2996 punctis
1209 2931 1302 2981 notat.
1322 2943 1384 2981 rnu-

319 3001 415 3051 tattlm
435 3013 474 3050 ex
493 2996 604 3065 ε’στίσας)
624 2997 660 3064 D,
679 3013 708 3051 v.
727 2997 768 3050 nd
786 2996 855 3051 XVI
875 2997 918 3065 95,
938 2997 955 3052 3
1056 3007 1110 3067 τῷν
1129 2999 1193 3062 (sie)
1213 2997 1239 3052 A
1338 2998 1384 3067 ἐφ-

318 3068 438 3136 ίδρευσιν
453 3067 579 3137 prDi,
598 3067 796 3137 έφεδρεύουξσιν
809 3067 836 3123 Α
907 3069 1011 3139 iipost
1023 3069 1072 3138 γὰρ
1086 3069 1155 3123 add.
1169 3070 1214 3124 καί
1227 3069 1254 3122 D
1325 3091 1385 3138 μετ-

319 3139 436 3206 ώπωρον
455 3139 527 3208 Ewp
650 3140 666 3194 ’ί
687 3142 772 3208 ,ςφοφ
795 3139 821 3193 Α
841 3138 959 3210 Seylitz.
980 3157 1007 3211 p.
1027 3141 1088 3209 685,
1106 3141 1131 3209 6,
1159 3142 1384 3210 ίξακισχιλιοσιοῦ

319 3211 524 3278 (ἐξασχιλιοσιοῦ
538 3210 844 3281 νι*ρ)πεντακοσιοστοῦ
858 3211 938 3279 (πενι.
952 3228 1009 3266 om.
1021 3211 1056 3277 D,
1078 3233 1123 3280 ,ςφ
1136 3212 1170 3280 C)
1184 3213 1385 3282 ἕβδομηιιοστοῦ

319 3283 415 3351 δγδόου
428 3281 547 3350 prDi
610 3283 866 3350 8πρωτοπρόεδρας
885 3283 913 3337 Ι)
978 3283 1010 3336 11
1030 3283 1108 3352 δὴΒ
1173 3283 1207 3336 12
1225 3284 1270 3338 καί
1290 3283 1384 3338 om.B

354 3353 399 3407 τὸν
418 3354 539 3422 ὄιογίνην
557 3353 585 3407 Ι)
670 3353 703 3407 16
722 3358 791 3424 post
809 3354 855 3409 καὶ
874 3354 942 3408 odd.
963 3354 984 3408 τ’
1003 3355 1123 3424 punctis
1142 3359 1281 3410 notatum
1300 3355 1327 3408 D

321 3424 354 3480 17
374 3423 463 3494 φυγὴν
481 3422 608 3496 prDi.
627 3434 721 3495 φυγεῖν
739 3424 767 3479 Α

238 3600 305 3656 9ου
323 3599 474 3658 Armeniis
494 3605 575 3657 omni
594 3603 659 3658 fere
678 3603 793 3674 praede
813 3604 932 3674 spoliati
952 3609 1030 3673 sunt,
1050 3605 1223 3674 auditisque
1238 3605 1386 3662 Romano·

265 3688 331 3728 rum
355 3673 396 3728 ed
415 3673 651 3744 Mopsuhestiem
677 3674 801 3743 inetdiis,
830 3683 923 3731 noctu
948 3677 1005 3732 iter
1029 3677 1158 3746 ingressi
1188 3677 1385 3748 diflugerunt,

221 3743 256 3796 10
266 3760 345 3814 quae
363 3761 412 3800 reo
424 3747 491 3816 regi
505 3760 599 3800 cenea
612 3747 758 3801 maeroris
773 3748 839 3813 fuit,
858 3755 892 3802 ut
911 3749 1003 3803 rebus
1023 3749 1190 3818 desperatis
1204 3749 1384 3818 Byzantium

220 3815 253 3867 11
265 3815 391 3885 rediret3
410 3819 471 3870 iem
491 3818 570 3871 enim
583 3822 749 3872 autumnus
761 3819 902 3874 instabat.
940 3819 1017 3874 Tum
1033 3819 1246 3876 Blachernium
1263 3836 1386 3892 quoque

266 3903 411 3956 magnum
439 3890 583 3958 templum
611 3889 822 3959 conflagravit,
853 3907 934 3946 enno
963 3891 1002 3946 eb
1031 3892 1105 3946 orbe
1133 3891 1255 3948 condito
1284 3893 1385 3948 sexies

264 3959 421 4014 millesimo
440 3961 684 4031 quingenteeImo
703 3963 928 4032 septuagesimo
949 3967 1067 4018 octavo.

221 4027 256 4082 12
353 4031 489 4086 Instante
509 4047 582 4087 vere
601 4031 772 4086 Menuolem
791 4034 1044 4103 protoproedrum
1063 4034 1258 4104 Comnennm,
1287 4035 1384 4090 lenaei

265 4102 348 4172 regie
377 4117 416 4158 ex
444 4105 540 4157 fratre
566 4113 717 4173 nepotem,
750 4103 955 4173 europalatem
988 4106 1180 4176 designatum
1208 4105 1385 4176 ‘legionibus

222 4172 255 4226 13
265 4175 420 4244 praefecit,
442 4176 494 4243 qui
515 4177 654 4245 quemvis
667 4175 847 4231 adulescens
861 4191 929 4230 oum
942 4177 1028 4230 eoniii
1041 4177 1204 4247 prudentie
1218 4179 1384 4232 exereitum

220 4243 256 4297 14
265 4251 395 4315 regeret,
423 4246 571 4301 barbaros
591 4247 671 4300 vicit.
708 4247 912 4311 Quamobrem
931 4247 1085 4318 Diogenes
1109 4249 1225 4304 invidio
1249 4248 1385 4304 initium

265 4325 428 4386 permotus,
452 4323 539 4387 parte
557 4333 621 4372 non
638 4318 761 4373 minime
781 4321 937 4389 copiarum
956 4319 1107 4390 adempto,
1127 4335 1197 4375 eum
1216 4320 1247 4373 in
1265 4319 1383 4390 Syriam

221 4385 255 4441 15
266 4388 352 4442 misit.
391 4387 465 4443 Inde
479 4388 633 4444 Comneno
653 4405 721 4444 cnm
739 4389 862 4459 reliquis
875 4389 1043 4447 Sebastiam
1063 4393 1200 4462 proiecto
1214 4391 1383 4446 Turcorum

222 4458 256 4513 16
265 4459 425 4516 multitudo
444 4476 477 4517 se
491 4459 630 4530 ostendit,
650 4462 702 4532 qui
715 4462 838 4517 barbari
851 4463 991 4518 simulato
1004 4463 1089 4534 fuga,
1108 4463 1158 4522 iilo
1172 4469 1384 4535 persequente,
