<?xml version="1.0" encoding="UTF-8"?>
<!DOCTYPE html PUBLIC "-//W3C//DTD XHTML 1.0 Transitional//EN"
    "http://www.w3.org/TR/xhtml1/DTD/xhtml1-transitional.dtd">
<html xmlns="http://www.w3.org/1999/xhtml" xml:lang="en" lang="en">
 <head>
  <title>
</title>
<meta http-equiv="Content-Type" content="text/html;charset=utf-8" />
  <meta name='ocr-system' content='tesseract 3.04.00' />
  <meta name='ocr-capabilities' content='ocr_page ocr_carea ocr_par ocr_line ocrx_word'/>
</head>
<body>
  <div class='ocr_page' id='page_1' title='image "./corpusscriptoru01theogoog/corpusscriptoru01theogoog_0099.png"; bbox 0 0 3050 4775; ppageno 0'>
   <div class='ocr_carea' id='block_1_1' title="bbox 374 378 1266 456">
    <p class='ocr_par' dir='ltr' id='par_1_1' title="bbox 374 378 1266 456">
     <span class='ocr_line' id='line_1_1' title="bbox 374 378 1266 456; baseline -0.001 -2"><span class='ocrx_word' id='word_1_1' title='bbox 374 378 558 456; x_wconf 68' lang='lat' dir='ltr'>intimus</span> <span class='ocrx_word' id='word_1_2' title='bbox 576 379 785 455; x_wconf 75' lang='lat' dir='ltr'>Aeosrnr&#39;n</span> <span class='ocrx_word' id='word_1_3' title='bbox 805 385 1041 455; x_wconf 70' lang='lat' dir='ltr'>intention.</span> <span class='ocrx_word' id='word_1_4' title='bbox 1233 386 1266 454; x_wconf 83' lang='lat' dir='ltr'><strong><em>tr</em></strong></span> 
     </span>
    </p>
   </div>
   <div class='ocr_carea' id='block_1_2' title="bbox 2 580 1479 1895">
    <p class='ocr_par' dir='ltr' id='par_1_2' title="bbox 145 580 1313 767">
     <span class='ocr_line' id='line_1_2' title="bbox 146 580 1305 666; baseline -0.003 -20"><span class='ocrx_word' id='word_1_5' title='bbox 146 583 183 646; x_wconf 86' lang='grc' dir='ltr'><strong><em>δὲ</em></strong></span> <span class='ocrx_word' id='word_1_6' title='bbox 206 581 259 646; x_wconf 90' lang='grc' dir='ltr'><strong><em>τὸν</em></strong></span> <span class='ocrx_word' id='word_1_7' title='bbox 282 583 415 653; x_wconf 80' lang='grc' dir='ltr'><em>εὐτελῶς</em></span> <span class='ocrx_word' id='word_1_8' title='bbox 436 580 587 645; x_wconf 76' lang='grc' dir='ltr'><strong><em>εἰπόντων</em></strong></span> <span class='ocrx_word' id='word_1_9' title='bbox 602 581 843 664; x_wconf 72' lang='grc' dir='ltr'><strong><em>ἐσκευασμένον,</em></strong></span> <span class='ocrx_word' id='word_1_10' title='bbox 867 583 1068 666; x_wconf 79' lang='grc' dir='ltr'><strong><em>παρῃτήσατο</em></strong></span> <span class='ocrx_word' id='word_1_11' title='bbox 1083 581 1137 645; x_wconf 86' lang='grc' dir='ltr'><strong><em>τὸν</em></strong></span> <span class='ocrx_word' id='word_1_12' title='bbox 1152 581 1305 645; x_wconf 86' lang='grc' dir='ltr'><strong><em>λοιπόν.Ι)</em></strong></span> 
     </span>
     <span class='ocr_line' id='line_1_3' title="bbox 145 682 1313 767; baseline -0.003 -21"><span class='ocrx_word' id='word_1_13' title='bbox 145 692 243 748; x_wconf 73' lang='grc' dir='ltr'><strong><em>ταῦτα</em></strong></span> <span class='ocrx_word' id='word_1_14' title='bbox 273 682 301 748; x_wconf 92' lang='grc' dir='ltr'><strong><em>δ’</em></strong></span> <span class='ocrx_word' id='word_1_15' title='bbox 331 687 425 748; x_wconf 62' lang='lat' dir='ltr'>erote</span> <span class='ocrx_word' id='word_1_16' title='bbox 456 685 552 757; x_wconf 87' lang='grc' dir='ltr'><strong><em>δόξαν</em></strong></span> <span class='ocrx_word' id='word_1_17' title='bbox 582 686 698 767; x_wconf 83' lang='grc' dir='ltr'><strong><em>θηρῶν</em></strong></span> <span class='ocrx_word' id='word_1_18' title='bbox 730 685 766 747; x_wconf 74' lang='grc' dir='ltr'><strong><em>ἐκ</em></strong></span> <span class='ocrx_word' id='word_1_19' title='bbox 798 691 854 748; x_wconf 83' lang='grc' dir='ltr'><strong><em>τοῦ</em></strong></span> <span class='ocrx_word' id='word_1_20' title='bbox 888 685 992 748; x_wconf 86' lang='grc' dir='ltr'><strong><em>δοκεῖν</em></strong></span> <span class='ocrx_word' id='word_1_21' title='bbox 1024 685 1184 766; x_wconf 86' lang='grc' dir='ltr'><strong><em>ἀπέριττος</em></strong></span> <span class='ocrx_word' id='word_1_22' title='bbox 1216 683 1313 746; x_wconf 74' lang='lat' dir='ltr'>ualli)</span> 
     </span>
    </p>

    <p class='ocr_par' dir='ltr' id='par_1_3' title="bbox 2 786 1313 972">
     <span class='ocr_line' id='line_1_4' title="bbox 2 786 1313 870; baseline -0.003 -21"><span class='ocrx_word' id='word_1_23' title='bbox 2 795 133 849; x_wconf 78' lang='lat' dir='ltr'>Dlll‘211</span> <span class='ocrx_word' id='word_1_24' title='bbox 147 789 250 858; x_wconf 88' lang='grc' dir='ltr'><strong><em>ὄντως</em></strong></span> <span class='ocrx_word' id='word_1_25' title='bbox 272 789 457 870; x_wconf 80' lang='grc' dir='ltr'><strong><em>φιλόσοφος.</em></strong></span> <span class='ocrx_word' id='word_1_26' title='bbox 503 793 566 857; x_wconf 85' lang='grc' dir='ltr'><strong><em>τοῖς</em></strong></span> <span class='ocrx_word' id='word_1_27' title='bbox 589 788 789 868; x_wconf 80' lang='grc' dir='ltr'><strong><em>στρατιώταις</em></strong></span> <span class='ocrx_word' id='word_1_28' title='bbox 813 787 847 850; x_wconf 80' lang='grc' dir='ltr'><strong><em>δὲ</em></strong></span> <span class='ocrx_word' id='word_1_29' title='bbox 871 787 1029 868; x_wconf 79' lang='grc' dir='ltr'><strong><em>διανείμας</em></strong></span> <span class='ocrx_word' id='word_1_30' title='bbox 1056 787 1203 869; x_wconf 87' lang='grc' dir='ltr'><strong><em>χρήματα</em></strong></span> <span class='ocrx_word' id='word_1_31' title='bbox 1227 786 1269 855; x_wconf 82' lang='grc' dir='ltr'><strong><em>εἷς</em></strong></span> <span class='ocrx_word' id='word_1_32' title='bbox 1279 792 1313 845; x_wconf 90' lang='grc'><strong><em>16</em></strong></span> 
     </span>
     <span class='ocr_line' id='line_1_5' title="bbox 146 889 842 972; baseline 0 -20"><span class='ocrx_word' id='word_1_33' title='bbox 146 891 202 953; x_wconf 86' lang='grc' dir='ltr'><strong><em>τὸν</em></strong></span> <span class='ocrx_word' id='word_1_34' title='bbox 225 891 305 953; x_wconf 89' lang='grc' dir='ltr'><strong><em>κατά</em></strong></span> <span class='ocrx_word' id='word_1_35' title='bbox 328 889 467 972; x_wconf 88' lang='grc' dir='ltr'><strong><em>Περσῶν</em></strong></span> <span class='ocrx_word' id='word_1_36' title='bbox 490 891 672 972; x_wconf 74' lang='grc' dir='ltr'><strong><em>ἡτοιμάζετο</em></strong></span> <span class='ocrx_word' id='word_1_37' title='bbox 695 890 842 972; x_wconf 84' lang='grc' dir='ltr'><strong><em>πόλεμον.</em></strong></span> 
     </span>
    </p>

    <p class='ocr_par' dir='ltr' id='par_1_4' title="bbox 117 991 1314 1484">
     <span class='ocr_line' id='line_1_6' title="bbox 117 991 1313 1076; baseline -0.004 -20"><span class='ocrx_word' id='word_1_38' title='bbox 117 1003 136 1056; x_wconf 77' lang='lat'>5</span> <span class='ocrx_word' id='word_1_39' title='bbox 239 993 455 1074; x_wconf 76' lang='grc' dir='ltr'><strong><em>Αὐτοκράτωρ</em></strong></span> <span class='ocrx_word' id='word_1_40' title='bbox 480 993 514 1056; x_wconf 86' lang='grc' dir='ltr'><strong><em>δὲ</em></strong></span> <span class='ocrx_word' id='word_1_41' title='bbox 537 993 676 1075; x_wconf 86' lang='grc' dir='ltr'><strong><em>γεγονὼς</em></strong></span> <span class='ocrx_word' id='word_1_42' title='bbox 698 992 752 1054; x_wconf 83' lang='grc' dir='ltr'><strong><em>καί</em></strong></span> <span class='ocrx_word' id='word_1_43' title='bbox 775 993 879 1074; x_wconf 83' lang='grc' dir='ltr'><strong><em>ἑαυτῷ</em></strong></span> <span class='ocrx_word' id='word_1_44' title='bbox 902 992 957 1074; x_wconf 78' lang='grc' dir='ltr'><strong><em>τὴν</em></strong></span> <span class='ocrx_word' id='word_1_45' title='bbox 985 991 1086 1074; x_wconf 83' lang='grc' dir='ltr'><strong><em>ἀρχὴν</em></strong></span> <span class='ocrx_word' id='word_1_46' title='bbox 1114 993 1268 1076; x_wconf 86' lang='grc' dir='ltr'><strong><em>κρατυνά-</em></strong></span> <span class='ocrx_word' id='word_1_47' title='bbox 1281 999 1313 1052; x_wconf 83' lang='grc'><strong><em>11</em></strong></span> 
     </span>
     <span class='ocr_line' id='line_1_7' title="bbox 145 1095 1314 1178; baseline -0.002 -22"><span class='ocrx_word' id='word_1_48' title='bbox 145 1120 245 1178; x_wconf 84' lang='grc' dir='ltr'><strong><em>μενος</em></strong></span> <span class='ocrx_word' id='word_1_49' title='bbox 270 1097 381 1158; x_wconf 83' lang='grc' dir='ltr'><strong><em>αὐτίκα</em></strong></span> <span class='ocrx_word' id='word_1_50' title='bbox 408 1097 452 1166; x_wconf 85' lang='grc' dir='ltr'><strong><em>εἰς</em></strong></span> <span class='ocrx_word' id='word_1_51' title='bbox 477 1102 639 1176; x_wconf 81' lang='grc' dir='ltr'><strong><em>προῦπτον</em></strong></span> <span class='ocrx_word' id='word_1_52' title='bbox 666 1095 818 1177; x_wconf 79' lang='grc' dir='ltr'><strong><em>ἐξερράγη</em></strong></span> <span class='ocrx_word' id='word_1_53' title='bbox 847 1095 1037 1177; x_wconf 86' lang='grc' dir='ltr'><strong><em>ἕλληνισμόν.</em></strong></span> <span class='ocrx_word' id='word_1_54' title='bbox 1085 1095 1314 1176; x_wconf 81' lang='grc' dir='ltr'><strong><em>ἕξωμόσατο18</em></strong></span> 
     </span>
     <span class='ocr_line' id='line_1_8' title="bbox 146 1197 1269 1280; baseline 0 -20"><span class='ocrx_word' id='word_1_55' title='bbox 146 1199 207 1280; x_wconf 78' lang='grc' dir='ltr'><strong><em>μὲν</em></strong></span> <span class='ocrx_word' id='word_1_56' title='bbox 230 1197 291 1279; x_wconf 86' lang='grc' dir='ltr'><strong><em>γὰρ</em></strong></span> <span class='ocrx_word' id='word_1_57' title='bbox 307 1198 471 1280; x_wconf 81' lang='grc' dir='ltr'><strong><em>πρότερον,</em></strong></span> <span class='ocrx_word' id='word_1_58' title='bbox 496 1198 542 1268; x_wconf 88' lang='grc' dir='ltr'><strong><em>ὡς</em></strong></span> <span class='ocrx_word' id='word_1_59' title='bbox 559 1199 685 1280; x_wconf 81' lang='grc' dir='ltr'><strong><em>εἴρηται,</em></strong></span> <span class='ocrx_word' id='word_1_60' title='bbox 708 1197 745 1259; x_wconf 87' lang='grc' dir='ltr'><strong><em>τὰ</em></strong></span> <span class='ocrx_word' id='word_1_61' title='bbox 761 1201 957 1279; x_wconf 79' lang='grc' dir='ltr'><strong><em>χριστιανῶν,</em></strong></span> <span class='ocrx_word' id='word_1_62' title='bbox 981 1198 1019 1260; x_wconf 79' lang='grc' dir='ltr'><strong><em>οὗ</em></strong></span> <span class='ocrx_word' id='word_1_63' title='bbox 1034 1197 1099 1280; x_wconf 81' lang='grc' dir='ltr'><strong><em>μὴν</em></strong></span> <span class='ocrx_word' id='word_1_64' title='bbox 1115 1199 1158 1268; x_wconf 88' lang='grc' dir='ltr'><strong><em>εἰς</em></strong></span> <span class='ocrx_word' id='word_1_65' title='bbox 1172 1198 1269 1278; x_wconf 85' lang='grc' dir='ltr'><strong><em>τούμ-</em></strong></span> 
     </span>
     <span class='ocr_line' id='line_1_9' title="bbox 147 1298 1314 1382; baseline -0.003 -19"><span class='ocrx_word' id='word_1_66' title='bbox 147 1300 249 1382; x_wconf 81' lang='grc' dir='ltr'><strong><em>ιμανὲς</em></strong></span> <span class='ocrx_word' id='word_1_67' title='bbox 271 1300 400 1382; x_wconf 79' lang='grc' dir='ltr'><strong><em>ἐκρῆξαι</em></strong></span> <span class='ocrx_word' id='word_1_68' title='bbox 422 1299 478 1382; x_wconf 82' lang='grc' dir='ltr'><strong><em>τὴν</em></strong></span> <span class='ocrx_word' id='word_1_69' title='bbox 501 1300 600 1362; x_wconf 89' lang='grc' dir='ltr'><strong><em>ῶδῖνα</em></strong></span> <span class='ocrx_word' id='word_1_70' title='bbox 620 1306 676 1382; x_wconf 83' lang='grc' dir='ltr'><strong><em>τῆς</em></strong></span> <span class='ocrx_word' id='word_1_71' title='bbox 699 1299 842 1382; x_wconf 81' lang='grc' dir='ltr'><strong><em>ἀσεβείας</em></strong></span> <span class='ocrx_word' id='word_1_72' title='bbox 865 1299 1024 1382; x_wconf 77' lang='grc' dir='ltr'><strong><em>ἐτόλμησε.</em></strong></span> <span class='ocrx_word' id='word_1_73' title='bbox 1070 1301 1186 1381; x_wconf 85' lang='grc' dir='ltr'><strong><em>λέγεται</em></strong></span> <span class='ocrx_word' id='word_1_74' title='bbox 1210 1298 1314 1382; x_wconf 87' lang='grc' dir='ltr'><strong><em>γάρ19</em></strong></span> 
     </span>
     <span class='ocr_line' id='line_1_10' title="bbox 149 1401 1270 1484; baseline -0.001 -19"><span class='ocrx_word' id='word_1_75' title='bbox 149 1403 195 1465; x_wconf 88' lang='grc' dir='ltr'><strong><em>ὅτι</em></strong></span> <span class='ocrx_word' id='word_1_76' title='bbox 223 1405 326 1484; x_wconf 82' lang='grc' dir='ltr'><strong><em>ἔρωτα</em></strong></span> <span class='ocrx_word' id='word_1_77' title='bbox 352 1403 480 1484; x_wconf 83' lang='grc' dir='ltr'><strong><em>τρέφων</em></strong></span> <span class='ocrx_word' id='word_1_78' title='bbox 507 1408 562 1484; x_wconf 86' lang='grc' dir='ltr'><strong><em>τῆς</em></strong></span> <span class='ocrx_word' id='word_1_79' title='bbox 583 1402 740 1484; x_wconf 80' lang='grc' dir='ltr'><strong><em>βασιλείας</em></strong></span> <span class='ocrx_word' id='word_1_80' title='bbox 767 1402 820 1464; x_wconf 85' lang='grc' dir='ltr'><strong><em>καὶ</em></strong></span> <span class='ocrx_word' id='word_1_81' title='bbox 851 1401 897 1472; x_wconf 86' lang='grc' dir='ltr'><strong><em>ὡς</em></strong></span> <span class='ocrx_word' id='word_1_82' title='bbox 925 1401 988 1464; x_wconf 83' lang='grc' dir='ltr'><strong><em>ὑπὸ</em></strong></span> <span class='ocrx_word' id='word_1_83' title='bbox 1017 1402 1133 1484; x_wconf 78' lang='grc' dir='ltr'><strong><em>σποδιᾷ</em></strong></span> <span class='ocrx_word' id='word_1_84' title='bbox 1160 1407 1270 1465; x_wconf 79' lang='grc' dir='ltr'><strong><em>τοῦτον</em></strong></span> 
     </span>
    </p>

    <p class='ocr_par' dir='ltr' id='par_1_5' title="bbox 106 1504 1479 1895">
     <span class='ocr_line' id='line_1_11' title="bbox 106 1504 1269 1588; baseline -0.003 -18"><span class='ocrx_word' id='word_1_85' title='bbox 106 1507 301 1586; x_wconf 83' lang='grc' dir='ltr'><strong><em>1οκριίπιων</em></strong></span> <span class='ocrx_word' id='word_1_86' title='bbox 323 1506 356 1568; x_wconf 80' lang='grc' dir='ltr'><strong><em>ἒν</em></strong></span> <span class='ocrx_word' id='word_1_87' title='bbox 378 1511 416 1588; x_wconf 79' lang='grc' dir='ltr'><strong><em>τῇ</em></strong></span> <span class='ocrx_word' id='word_1_88' title='bbox 438 1511 528 1588; x_wconf 83' lang='grc' dir='ltr'><strong><em>ψυχῇ</em></strong></span> <span class='ocrx_word' id='word_1_89' title='bbox 550 1505 676 1586; x_wconf 86' lang='grc' dir='ltr'><strong><em>μάντεσι</em></strong></span> <span class='ocrx_word' id='word_1_90' title='bbox 698 1505 830 1587; x_wconf 82' lang='grc' dir='ltr'><strong><em>προσῄει</em></strong></span> <span class='ocrx_word' id='word_1_91' title='bbox 853 1505 906 1567; x_wconf 84' lang='grc' dir='ltr'><strong><em>καί</em></strong></span> <span class='ocrx_word' id='word_1_92' title='bbox 930 1504 1046 1588; x_wconf 81' lang='grc' dir='ltr'><strong><em>γόησιν,</em></strong></span> <span class='ocrx_word' id='word_1_93' title='bbox 1071 1505 1174 1568; x_wconf 79' lang='grc' dir='ltr'><strong><em>εἰτοῦ</em></strong></span> <span class='ocrx_word' id='word_1_94' title='bbox 1190 1504 1269 1587; x_wconf 87' lang='grc' dir='ltr'><strong><em>κρά-</em></strong></span> 
     </span>
     <span class='ocr_line' id='line_1_12' title="bbox 148 1603 1271 1688; baseline 0.002 -20"><span class='ocrx_word' id='word_1_95' title='bbox 148 1631 224 1676; x_wconf 90' lang='grc' dir='ltr'><strong><em>τους</em></strong></span> <span class='ocrx_word' id='word_1_96' title='bbox 245 1607 379 1679; x_wconf 91' lang='grc' dir='ltr'><strong><em>τεύξεται</em></strong></span> <span class='ocrx_word' id='word_1_97' title='bbox 401 1606 652 1688; x_wconf 83' lang='grc' dir='ltr'><strong><em>πυνθανόμενος,</em></strong></span> <span class='ocrx_word' id='word_1_98' title='bbox 688 1607 742 1669; x_wconf 86' lang='grc' dir='ltr'><strong><em>καὶ</em></strong></span> <span class='ocrx_word' id='word_1_99' title='bbox 768 1603 843 1687; x_wconf 81' lang='grc' dir='ltr'><strong><em>παρ’</em></strong></span> <span class='ocrx_word' id='word_1_100' title='bbox 868 1607 997 1669; x_wconf 85' lang='grc' dir='ltr'><strong><em>ἐκείνων</em></strong></span> <span class='ocrx_word' id='word_1_101' title='bbox 1021 1606 1194 1688; x_wconf 84' lang='grc' dir='ltr'><strong><em>διέφθαρτο</em></strong></span> <span class='ocrx_word' id='word_1_102' title='bbox 1217 1607 1271 1670; x_wconf 80' lang='grc' dir='ltr'><strong><em>καί</em></strong></span> 
     </span>
     <span class='ocr_line' id='line_1_13' title="bbox 148 1707 1316 1791; baseline 0.002 -20"><span class='ocrx_word' id='word_1_103' title='bbox 148 1710 318 1791; x_wconf 83' lang='grc' dir='ltr'><strong><em>μετήνεκτο</em></strong></span> <span class='ocrx_word' id='word_1_104' title='bbox 344 1710 388 1779; x_wconf 87' lang='grc' dir='ltr'><strong><em>είς</em></strong></span> <span class='ocrx_word' id='word_1_105' title='bbox 414 1707 603 1791; x_wconf 84' lang='grc' dir='ltr'><strong><em>ἑλληνισμόν.</em></strong></span> <span class='ocrx_word' id='word_1_106' title='bbox 660 1708 767 1791; x_wconf 86' lang='grc' dir='ltr'><strong><em>τυχῶν</em></strong></span> <span class='ocrx_word' id='word_1_107' title='bbox 799 1709 833 1771; x_wconf 79' lang='grc' dir='ltr'><strong><em>δὲ·</em></strong></span> <span class='ocrx_word' id='word_1_108' title='bbox 865 1714 920 1771; x_wconf 86' lang='grc' dir='ltr'><strong><em>τοῦ</em></strong></span> <span class='ocrx_word' id='word_1_109' title='bbox 953 1709 1089 1790; x_wconf 89' lang='grc' dir='ltr'><strong><em>κράτους</em></strong></span> <span class='ocrx_word' id='word_1_110' title='bbox 1120 1715 1184 1780; x_wconf 89' lang='grc' dir='ltr'><strong><em>τοῖς</em></strong></span> <span class='ocrx_word' id='word_1_111' title='bbox 1216 1709 1316 1773; x_wconf 75' lang='grc' dir='ltr'><strong><em>τίν-20</em></strong></span> 
     </span>
     <span class='ocr_line' id='line_1_14' title="bbox 149 1810 1479 1895; baseline 0 -21"><span class='ocrx_word' id='word_1_112' title='bbox 149 1813 289 1894; x_wconf 76' lang='grc' dir='ltr'><strong><em>εφίκτοις</em></strong></span> <span class='ocrx_word' id='word_1_113' title='bbox 306 1813 435 1894; x_wconf 88' lang='grc' dir='ltr'><strong><em>κρίμασι</em></strong></span> <span class='ocrx_word' id='word_1_114' title='bbox 457 1818 512 1874; x_wconf 80' lang='grc' dir='ltr'><strong><em>τοῦ</em></strong></span> <span class='ocrx_word' id='word_1_115' title='bbox 535 1812 614 1874; x_wconf 87' lang='grc' dir='ltr'><strong><em>θεοῦ</em></strong></span> <span class='ocrx_word' id='word_1_116' title='bbox 637 1810 774 1881; x_wconf 85' lang='grc' dir='ltr'><strong><em>πολλοὺς</em></strong></span> <span class='ocrx_word' id='word_1_117' title='bbox 796 1812 960 1893; x_wconf 82' lang='grc' dir='ltr'><strong><em>εἰργάσατο</em></strong></span> <span class='ocrx_word' id='word_1_118' title='bbox 983 1812 1161 1895; x_wconf 87' lang='grc' dir='ltr'><strong><em>μάρτυρας·</em></strong></span> <span class='ocrx_word' id='word_1_119' title='bbox 1185 1813 1270 1876; x_wconf 83' lang='grc' dir='ltr'><strong><em>οὕτω</em></strong></span> <span class='ocrx_word' id='word_1_120' title='bbox 1281 1821 1313 1874; x_wconf 82' lang='lat'><strong><em>21</em></strong></span> <span class='ocrx_word' id='word_1_121' title='bbox 1336 1820 1396 1874; x_wconf 87' lang='grc' dir='ltr'><strong><em>ΡΠ</em></strong></span> <span class='ocrx_word' id='word_1_122' title='bbox 1408 1820 1479 1875; x_wconf 70' lang='lat' dir='ltr'><strong><em>ten</em></strong></span> 
     </span>
    </p>
   </div>
   <div class='ocr_carea' id='block_1_3' title="bbox 105 1912 1316 2409">
    <p class='ocr_par' dir='ltr' id='par_1_6' title="bbox 105 1912 1316 2409">
     <span class='ocr_line' id='line_1_15' title="bbox 150 1912 1306 1998; baseline -0.001 -21"><span class='ocrx_word' id='word_1_123' title='bbox 150 1915 213 1996; x_wconf 87' lang='grc' dir='ltr'><strong><em>γὰρ</em></strong></span> <span class='ocrx_word' id='word_1_124' title='bbox 236 1915 368 1997; x_wconf 81' lang='grc' dir='ltr'><strong><em>ἐξεμάνη</em></strong></span> <span class='ocrx_word' id='word_1_125' title='bbox 392 1913 473 1976; x_wconf 86' lang='grc' dir='ltr'><strong><em>κατὰ</em></strong></span> <span class='ocrx_word' id='word_1_126' title='bbox 496 1918 682 1996; x_wconf 90' lang='grc' dir='ltr'><strong><em>χριστιανῶν</em></strong></span> <span class='ocrx_word' id='word_1_127' title='bbox 705 1913 752 1984; x_wconf 88' lang='grc' dir='ltr'><strong><em>ὡς</em></strong></span> <span class='ocrx_word' id='word_1_128' title='bbox 779 1914 834 1976; x_wconf 86' lang='grc' dir='ltr'><strong><em>καὶ</em></strong></span> <span class='ocrx_word' id='word_1_129' title='bbox 861 1914 995 1977; x_wconf 78' lang='grc' dir='ltr'><strong><em>κωλύειν</em></strong></span> <span class='ocrx_word' id='word_1_130' title='bbox 1021 1912 1136 1984; x_wconf 83' lang='grc' dir='ltr'><strong><em>αὐτοὺς</em></strong></span> <span class='ocrx_word' id='word_1_131' title='bbox 1161 1915 1269 1998; x_wconf 88' lang='grc' dir='ltr'><strong><em>μαθη-</em></strong></span> <span class='ocrx_word' id='word_1_132' title='bbox 1301 1969 1306 1976; x_wconf 92' lang='grc'><strong>.</strong></span> 
     </span>
     <span class='ocr_line' id='line_1_16' title="bbox 105 2015 1269 2099; baseline 0.003 -21"><span class='ocrx_word' id='word_1_133' title='bbox 105 2018 262 2098; x_wconf 68' lang='grc' dir='ltr'><strong><em>ιόμάτων</em></strong></span> <span class='ocrx_word' id='word_1_134' title='bbox 282 2018 420 2099; x_wconf 86' lang='grc' dir='ltr'><strong><em>μετέχειν</em></strong></span> <span class='ocrx_word' id='word_1_135' title='bbox 438 2015 637 2099; x_wconf 80' lang='grc' dir='ltr'><strong><em>Ἑλληνικῶν,</em></strong></span> <span class='ocrx_word' id='word_1_136' title='bbox 665 2015 711 2098; x_wconf 86' lang='grc' dir='ltr'><strong><em>μὴ</em></strong></span> <span class='ocrx_word' id='word_1_137' title='bbox 737 2015 800 2079; x_wconf 86' lang='grc' dir='ltr'><strong><em>δεῖν</em></strong></span> <span class='ocrx_word' id='word_1_138' title='bbox 823 2016 924 2098; x_wconf 84' lang='grc' dir='ltr'><strong><em>λέγων</em></strong></span> <span class='ocrx_word' id='word_1_139' title='bbox 945 2018 1074 2098; x_wconf 87' lang='grc' dir='ltr'><strong><em>μύθους</em></strong></span> <span class='ocrx_word' id='word_1_140' title='bbox 1096 2017 1175 2080; x_wconf 80' lang='grc' dir='ltr'><strong><em>αὐτὰ</em></strong></span> <span class='ocrx_word' id='word_1_141' title='bbox 1199 2017 1269 2082; x_wconf 88' lang='grc' dir='ltr'><strong><em>ὀνο-</em></strong></span> 
     </span>
     <span class='ocr_line' id='line_1_17' title="bbox 148 2118 1270 2203; baseline 0.002 -21"><span class='ocrx_word' id='word_1_142' title='bbox 148 2119 308 2201; x_wconf 86' lang='grc' dir='ltr'><strong><em>μάζοντάς</em></strong></span> <span class='ocrx_word' id='word_1_143' title='bbox 333 2144 365 2182; x_wconf 93' lang='grc' dir='ltr'><strong><em>τε</em></strong></span> <span class='ocrx_word' id='word_1_144' title='bbox 392 2118 447 2182; x_wconf 87' lang='grc' dir='ltr'><strong><em>καί</em></strong></span> <span class='ocrx_word' id='word_1_145' title='bbox 477 2118 698 2201; x_wconf 82' lang='grc' dir='ltr'><strong><em>διαβάλλοντας</em></strong></span> <span class='ocrx_word' id='word_1_146' title='bbox 726 2125 781 2203; x_wconf 85' lang='grc' dir='ltr'><strong><em>τῆς</em></strong></span> <span class='ocrx_word' id='word_1_147' title='bbox 810 2119 845 2192; x_wconf 78' lang='grc' dir='ltr'><strong><em>ἐξ</em></strong></span> <span class='ocrx_word' id='word_1_148' title='bbox 873 2121 979 2182; x_wconf 79' lang='grc' dir='ltr'><strong><em>αὐτῶν</em></strong></span> <span class='ocrx_word' id='word_1_149' title='bbox 1008 2119 1162 2201; x_wconf 82' lang='grc' dir='ltr'><strong><em>ὠφελείας</em></strong></span> <span class='ocrx_word' id='word_1_150' title='bbox 1190 2119 1270 2184; x_wconf 88' lang='grc' dir='ltr'><strong><em>ἀπο-</em></strong></span> 
     </span>
     <span class='ocr_line' id='line_1_18' title="bbox 148 2217 1316 2296; baseline 0.003 -12"><span class='ocrx_word' id='word_1_151' title='bbox 148 2221 255 2284; x_wconf 83' lang='grc' dir='ltr'><strong><em>λαύειν</em></strong></span> <span class='ocrx_word' id='word_1_152' title='bbox 276 2221 330 2284; x_wconf 86' lang='grc' dir='ltr'><strong><em>καί</em></strong></span> <span class='ocrx_word' id='word_1_153' title='bbox 353 2217 393 2286; x_wconf 88' lang='grc' dir='ltr'><strong><em>δι’</em></strong></span> <span class='ocrx_word' id='word_1_154' title='bbox 409 2223 515 2284; x_wconf 83' lang='grc' dir='ltr'><strong><em>αὐτῶν</em></strong></span> <span class='ocrx_word' id='word_1_155' title='bbox 534 2221 715 2296; x_wconf 78' lang='grc' dir='ltr'><strong><em>ὁπλίζεσθαι</em></strong></span> <span class='ocrx_word' id='word_1_156' title='bbox 730 2227 798 2284; x_wconf 89' lang='grc' dir='ltr'><strong><em>κατ’</em></strong></span> <span class='ocrx_word' id='word_1_157' title='bbox 816 2222 931 2286; x_wconf 75' lang='grc' dir='ltr'><strong><em>αὐτῶν.</em></strong></span> <span class='ocrx_word' id='word_1_158' title='bbox 976 2222 1053 2286; x_wconf 84' lang='grc' dir='ltr'><strong><em>ὅθεν</em></strong></span> <span class='ocrx_word' id='word_1_159' title='bbox 1068 2227 1132 2285; x_wconf 90' lang='grc' dir='ltr'><strong><em>τῶν</em></strong></span> <span class='ocrx_word' id='word_1_160' title='bbox 1146 2223 1272 2285; x_wconf 88' lang='grc' dir='ltr'><strong><em>παίδων</em></strong></span> <span class='ocrx_word' id='word_1_161' title='bbox 1280 2233 1316 2287; x_wconf 76' lang='lat'><strong><em>22</em></strong></span> 
     </span>
     <span class='ocr_line' id='line_1_19' title="bbox 148 2323 1269 2409; baseline 0.003 -22"><span class='ocrx_word' id='word_1_162' title='bbox 148 2329 216 2389; x_wconf 88' lang='grc' dir='ltr'><strong><em>τῶν</em></strong></span> <span class='ocrx_word' id='word_1_163' title='bbox 237 2325 466 2408; x_wconf 85' lang='grc' dir='ltr'><strong><em>χριοτωνάμων</em></strong></span> <span class='ocrx_word' id='word_1_164' title='bbox 488 2325 681 2407; x_wconf 76' lang='grc' dir='ltr'><strong><em>εἰργομένων</em></strong></span> <span class='ocrx_word' id='word_1_165' title='bbox 702 2324 837 2408; x_wconf 82' lang='grc' dir='ltr'><strong><em>μετιέναι</em></strong></span> <span class='ocrx_word' id='word_1_166' title='bbox 859 2324 932 2397; x_wconf 80' lang='grc' dir='ltr'><strong><em>τοὺς</em></strong></span> <span class='ocrx_word' id='word_1_167' title='bbox 958 2323 1088 2409; x_wconf 87' lang='grc' dir='ltr'><strong><em>ποιητὰς</em></strong></span> <span class='ocrx_word' id='word_1_168' title='bbox 1110 2324 1129 2389; x_wconf 90' lang='grc' dir='ltr'><strong><em>δ</em></strong></span> <span class='ocrx_word' id='word_1_169' title='bbox 1148 2324 1269 2389; x_wconf 76' lang='grc' dir='ltr'><strong><em>Ἀπολι-</em></strong></span> 
     </span>
    </p>
   </div>
   <div class='ocr_carea' id='block_1_4' title="bbox 147 2513 1271 2727">
    <p class='ocr_par' dir='ltr' id='par_1_7' title="bbox 147 2513 1271 2727">
     <span class='ocr_line' id='line_1_20' title="bbox 149 2513 1270 2585; baseline 0.001 -15"><span class='ocrx_word' id='word_1_170' title='bbox 149 2517 167 2570; x_wconf 88' lang='lat' dir='ltr'><strong><em>&#39;I</em></strong></span> <span class='ocrx_word' id='word_1_171' title='bbox 186 2516 225 2568; x_wconf 80' lang='grc' dir='ltr'><strong><em>ὅτι</em></strong></span> <span class='ocrx_word' id='word_1_172' title='bbox 242 2514 309 2583; x_wconf 83' lang='grc' dir='ltr'><strong><em>μετὰ</em></strong></span> <span class='ocrx_word' id='word_1_173' title='bbox 327 2513 373 2584; x_wconf 79' lang='grc' dir='ltr'><strong><em>τὴν</em></strong></span> <span class='ocrx_word' id='word_1_174' title='bbox 390 2517 537 2584; x_wconf 85' lang='grc' dir='ltr'><strong><em>μοναρχίαν</em></strong></span> <span class='ocrx_word' id='word_1_175' title='bbox 555 2522 679 2585; x_wconf 81' lang='grc' dir='ltr'><strong><em>φανερῶς</em></strong></span> <span class='ocrx_word' id='word_1_176' title='bbox 697 2514 873 2585; x_wconf 78' lang='grc' dir='ltr'><strong><em>τὰἘλλήνων</em></strong></span> <span class='ocrx_word' id='word_1_177' title='bbox 886 2514 988 2585; x_wconf 82' lang='grc' dir='ltr'><strong><em>ε’σίβττο</em></strong></span> <span class='ocrx_word' id='word_1_178' title='bbox 1007 2513 1030 2571; x_wconf 84' lang='lat' dir='ltr'>O</span> <span class='ocrx_word' id='word_1_179' title='bbox 1096 2515 1130 2570; x_wconf 90' lang='grc'><strong><em>13</em></strong></span> <span class='ocrx_word' id='word_1_180' title='bbox 1148 2517 1186 2570; x_wconf 84' lang='grc' dir='ltr'><strong><em>ὅτι</em></strong></span> <span class='ocrx_word' id='word_1_181' title='bbox 1200 2515 1270 2571; x_wconf 78' lang='grc' dir='ltr'><strong><em>ἑκώ-</em></strong></span> 
     </span>
     <span class='ocr_line' id='line_1_21' title="bbox 147 2584 1271 2657; baseline 0.001 -17"><span class='ocrx_word' id='word_1_182' title='bbox 147 2587 214 2641; x_wconf 84' lang='grc' dir='ltr'><strong><em>λυσε</em></strong></span> <span class='ocrx_word' id='word_1_183' title='bbox 238 2586 306 2653; x_wconf 81' lang='grc' dir='ltr'><strong><em>(-σεν</em></strong></span> <span class='ocrx_word' id='word_1_184' title='bbox 324 2586 359 2654; x_wconf 86' lang='grc' dir='ltr'><strong><em>Ε)</em></strong></span> <span class='ocrx_word' id='word_1_185' title='bbox 385 2586 445 2646; x_wconf 76' lang='grc' dir='ltr'><strong><em>τοὺς</em></strong></span> <span class='ocrx_word' id='word_1_186' title='bbox 468 2586 635 2655; x_wconf 78' lang='grc' dir='ltr'><strong><em>χριστιανοὺς</em></strong></span> <span class='ocrx_word' id='word_1_187' title='bbox 657 2594 711 2641; x_wconf 88' lang='grc' dir='ltr'><strong><em>τῶν</em></strong></span> <span class='ocrx_word' id='word_1_188' title='bbox 734 2591 804 2652; x_wconf 80' lang='lat' dir='ltr'><strong><em>(om.</em></strong></span> <span class='ocrx_word' id='word_1_189' title='bbox 824 2584 857 2655; x_wconf 81' lang='lat' dir='ltr'><strong><em>C)</em></strong></span> <span class='ocrx_word' id='word_1_190' title='bbox 879 2587 1050 2656; x_wconf 85' lang='grc' dir='ltr'><strong><em>μαθημάτων</em></strong></span> <span class='ocrx_word' id='word_1_191' title='bbox 1076 2588 1193 2657; x_wconf 78' lang='grc' dir='ltr'><strong><em>μετέχειν</em></strong></span> <span class='ocrx_word' id='word_1_192' title='bbox 1218 2594 1271 2641; x_wconf 89' lang='grc' dir='ltr'><strong><em>τῶν</em></strong></span> 
     </span>
     <span class='ocr_line' id='line_1_22' title="bbox 150 2656 520 2727; baseline 0.003 -15"><span class='ocrx_word' id='word_1_193' title='bbox 150 2660 222 2727; x_wconf 81' lang='lat' dir='ltr'><strong><em>(om.</em></strong></span> <span class='ocrx_word' id='word_1_194' title='bbox 241 2656 274 2722; x_wconf 87' lang='lat' dir='ltr'><strong><em>C)</em></strong></span> <span class='ocrx_word' id='word_1_195' title='bbox 292 2659 454 2727; x_wconf 76' lang='grc' dir='ltr'><strong><em>Ἑλληνικῶν</em></strong></span> <span class='ocrx_word' id='word_1_196' title='bbox 472 2658 520 2713; x_wconf 77' lang='grc' dir='ltr'><strong><em>ΟΕ</em></strong></span> 
     </span>
    </p>
   </div>
   <div class='ocr_carea' id='block_1_5' title="bbox 205 2848 1272 3279">
    <p class='ocr_par' dir='ltr' id='par_1_8' title="bbox 205 2848 1272 3279">
     <span class='ocr_line' id='line_1_23' title="bbox 205 2848 1270 2921; baseline 0.002 -18"><span class='ocrx_word' id='word_1_197' title='bbox 205 2849 504 2919; x_wconf 73' lang='grc' dir='ltr'><strong><em>6προῦρτττον(εῐο)Α</em></strong></span> <span class='ocrx_word' id='word_1_198' title='bbox 577 2848 743 2921; x_wconf 74' lang='lat' dir='ltr'>Ipostyr&#39;rp</span> <span class='ocrx_word' id='word_1_199' title='bbox 757 2848 885 2905; x_wconf 69' lang='lat' dir='ltr'>addunt</span> <span class='ocrx_word' id='word_1_200' title='bbox 899 2848 1016 2921; x_wconf 81' lang='lat' dir='ltr'><strong><em>prDi</em></strong></span> <span class='ocrx_word' id='word_1_201' title='bbox 1083 2852 1118 2905; x_wconf 88' lang='lat'><strong><em>10</em></strong></span> <span class='ocrx_word' id='word_1_202' title='bbox 1135 2850 1270 2919; x_wconf 84' lang='grc' dir='ltr'><strong><em>κρύπτων]</em></strong></span> 
     </span>
     <span class='ocr_line' id='line_1_24' title="bbox 205 2922 1270 2993; baseline 0.002 -20"><span class='ocrx_word' id='word_1_203' title='bbox 205 2923 312 2990; x_wconf 71' lang='grc' dir='ltr'><strong><em>τρέφων</em></strong></span> <span class='ocrx_word' id='word_1_204' title='bbox 331 2938 370 2976; x_wconf 78' lang='lat' dir='ltr'><strong><em>ex</em></strong></span> <span class='ocrx_word' id='word_1_205' title='bbox 388 2922 570 2977; x_wconf 77' lang='lat' dir='ltr'>antecedi]</span> <span class='ocrx_word' id='word_1_206' title='bbox 644 2924 676 2975; x_wconf 94' lang='grc'><strong><em>11</em></strong></span> <span class='ocrx_word' id='word_1_207' title='bbox 695 2922 878 2991; x_wconf 43' lang='lat' dir='ltr'>redempturi]</span> <span class='ocrx_word' id='word_1_208' title='bbox 952 2924 985 2977; x_wconf 81' lang='grc'><strong><em>16</em></strong></span> <span class='ocrx_word' id='word_1_209' title='bbox 1003 2924 1176 2977; x_wconf 63' lang='lat' dir='ltr'>tranctantem</span> <span class='ocrx_word' id='word_1_210' title='bbox 1196 2922 1270 2993; x_wconf 87' lang='lat' dir='ltr'>pr</span> 
     </span>
     <span class='ocr_line' id='line_1_25' title="bbox 208 2991 1271 3063; baseline 0.001 -17"><span class='ocrx_word' id='word_1_211' title='bbox 208 2994 240 3047; x_wconf 80' lang='grc'><strong><em>17</em></strong></span> <span class='ocrx_word' id='word_1_212' title='bbox 259 3001 313 3047; x_wconf 86' lang='grc' dir='ltr'><strong><em>τῶν</em></strong></span> <span class='ocrx_word' id='word_1_213' title='bbox 331 2991 457 3063; x_wconf 79' lang='lat' dir='ltr'>prDi‚</span> <span class='ocrx_word' id='word_1_214' title='bbox 477 2994 508 3048; x_wconf 84' lang='grc' dir='ltr'><strong><em>τὰ</em></strong></span> <span class='ocrx_word' id='word_1_215' title='bbox 526 2993 553 3048; x_wconf 85' lang='lat' dir='ltr'>A</span> <span class='ocrx_word' id='word_1_216' title='bbox 627 2995 660 3048; x_wconf 87' lang='grc'><strong><em>18</em></strong></span> <span class='ocrx_word' id='word_1_217' title='bbox 678 2995 840 3062; x_wconf 75' lang='grc' dir='ltr'><strong><em>εἰργομένων</em></strong></span> <span class='ocrx_word' id='word_1_218' title='bbox 860 2992 911 3049; x_wconf 87' lang='lat' dir='ltr'><strong><em>CD</em></strong></span> <span class='ocrx_word' id='word_1_219' title='bbox 983 2995 1081 3049; x_wconf 79' lang='grc' dir='ltr'><strong><em>ίπιίναι</em></strong></span> <span class='ocrx_word' id='word_1_220' title='bbox 1101 2993 1128 3046; x_wconf 94' lang='lat' dir='ltr'>D</span> <span class='ocrx_word' id='word_1_221' title='bbox 1210 2994 1271 3047; x_wconf 84' lang='grc' dir='ltr'><strong><em>ἀπο·</em></strong></span> 
     </span>
     <span class='ocr_line' id='line_1_26' title="bbox 205 3064 1271 3135; baseline 0.003 -18"><span class='ocrx_word' id='word_1_222' title='bbox 205 3065 327 3133; x_wconf 78' lang='grc' dir='ltr'><strong><em>ληνάριος</em></strong></span> <span class='ocrx_word' id='word_1_223' title='bbox 345 3064 380 3132; x_wconf 85' lang='grc' dir='ltr'><strong><em>Α,</em></strong></span> <span class='ocrx_word' id='word_1_224' title='bbox 399 3065 582 3134; x_wconf 74' lang='grc' dir='ltr'><strong><em>δντολλινάριος</em></strong></span> <span class='ocrx_word' id='word_1_225' title='bbox 601 3065 727 3135; x_wconf 79' lang='lat' dir='ltr'>prDi.</span> <span class='ocrx_word' id='word_1_226' title='bbox 764 3064 812 3119; x_wconf 79' lang='lat' dir='ltr'><strong><em>De</em></strong></span> <span class='ocrx_word' id='word_1_227' title='bbox 832 3068 929 3120; x_wconf 78' lang='lat' dir='ltr'>forma</span> <span class='ocrx_word' id='word_1_228' title='bbox 944 3066 1119 3134; x_wconf 84' lang='grc' dir='ltr'><strong><em>Ἀπολινάριος</em></strong></span> <span class='ocrx_word' id='word_1_229' title='bbox 1139 3080 1167 3119; x_wconf 77' lang='lat' dir='ltr'><strong><em>V.</em></strong></span> <span class='ocrx_word' id='word_1_230' title='bbox 1187 3080 1271 3135; x_wconf 76' lang='lat' dir='ltr'>prae·</span> 
     </span>
     <span class='ocr_line' id='line_1_27' title="bbox 207 3136 1272 3207; baseline 0 -18"><span class='ocrx_word' id='word_1_231' title='bbox 207 3136 371 3204; x_wconf 67' lang='lat' dir='ltr'>terxlvu</span> <span class='ocrx_word' id='word_1_232' title='bbox 384 3137 417 3191; x_wconf 86' lang='lat'><strong><em>13</em></strong></span> <span class='ocrx_word' id='word_1_233' title='bbox 434 3136 643 3191; x_wconf 84' lang='lat' dir='ltr'>Ludwichium</span> <span class='ocrx_word' id='word_1_234' title='bbox 657 3137 784 3191; x_wconf 60' lang='lat' dir='ltr'>Hennes</span> <span class='ocrx_word' id='word_1_235' title='bbox 803 3136 874 3190; x_wconf 88' lang='lat' dir='ltr'>XIII</span> <span class='ocrx_word' id='word_1_236' title='bbox 895 3153 922 3207; x_wconf 94' lang='lat' dir='ltr'><strong><em>p.</em></strong></span> <span class='ocrx_word' id='word_1_237' title='bbox 941 3138 1002 3205; x_wconf 88' lang='lat'><strong>336,</strong></span> <span class='ocrx_word' id='word_1_238' title='bbox 1022 3136 1104 3192; x_wconf 81' lang='lat' dir='ltr'>Suid.</span> <span class='ocrx_word' id='word_1_239' title='bbox 1116 3152 1138 3191; x_wconf 82' lang='lat' dir='ltr'><strong><em>s.</em></strong></span> <span class='ocrx_word' id='word_1_240' title='bbox 1149 3153 1186 3205; x_wconf 74' lang='lat' dir='ltr'><strong><em>V,</em></strong></span> <span class='ocrx_word' id='word_1_241' title='bbox 1205 3136 1272 3190; x_wconf 88' lang='lat' dir='ltr'>Phi·</span> 
     </span>
     <span class='ocr_line' id='line_1_28' title="bbox 206 3206 1271 3279; baseline 0.001 -19"><span class='ocrx_word' id='word_1_242' title='bbox 206 3207 331 3278; x_wconf 85' lang='lat' dir='ltr'>lostorg.</span> <span class='ocrx_word' id='word_1_243' title='bbox 348 3208 385 3261; x_wconf 90' lang='lat' dir='ltr'><strong><em>H.</em></strong></span> <span class='ocrx_word' id='word_1_244' title='bbox 404 3208 437 3262; x_wconf 87' lang='lat' dir='ltr'><strong><em>E.</em></strong></span> <span class='ocrx_word' id='word_1_245' title='bbox 456 3208 526 3262; x_wconf 89' lang='lat' dir='ltr'>VIII</span> <span class='ocrx_word' id='word_1_246' title='bbox 547 3209 588 3276; x_wconf 88' lang='lat'><strong><em>11,</em></strong></span> <span class='ocrx_word' id='word_1_247' title='bbox 613 3207 748 3279; x_wconf 81' lang='lat' dir='ltr'>Theoph.</span> <span class='ocrx_word' id='word_1_248' title='bbox 769 3225 797 3278; x_wconf 88' lang='lat' dir='ltr'><strong><em>p.</em></strong></span> <span class='ocrx_word' id='word_1_249' title='bbox 816 3208 858 3275; x_wconf 80' lang='lat'><strong><em>48,</em></strong></span> <span class='ocrx_word' id='word_1_250' title='bbox 873 3209 907 3263; x_wconf 84' lang='lat'><strong><em>19</em></strong></span> <span class='ocrx_word' id='word_1_251' title='bbox 917 3224 963 3277; x_wconf 85' lang='lat' dir='ltr'><strong><em>ss,</em></strong></span> <span class='ocrx_word' id='word_1_252' title='bbox 984 3208 1048 3277; x_wconf 88' lang='lat' dir='ltr'>[Iul.</span> <span class='ocrx_word' id='word_1_253' title='bbox 1068 3206 1151 3277; x_wconf 80' lang='lat' dir='ltr'>Poll]</span> <span class='ocrx_word' id='word_1_254' title='bbox 1171 3224 1200 3277; x_wconf 93' lang='lat' dir='ltr'><strong><em>p.</em></strong></span> <span class='ocrx_word' id='word_1_255' title='bbox 1210 3207 1271 3277; x_wconf 80' lang='lat'>374,</span> 
     </span>
    </p>
   </div>
   <div class='ocr_carea' id='block_1_6' title="bbox 150 3400 1317 4476">
    <p class='ocr_par' dir='ltr' id='par_1_9' title="bbox 150 3400 1317 4476">
     <span class='ocr_line' id='line_1_29' title="bbox 150 3400 1272 3471; baseline -0.001 -16"><span class='ocrx_word' id='word_1_256' title='bbox 150 3401 261 3467; x_wconf 82' lang='lat' dir='ltr'>ciebat,</span> <span class='ocrx_word' id='word_1_257' title='bbox 279 3404 314 3454; x_wconf 88' lang='lat' dir='ltr'><strong><em>ut</em></strong></span> <span class='ocrx_word' id='word_1_258' title='bbox 331 3400 492 3471; x_wconf 82' lang='lat' dir='ltr'>gloriolam</span> <span class='ocrx_word' id='word_1_259' title='bbox 512 3403 656 3471; x_wconf 85' lang='lat' dir='ltr'>captaret,</span> <span class='ocrx_word' id='word_1_260' title='bbox 676 3400 759 3470; x_wconf 89' lang='lat' dir='ltr'>quod</span> <span class='ocrx_word' id='word_1_261' title='bbox 779 3400 935 3455; x_wconf 86' lang='lat' dir='ltr'>videretur</span> <span class='ocrx_word' id='word_1_262' title='bbox 953 3416 1020 3455; x_wconf 86' lang='lat' dir='ltr'>esse</span> <span class='ocrx_word' id='word_1_263' title='bbox 1039 3400 1128 3455; x_wconf 91' lang='lat' dir='ltr'>homo</span> <span class='ocrx_word' id='word_1_264' title='bbox 1146 3401 1228 3471; x_wconf 83' lang='lat' dir='ltr'>frugi</span> <span class='ocrx_word' id='word_1_265' title='bbox 1242 3405 1272 3455; x_wconf 87' lang='lat' dir='ltr'><strong><em>et</em></strong></span> 
     </span>
     <span class='ocr_line' id='line_1_30' title="bbox 150 3472 1317 3596; baseline 0.003 -70"><span class='ocrx_word' id='word_1_266' title='bbox 150 3486 319 3596; x_wconf 72' lang='lat' dir='ltr'>germbonus</span> <span class='ocrx_word' id='word_1_267' title='bbox 337 3472 542 3542; x_wconf 85' lang='lat' dir='ltr'>philosophus.</span> <span class='ocrx_word' id='word_1_268' title='bbox 579 3472 722 3526; x_wconf 81' lang='lat' dir='ltr'>Militibus</span> <span class='ocrx_word' id='word_1_269' title='bbox 742 3472 887 3526; x_wconf 87' lang='lat' dir='ltr'>donativo</span> <span class='ocrx_word' id='word_1_270' title='bbox 908 3472 978 3527; x_wconf 82' lang='lat' dir='ltr'>dato</span> <span class='ocrx_word' id='word_1_271' title='bbox 991 3473 1104 3527; x_wconf 89' lang='lat' dir='ltr'>bellum</span> <span class='ocrx_word' id='word_1_272' title='bbox 1116 3472 1272 3527; x_wconf 89' lang='lat' dir='ltr'>Persicum</span> <span class='ocrx_word' id='word_1_273' title='bbox 1282 3477 1317 3530; x_wconf 82' lang='lat' dir='ltr'><strong><em>lli</em></strong></span> 
     </span>
     <span class='ocr_line' id='line_1_31' title="bbox 173 3548 290 3597; baseline 0.009 -2"><span class='ocrx_word' id='word_1_274' title='bbox 173 3559 228 3597; x_wconf 81' lang='lat' dir='ltr'>ara</span> <span class='ocrx_word' id='word_1_275' title='bbox 252 3548 290 3596; x_wconf 85' lang='lat' dir='ltr'><strong><em>at.</em></strong></span> 
     </span>
     <span class='ocr_line' id='line_1_32' title="bbox 150 3560 1316 3686; baseline 0.005 -19"><span class='ocrx_word' id='word_1_276' title='bbox 150 3560 171 3614; x_wconf 71' lang='lat' dir='ltr'>p</span> <span class='ocrx_word' id='word_1_277' title='bbox 243 3613 354 3669; x_wconf 82' lang='lat' dir='ltr'>Rerum</span> <span class='ocrx_word' id='word_1_278' title='bbox 374 3616 487 3685; x_wconf 84' lang='lat' dir='ltr'>potitus</span> <span class='ocrx_word' id='word_1_279' title='bbox 505 3615 686 3684; x_wconf 85' lang='lat' dir='ltr'>firmatoque</span> <span class='ocrx_word' id='word_1_280' title='bbox 705 3630 760 3669; x_wconf 87' lang='lat' dir='ltr'>suo</span> <span class='ocrx_word' id='word_1_281' title='bbox 781 3616 907 3686; x_wconf 89' lang='lat' dir='ltr'>imperio</span> <span class='ocrx_word' id='word_1_282' title='bbox 927 3618 1027 3670; x_wconf 85' lang='lat' dir='ltr'>statim</span> <span class='ocrx_word' id='word_1_283' title='bbox 1049 3616 1080 3670; x_wconf 90' lang='lat' dir='ltr'><strong><em>in</em></strong></span> <span class='ocrx_word' id='word_1_284' title='bbox 1101 3615 1271 3670; x_wconf 77' lang='lat' dir='ltr'>evidentem</span> <span class='ocrx_word' id='word_1_285' title='bbox 1283 3621 1316 3673; x_wconf 86' lang='grc'><strong><em>11</em></strong></span> 
     </span>
     <span class='ocr_line' id='line_1_33' title="bbox 151 3685 1317 3757; baseline 0.003 -16"><span class='ocrx_word' id='word_1_286' title='bbox 151 3687 255 3755; x_wconf 80' lang='lat' dir='ltr'>erupit</span> <span class='ocrx_word' id='word_1_287' title='bbox 274 3688 494 3756; x_wconf 81' lang='lat' dir='ltr'>paganismum.</span> <span class='ocrx_word' id='word_1_288' title='bbox 531 3685 607 3740; x_wconf 84' lang='lat' dir='ltr'><strong><em>Nam</em></strong></span> <span class='ocrx_word' id='word_1_289' title='bbox 627 3693 698 3741; x_wconf 83' lang='lat' dir='ltr'>onte</span> <span class='ocrx_word' id='word_1_290' title='bbox 717 3688 882 3752; x_wconf 72' lang='lat' dir='ltr'>abiurerat</span> <span class='ocrx_word' id='word_1_291' title='bbox 911 3692 944 3741; x_wconf 91' lang='lat' dir='ltr'><strong><em>ut</em></strong></span> <span class='ocrx_word' id='word_1_292' title='bbox 964 3702 1057 3757; x_wconf 83' lang='lat' dir='ltr'>supra</span> <span class='ocrx_word' id='word_1_293' title='bbox 1082 3687 1195 3741; x_wconf 90' lang='lat' dir='ltr'>dictum</span> <span class='ocrx_word' id='word_1_294' title='bbox 1219 3692 1271 3754; x_wconf 88' lang='lat' dir='ltr'>est,</span> <span class='ocrx_word' id='word_1_295' title='bbox 1284 3693 1317 3745; x_wconf 89' lang='lat'><strong><em>18</em></strong></span> 
     </span>
     <span class='ocr_line' id='line_1_34' title="bbox 152 3758 1272 3828; baseline -0.002 -15"><span class='ocrx_word' id='word_1_296' title='bbox 152 3758 423 3825; x_wconf 81' lang='lat' dir='ltr'>christianismum,</span> <span class='ocrx_word' id='word_1_297' title='bbox 450 3773 551 3827; x_wconf 90' lang='lat' dir='ltr'>neque</span> <span class='ocrx_word' id='word_1_298' title='bbox 580 3764 680 3813; x_wconf 83' lang='lat' dir='ltr'>tamen</span> <span class='ocrx_word' id='word_1_299' title='bbox 708 3760 846 3827; x_wconf 82' lang='lat' dir='ltr'>proferre</span> <span class='ocrx_word' id='word_1_300' title='bbox 874 3760 905 3812; x_wconf 92' lang='lat' dir='ltr'><strong><em>in</em></strong></span> <span class='ocrx_word' id='word_1_301' title='bbox 930 3760 1083 3828; x_wconf 81' lang='lat' dir='ltr'>publIcum</span> <span class='ocrx_word' id='word_1_302' title='bbox 1109 3759 1272 3828; x_wconf 83' lang='lat' dir='ltr'>impietatis</span> 
     </span>
     <span class='ocr_line' id='line_1_35' title="bbox 152 3829 1317 3900; baseline 0.004 -17"><span class='ocrx_word' id='word_1_303' title='bbox 152 3835 274 3900; x_wconf 79' lang='lat' dir='ltr'>partum</span> <span class='ocrx_word' id='word_1_304' title='bbox 295 3845 388 3884; x_wconf 79' lang='lat' dir='ltr'>ausus</span> <span class='ocrx_word' id='word_1_305' title='bbox 408 3831 516 3883; x_wconf 85' lang='lat' dir='ltr'>fueret.</span> <span class='ocrx_word' id='word_1_306' title='bbox 553 3829 662 3883; x_wconf 79' lang='lat' dir='ltr'>Fertur</span> <span class='ocrx_word' id='word_1_307' title='bbox 687 3831 775 3896; x_wconf 90' lang='lat' dir='ltr'>enim,</span> <span class='ocrx_word' id='word_1_308' title='bbox 806 3845 873 3883; x_wconf 89' lang='lat' dir='ltr'>cum</span> <span class='ocrx_word' id='word_1_309' title='bbox 892 3832 981 3899; x_wconf 85' lang='lat' dir='ltr'>regni</span> <span class='ocrx_word' id='word_1_310' title='bbox 1001 3830 1197 3898; x_wconf 75' lang='lat' dir='ltr'>cupiditatem</span> <span class='ocrx_word' id='word_1_311' title='bbox 1217 3844 1272 3883; x_wconf 88' lang='lat' dir='ltr'>nu·</span> <span class='ocrx_word' id='word_1_312' title='bbox 1284 3834 1317 3887; x_wconf 87' lang='grc'><strong><em>19</em></strong></span> 
     </span>
     <span class='ocr_line' id='line_1_36' title="bbox 152 3901 1272 3971; baseline -0.001 -17"><span class='ocrx_word' id='word_1_313' title='bbox 152 3903 240 3955; x_wconf 82' lang='lat' dir='ltr'>trirct</span> <span class='ocrx_word' id='word_1_314' title='bbox 259 3906 290 3955; x_wconf 88' lang='lat' dir='ltr'><strong><em>et</em></strong></span> <span class='ocrx_word' id='word_1_315' title='bbox 307 3905 462 3970; x_wconf 76' lang='lat' dir='ltr'>tamquam</span> <span class='ocrx_word' id='word_1_316' title='bbox 481 3902 582 3971; x_wconf 84' lang='lat' dir='ltr'>ignem</span> <span class='ocrx_word' id='word_1_317' title='bbox 603 3902 660 3954; x_wconf 87' lang='lat' dir='ltr'>sub</span> <span class='ocrx_word' id='word_1_318' title='bbox 680 3901 832 3955; x_wconf 82' lang='lat' dir='ltr'>cineribus</span> <span class='ocrx_word' id='word_1_319' title='bbox 852 3902 947 3955; x_wconf 82' lang='lat' dir='ltr'>aleret</span> <span class='ocrx_word' id='word_1_320' title='bbox 967 3902 1076 3968; x_wconf 81' lang='lat' dir='ltr'>enlmo,</span> <span class='ocrx_word' id='word_1_321' title='bbox 1099 3907 1184 3955; x_wconf 81' lang='lat' dir='ltr'>votes</span> <span class='ocrx_word' id='word_1_322' title='bbox 1204 3916 1272 3953; x_wconf 90' lang='lat' dir='ltr'>con-</span> 
     </span>
     <span class='ocr_line' id='line_1_37' title="bbox 152 3973 1272 4043; baseline -0.002 -16"><span class='ocrx_word' id='word_1_323' title='bbox 152 3973 284 4027; x_wconf 77' lang='lat' dir='ltr'>suluisse</span> <span class='ocrx_word' id='word_1_324' title='bbox 303 3980 334 4026; x_wconf 87' lang='lat' dir='ltr'><strong><em>et</em></strong></span> <span class='ocrx_word' id='word_1_325' title='bbox 353 3974 608 4043; x_wconf 80' lang='lat' dir='ltr'>praestigiatores,</span> <span class='ocrx_word' id='word_1_326' title='bbox 627 3987 700 4025; x_wconf 90' lang='lat' dir='ltr'><strong><em>uum</em></strong></span> <span class='ocrx_word' id='word_1_327' title='bbox 719 3973 845 4041; x_wconf 87' lang='lat' dir='ltr'>imperio</span> <span class='ocrx_word' id='word_1_328' title='bbox 866 3974 1017 4042; x_wconf 90' lang='lat' dir='ltr'>potiturus</span> <span class='ocrx_word' id='word_1_329' title='bbox 1031 3976 1122 4041; x_wconf 75' lang='lat' dir='ltr'>osset,</span> <span class='ocrx_word' id='word_1_330' title='bbox 1143 3987 1272 4041; x_wconf 89' lang='lat' dir='ltr'>quorum</span> 
     </span>
     <span class='ocr_line' id='line_1_38' title="bbox 153 4043 1317 4114; baseline 0.001 -16"><span class='ocrx_word' id='word_1_331' title='bbox 153 4045 336 4114; x_wconf 80' lang='lat' dir='ltr'>corruptelis</span> <span class='ocrx_word' id='word_1_332' title='bbox 355 4046 385 4097; x_wconf 92' lang='lat' dir='ltr'>iu</span> <span class='ocrx_word' id='word_1_333' title='bbox 404 4044 563 4114; x_wconf 86' lang='lat' dir='ltr'>gentilium</span> <span class='ocrx_word' id='word_1_334' title='bbox 585 4044 772 4113; x_wconf 84' lang='lat' dir='ltr'>impietatem</span> <span class='ocrx_word' id='word_1_335' title='bbox 797 4048 841 4097; x_wconf 89' lang='lat' dir='ltr'><strong><em>est</em></strong></span> <span class='ocrx_word' id='word_1_336' title='bbox 864 4043 997 4112; x_wconf 87' lang='lat' dir='ltr'>illapsus.</span> <span class='ocrx_word' id='word_1_337' title='bbox 1035 4043 1165 4113; x_wconf 88' lang='lat' dir='ltr'>Imperio</span> <span class='ocrx_word' id='word_1_338' title='bbox 1186 4046 1317 4101; x_wconf 77' lang='lat' dir='ltr'>occu-20</span> 
     </span>
     <span class='ocr_line' id='line_1_39' title="bbox 153 4114 1315 4187; baseline 0.002 -18"><span class='ocrx_word' id='word_1_339' title='bbox 153 4123 227 4187; x_wconf 82' lang='lat' dir='ltr'>pato</span> <span class='ocrx_word' id='word_1_340' title='bbox 251 4130 364 4170; x_wconf 79' lang='lat' dir='ltr'>arcano</span> <span class='ocrx_word' id='word_1_341' title='bbox 389 4116 437 4170; x_wconf 90' lang='lat' dir='ltr'><strong><em>dei</em></strong></span> <span class='ocrx_word' id='word_1_342' title='bbox 462 4116 585 4169; x_wconf 87' lang='lat' dir='ltr'>consilio</span> <span class='ocrx_word' id='word_1_343' title='bbox 611 4115 720 4168; x_wconf 86' lang='lat' dir='ltr'>multos</span> <span class='ocrx_word' id='word_1_344' title='bbox 746 4120 895 4185; x_wconf 80' lang='lat' dir='ltr'>martyres</span> <span class='ocrx_word' id='word_1_345' title='bbox 914 4114 1054 4168; x_wconf 84' lang='lat' dir='ltr'>reddidit.</span> <span class='ocrx_word' id='word_1_346' title='bbox 1092 4114 1167 4167; x_wconf 83' lang='lat' dir='ltr'><strong><em>Nam</em></strong></span> <span class='ocrx_word' id='word_1_347' title='bbox 1187 4118 1315 4172; x_wconf 79' lang='lat' dir='ltr'>tant021</span> 
     </span>
     <span class='ocr_line' id='line_1_40' title="bbox 153 4184 1272 4257; baseline -0.005 -16"><span class='ocrx_word' id='word_1_348' title='bbox 153 4194 259 4242; x_wconf 88' lang='lat' dir='ltr'>lurore</span> <span class='ocrx_word' id='word_1_349' title='bbox 280 4188 337 4241; x_wconf 87' lang='lat' dir='ltr'>suit</span> <span class='ocrx_word' id='word_1_350' title='bbox 354 4188 385 4240; x_wconf 92' lang='lat' dir='ltr'><strong><em>in</em></strong></span> <span class='ocrx_word' id='word_1_351' title='bbox 405 4186 590 4241; x_wconf 80' lang='lat' dir='ltr'>Christianos</span> <span class='ocrx_word' id='word_1_352' title='bbox 609 4187 751 4256; x_wconf 84' lang='lat' dir='ltr'>percitus,</span> <span class='ocrx_word' id='word_1_353' title='bbox 778 4192 812 4239; x_wconf 87' lang='lat' dir='ltr'><strong><em>ut</em></strong></span> <span class='ocrx_word' id='word_1_354' title='bbox 829 4186 997 4257; x_wconf 90' lang='lat' dir='ltr'>impediret,</span> <span class='ocrx_word' id='word_1_355' title='bbox 1026 4201 1065 4240; x_wconf 89' lang='lat' dir='ltr'><strong><em>ne</em></strong></span> <span class='ocrx_word' id='word_1_356' title='bbox 1085 4184 1272 4239; x_wconf 81' lang='lat' dir='ltr'>Graecarum</span> 
     </span>
     <span class='ocr_line' id='line_1_41' title="bbox 154 4256 1272 4329; baseline -0.004 -16"><span class='ocrx_word' id='word_1_357' title='bbox 154 4259 382 4329; x_wconf 84' lang='lat' dir='ltr'>disciplinarum</span> <span class='ocrx_word' id='word_1_358' title='bbox 401 4259 509 4312; x_wconf 87' lang='lat' dir='ltr'>fierent</span> <span class='ocrx_word' id='word_1_359' title='bbox 527 4259 702 4328; x_wconf 66' lang='lat' dir='ltr'>participem</span> <span class='ocrx_word' id='word_1_360' title='bbox 731 4272 832 4327; x_wconf 87' lang='lat' dir='ltr'>neque</span> <span class='ocrx_word' id='word_1_361' title='bbox 851 4260 930 4311; x_wconf 89' lang='lat' dir='ltr'>enim</span> <span class='ocrx_word' id='word_1_362' title='bbox 950 4258 1068 4325; x_wconf 90' lang='lat' dir='ltr'>decere,</span> <span class='ocrx_word' id='word_1_363' title='bbox 1089 4270 1167 4326; x_wconf 86' lang='lat' dir='ltr'>quae</span> <span class='ocrx_word' id='word_1_364' title='bbox 1187 4256 1272 4308; x_wconf 79' lang='lat' dir='ltr'>iebu-</span> 
     </span>
     <span class='ocr_line' id='line_1_42' title="bbox 153 4328 1273 4399; baseline -0.004 -14"><span class='ocrx_word' id='word_1_365' title='bbox 153 4332 199 4385; x_wconf 78' lang='lat' dir='ltr'><strong><em>lcs</em></strong></span> <span class='ocrx_word' id='word_1_366' title='bbox 223 4330 265 4384; x_wconf 92' lang='lat' dir='ltr'>illi</span> <span class='ocrx_word' id='word_1_367' title='bbox 291 4329 428 4384; x_wconf 88' lang='lat' dir='ltr'>dicerent</span> <span class='ocrx_word' id='word_1_368' title='bbox 452 4329 676 4398; x_wconf 86' lang='lat' dir='ltr'>contumeliose,</span> <span class='ocrx_word' id='word_1_369' title='bbox 705 4345 745 4384; x_wconf 84' lang='lat' dir='ltr'><strong><em>ex</em></strong></span> <span class='ocrx_word' id='word_1_370' title='bbox 769 4330 805 4383; x_wconf 89' lang='lat' dir='ltr'><strong><em>iis</em></strong></span> <span class='ocrx_word' id='word_1_371' title='bbox 828 4329 987 4386; x_wconf 84' lang='lat' dir='ltr'>utilitatem</span> <span class='ocrx_word' id='word_1_372' title='bbox 1011 4342 1121 4399; x_wconf 79' lang='lat' dir='ltr'>capere</span> <span class='ocrx_word' id='word_1_373' title='bbox 1140 4328 1273 4396; x_wconf 87' lang='lat' dir='ltr'>indeque</span> 
     </span>
     <span class='ocr_line' id='line_1_43' title="bbox 153 4401 1317 4476; baseline -0.002 -19"><span class='ocrx_word' id='word_1_374' title='bbox 153 4404 246 4457; x_wconf 76' lang='lat' dir='ltr'>ermis</span> <span class='ocrx_word' id='word_1_375' title='bbox 265 4404 367 4476; x_wconf 89' lang='lat' dir='ltr'>petitis</span> <span class='ocrx_word' id='word_1_376' title='bbox 392 4408 499 4457; x_wconf 83' lang='lat' dir='ltr'>contro</span> <span class='ocrx_word' id='word_1_377' title='bbox 521 4402 588 4473; x_wconf 82' lang='lat' dir='ltr'>ipso</span> <span class='ocrx_word' id='word_1_378' title='bbox 607 4401 726 4457; x_wconf 81' lang='lat' dir='ltr'>Graeca</span> <span class='ocrx_word' id='word_1_379' title='bbox 750 4416 900 4474; x_wconf 82' lang='lat' dir='ltr'>pugnare.</span> <span class='ocrx_word' id='word_1_380' title='bbox 937 4401 1011 4456; x_wconf 83' lang='lat' dir='ltr'>Cum</span> <span class='ocrx_word' id='word_1_381' title='bbox 1031 4402 1124 4475; x_wconf 86' lang='lat' dir='ltr'>igitur</span> <span class='ocrx_word' id='word_1_382' title='bbox 1143 4401 1317 4465; x_wconf 78' lang='lat' dir='ltr'>nominis22</span> 
     </span>
    </p>
   </div>
   <div class='ocr_carea' id='block_1_7' title="bbox 0 0 1539 4775">
    <p class='ocr_par' dir='ltr' id='par_1_10' title="bbox 0 0 1539 4775">
     <span class='ocr_line' id='line_1_44' title="bbox 0 0 1539 4775; baseline 0 0"><span class='ocrx_word' id='word_1_383' title='bbox 0 0 1539 4775; x_wconf 95' lang='lat' dir='ltr'><strong><em> </em></strong></span> 
     </span>
    </p>
   </div>
  </div>
 </body>
</html>
