3050 4775
225 305 280 365 280
533 306 669 365 ZONAR.
689 306 788 364 EPIT.
807 306 861 365 XV
879 306 905 377 8,
926 301 1037 361 11-20.

227 491 262 556 όὲ
288 489 428 575 ἀρχηγός
456 491 620 576 Τελέριχος
647 491 845 563 ὑποπτεύσας
871 490 935 555 ὑπὸ
961 494 1026 553 τῶν
1053 487 1178 553 οἰκείων
1204 485 1383 569 μεμηνό-Ι)
1396 488 1520 545 ΙΠ354

189 596 216 651 D
226 594 303 661 σθαι
324 601 371 677 τῷ
393 594 514 677 βασιλεῖ
532 594 570 657 τὰ
586 594 674 677 αῦτῴ
689 595 914 678 βουλευόμενα,
937 592 982 677 μὴ
1000 592 1094 663 εἰόὼς
1110 590 1144 655 όὲ
1159 590 1236 661 τίνες
1251 588 1345 663 οὗτοι,

226 698 465 779 κατασοφίξεται
492 697 548 780 τὴν
575 704 632 761 τοῦ
657 696 884 780 Κοπρωνόμου
911 696 1092 779 κουφότητα
1115 692 1169 757 καί
1192 694 1227 767 ἕξ
1248 692 1345 756 αὐτοῦ

183 802 218 857 12
226 800 382 883 μανθάνει
403 799 439 863 τὸ
462 800 688 883 ἀγνοούμενον.
735 800 848 883 γράφει
873 798 933 882 γὰρ
957 795 996 863 δι’
1020 797 1213 881 ἀπορρήτων
1235 796 1345 880 βούλε-

227 903 304 967 σόαι
324 903 512 986 προσελθεῖν
534 904 623 986 αὐτῷ
642 902 697 967 καὶ
712 904 802 987 ἠξίου
819 902 961 986 όηλῶσαί
974 902 1005 965 oi
1019 903 1052 964 εἴ
1060 924 1144 971 τινας
1159 901 1221 983 ἔχει
1236 898 1374 981 φίλους5

228 1006 264 1070 ἐκ
293 1011 358 1069 τῶν
388 1004 476 1088 τιαρό
499 1005 697 1089 Βουλγόροις
729 1004 862 1089 ἕξόχων,
894 1004 932 1068 ἵν’
961 1004 1089 1073 ἐκείνοις
1115 1003 1286 1085 θαρρήσειε
1312 1000 1348 1065 τό

185 1112 219 1167 13
228 1107 409 1191 ἀπόρρητον
431 1107 486 1171 καί
508 1107 565 1172 σὺν
587 1109 716 1179 ἐκείνοις
738 1108 883 1191 ἀφίκοιτο
900 1106 982 1190 πρὸς
992 1094 1102 1170 αὐτόν.
1150 1104 1219 1169 ddi
1234 1103 1347 1187 παχύς,

90 1214 218 1271 wmm
229 1211 276 1282 ῶς
298 1212 410 1292 ἔοικεν,
434 1213 482 1275 ῶν
506 1209 544 1275 οῦ
568 1209 741 1294 pertineto
766 1212 892 1293 σκέμμα
915 1210 951 1274 τὸ
969 1209 1144 1294 βάρβαρον,
1169 1207 1234 1271 ἀλλ’
1252 1207 1348 1290 ἀνοή-

185 1320 218 1373 14
227 1336 292 1384 τως
313 1312 387 1383 τοὺς
410 1314 499 1395 αὐτῷ
519 1314 768 1396 προσκειμένους
796 1312 893 1384 εὐθὺς
921 1313 1104 1395 ἐξεκάλυψε.
1151 1309 1246 1375 καλό
1268 1310 1348 1392 βάρ-

226 1418 329 1500 βαρος
355 1416 522 1500 συλλαβὼν
548 1415 662 1487 αὐτοὺς
684 1417 787 1498 ὠμῶς
810 1415 1035 1489 ἁπαξάπαντας
1056 1415 1110 1479 καὶ
1133 1414 1265 1497 ἀπηνῶς
1287 1412 1348 1475 όιε-
1361 1418 1395 1473 10

184 1525 218 1580 15
227 1518 377 1603 χρήσαιο.
423 1517 478 1583 καί
500 1517 595 1590 αὖθις
618 1518 652 1582 δὲ
667 1517 747 1582 κατὰ
763 1517 962 1601 Βουλγόρων
985 1518 1004 1582 ό
1027 1517 1235 1600 αὐτοκράτωρ
1257 1512 1350 1586 οὗτος

227 1620 263 1685 τὸ
286 1621 426 1686 λοίσθιον
449 1622 672 1703 ἐξεστράτευσε,
706 1620 760 1684 καί
787 1619 867 1683 κατὰ
889 1620 946 1703 τὴν
969 1621 1002 1683 όν
1029 1618 1142 1703 Θρᾴκη
1162 1616 1349 1701 Ἀρκαόιού-

227 1724 317 1787 πολιν
340 1724 667 1807 στρατοπεδευομένου
690 1724 721 1787 οί
742 1722 839 1794 πόόες
862 1724 959 1787 αὐτοῦ
983 1722 1248 1806 ἀπηνθράκωντο,
1272 1721 1350 1785 ὅθεν

44 1820 46 1824 ’
67 1829 218 1888 ΡΙΙΙΙ3Α
228 1825 323 1890 αὐτὸν
346 1825 457 1908 λαῦραι
471 1826 599 1907 πυρετοὶ
613 1825 668 1889 καί
683 1825 860 1908 φλαγώόεις
876 1826 1027 1907 ἐξέκαιον,
1051 1826 1099 1895 ῶς
1112 1824 1214 1908 μηόὲν
1228 1824 1350 1888 τούτων

184 1934 219 1990 16
227 1927 310 2012 μηόὲ
336 1928 423 2011 παρὰ
451 1928 568 2011 ἰατρῶν
595 1928 785 1993 ἐπινοεῖσθαι
815 1927 963 2011 ἀλέξημα.
1010 1928 1132 1991 ἐκεῖθεν
1163 1927 1213 1991 ἐπὶ
1245 1926 1350 2009 κλίνης
1362 1936 1396 1991 15

229 2030 408 2115 φερόμενος
421 2032 515 2113 μέχρι
529 2030 712 2114 Σηλυβρίας
731 2032 930 2113 κατήντησεν,
954 2030 1031 2094 ὅθεν
1055 2029 1105 2094 όιὰ
1128 2030 1276 2112 τριήρους
1298 2052 1349 2093 κε-

186 2132 370 2217 17κόμιστα,
401 2135 492 2217 βοῶν
522 2134 570 2205 ὡς
600 2134 690 2208 “ζῶν
721 2134 764 2197 ἔτι
795 2140 842 2216 τῷ
873 2132 949 2215 πυρλ
981 2131 1234 2215 παραόέόομαι.”
1283 2132 1351 2213 ἄρτι

229 2234 265 2300 di
287 2236 418 2320 φόόσας
439 2237 484 2307 είς
505 2233 540 2298 τὸ
563 2234 766 2318 Στρογγύλον
792 2240 848 2299 τοῦ
870 2236 1115 2319 μεμολυσμένον
1138 2234 1229 2299 θείου
1252 2237 1351 2317 ξυροῦ

230 2413 262 2466 11
282 2415 356 2473 όνιως
376 2415 424 2476 (ὅτι
444 2413 478 2477 Ε)
497 2412 565 2468 κατὰ
582 2413 748 2482 Βουλγόρων
767 2413 961 2482 ἐξεστράτευσε·
991 2412 1038 2468 καί
1055 2413 1167 2482 νοσήσας
1191 2412 1351 2482 ῦπίστρεφε·

229 2484 276 2540 κατ’
294 2485 456 2555 κατέστρεψε
474 2483 521 2555 τὴν
540 2485 614 2555 ζωήν
632 2483 679 2540 ΟΕ
753 2484 787 2539 l'I
806 2483 911 2555 τελευτὴ
928 2491 976 2539 τοῦ
994 2485 1183 2554 Κσπρωνόμου
1203 2484 1228 2538 Ε

284 2646 298 2699 1
322 2646 457 2715 Τελέριγος
470 2645 606 2716 Theopb.
625 2645 639 2699 Ι
658 2662 686 2716 p.
699 2645 762 2713 448,
780 2646 806 2700 4.
825 2645 887 2713 451,
906 2645 923 2700 5
994 2645 1164 2715 μεμηνῦσθαι
1178 2644 1290 2714 Apr‚
1308 2665 1352 2714 με·

281 2718 419 2786 μηνῦσόαι
438 2715 481 2772 Di
598 2717 706 2772 2ante
725 2727 763 2786 τῷ
783 2717 852 2771 add.
871 2725 949 2772 ταῦτα
969 2717 1041 2787 Ewp
1157 2717 1306 2788 βουλόμενα
1325 2714 1352 2769 D

282 2789 300 2843 3
318 2792 456 2857 κυφότητα
469 2787 496 2842 D
569 2788 586 2842 6
604 2789 635 2844 ἐκ
656 2788 754 2844 om.0
827 2788 987 2858 όαρρὴσειεν
1000 2789 1081 2856 Ewp,
1102 2805 1131 2842 v.
1150 2788 1188 2841 ad
1208 2785 1281 2841 XIII
1301 2787 1353 2853 1,5

284 2861 316 2914 11
337 2861 415 2921 οὗτος
434 2876 491 2913 om.
511 2859 536 2913 B
609 2860 644 2914 14
661 2861 754 2928 λαῦραι
775 2858 836 2928 AR,
855 2861 950 2928 λάόροι
970 2859 1006 2926 Ι),
1025 2860 1118 2929 λάβροι
1137 2857 1242 2927 DwDi,
1260 2860 1352 2928 λαῦραι

283 2932 347 3002 w*p
421 2937 491 3002 post
507 2932 592 3001 μηδὲν
605 2932 674 2985 odd.
688 2954 711 2985 τι
724 2931 798 3002 pr
873 2931 906 2986 15
923 2931 987 3000 παρ’
1002 2928 1119 3001 prDi
1192 2931 1226 2984 18
1245 2931 1353 2999 φθάσας

283 3002 369 3129 eight?
380 3004 544 3130 ὅτρογγόλον
562 3002 622 3072 ΑΕ,
641 3004 679 3064 είς
696 3003 724 3057 τό
742 3005 881 3073 λεγόμενον
894 3001 1026 3074 ἒφόιικὼς
1039 3001 1200 3072 (πεφόακῶς
1210 3001 1249 3070 1))
1262 3021 1353 3071 στρογ-

282 3075 315 3144 ri
407 3091 453 3144 wo

229 3245 434 3316 Bulgarorum
456 3246 606 3314 princeps,
632 3260 651 3299 a
671 3245 842 3300 domesticis
861 3245 1033 3315 significato
1060 3259 1127 3299 esse
1146 3259 1202 3300 sua
1227 3244 1354 3298 consilis

230 3317 297 3386 regi
316 3318 496 3386 suspicatus,
516 3317 567 3385 qui
587 3320 689 3370 tamen
707 3315 749 3370 illi
769 3321 877 3383 essent,
905 3317 1060 3386 ignorans,
1080 3322 1149 3370 astu
1168 3315 1352 3385 Oopronymi

186 3382 220 3436 12
230 3387 354 3442 levitate
381 3389 589 3442 circumventa
615 3403 654 3442 ex
683 3388 749 3457 ipso
781 3388 862 3456 quod
886 3387 1051 3456 ignorabat
1073 3388 1204 3442 rescivit.
1242 3385 1353 3442 Scribit

229 3461 308 3513 enim
328 3473 361 3513 se
380 3458 457 3512 elam
475 3458 559 3512 illum
579 3459 732 3512 aditurum
752 3461 896 3528 petitque,
925 3463 959 3512 ut
979 3459 1036 3513 sibi
1057 3459 1250 3529 significaret,
1278 3473 1352 3512 num

230 3545 306 3598 quos
335 3530 374 3584 de
401 3529 579 3600 proceribus
601 3528 742 3599 Bulgaris
771 3531 883 3584 amicos
913 3531 1047 3598 haberet,
1075 3530 1186 3600 quibus
1205 3545 1352 3584 arcanum

187 3597 416 3655 l3committere
430 3600 558 3655 auderet
572 3616 710 3670 quosque
729 3601 786 3655 sibi
805 3603 920 3656 itineris
939 3602 1063 3656 comites
1077 3601 1266 3670 adiungeret.
1298 3599 1352 3655 llle

229 3687 304 3742 pree
331 3677 455 3742 stupore
474 3673 606 3742 ingenii,
636 3672 891 3741 quemadmodum
917 3678 1052 3742 apparet,
1082 3671 1206 3727 consilio
1227 3672 1352 3726 barbari

228 3759 291 3797 uon
304 3743 518 3798 animadverso
531 3745 578 3798 sui
592 3744 744 3798 studiosos
757 3745 866 3812 statim,
886 3759 947 3813 qua
965 3749 1031 3798 erat
1048 3744 1190 3810 amentia,
1209 3742 1350 3812 prodidit,

32 3879 35 3882 ᾗ
123 3809 165 3865 14.
185 3809 219 3864 15
230 3830 306 3884 quos
325 3814 475 3869 barbarus
495 3830 599 3870 omnes
618 3815 782 3870 crudeliter
804 3820 897 3884 atque
910 3816 1080 3869 immaniter
1099 3816 1258 3869 interfecit.
1297 3814 1351 3868 Im·

229 3890 353 3955 perator
371 3887 480 3940 iterum
500 3902 629 3955 eamque
642 3891 826 3956 postremam
838 3887 1063 3956 expeditionem
1084 3891 1189 3940 contra
1200 3885 1351 3956 Bulgaros

229 3957 370 4026 suscepit,
392 3957 424 4011 iu
444 3973 505 4027 qua
525 3973 593 4012 oum
613 3974 709 4028 prope
727 3956 963 4027 Arcadiopolim,
982 3957 1132 4012 Thraciae
1153 3958 1267 4023 urbem,
1287 3973 1353 4011 ver·

229 4033 356 4095 seretur,
381 4029 447 4083 eius
473 4029 567 4099 pedes
583 4029 764 4083 anthrocum
790 4029 895 4082 morbo
922 4039 993 4083 suut
1013 4030 1152 4098 correpti,
1180 4027 1263 4083 unde
1283 4043 1352 4082 eum

229 4100 425 4154 vehementes
444 4104 474 4154 et
493 4099 610 4155 calidae
629 4100 730 4155 febres
742 4100 882 4166 urebant,
903 4115 1032 4168 quarum
1052 4099 1167 4154 nullum
1185 4100 1352 4154 remedium

185 4171 220 4224 16
230 4172 399 4241 excogitari
410 4173 517 4240 potuit,
529 4171 727 4226 neamedicis
741 4171 871 4240 quidem.
892 4170 977 4224 Illinc
988 4172 1094 4224 lectica
1106 4169 1275 4238 Selybriom
1286 4186 1353 4240 per-

229 4241 309 4296 latus
328 4243 442 4297 triremi
463 4248 509 4297 est
527 4243 685 4312 impositus
712 4244 898 4297 vociferans:
927 4242 1059 4296 “Vivens
1078 4243 1179 4296 adhuc
1198 4243 1229 4296 in
1249 4243 1352 4312 ignem

185 4313 219 4368 17
230 4329 296 4368 sum
316 4313 501 4369 coniectus.”
538 4314 645 4371 Statim
665 4318 766 4368 autem
787 4329 854 4368 cum
875 4312 1071 4384 Strongylum
1091 4314 1232 4382 venisset,
1256 4314 1352 4369 aciem
