3050 4775
264 467 457 534 untalons
474 468 633 533 narrem
651 468 702 530 ET
720 468 947 533 BYZAN'PIVM
967 467 1143 533 OBSIDET.
1209 468 1262 532 621

144 665 209 725 τῶν
236 660 361 724 πόλεων
390 660 423 731 ἒς
447 658 505 743 τὴν
530 660 636 724 αὐτῶν
657 660 850 743 μητρόπολιν
873 660 983 743 ἄγουσι
1004 658 1061 743 τὴν
1077 658 1261 743 Ἀδριανού-

144 764 244 847 πολιν,
276 763 330 827 καὶ
357 763 481 847 σπουδῇ
508 768 573 827 τῶν
599 764 873 847 πραστεδειμὲνων
896 765 984 847 αύτῷ
1005 762 1083 847 ταχὺ
1105 761 1142 826 τὰ
1165 764 1262 827 πλείω

144 872 209 931 τῶν
237 866 477 948 στρατευμάτων
505 866 572 929 ἐκεῖ
590 866 871 949 συνηθροίσθησαν
893 870 912 950 ἢ
936 866 990 929 καί
1011 867 1092 949 μίσει
1114 872 1161 949 τῷ
1182 865 1264 949 πρὸς

144 968 199 1033 τδν
230 969 458 1052 αὐτοκράτορα.
505 968 555 1033 διά
581 992 665 1039 τινας
694 969 755 1051 γὰρ
784 970 882 1040 αἰτίας
914 966 978 1033 οὔτ’
1007 970 1125 1039 ἐκεῖνος
1156 970 1264 1040 καλῶς
1274 971 1309 1026 14

118 1078 208 1143 arole
239 1072 438 1154 στρατιώταις
469 1073 629 1155 ἐκέχρητο,
663 1071 740 1135 ἀλλὰ
763 1072 818 1135 καί
845 1072 986 1155 ὑποψίας
1012 1072 1166 1155 ύπίτρεφε
1194 1066 1262 1135 κατ’

145 1176 261 1256 αύτών,
284 1175 423 1238 κάκεῖνοι
446 1173 496 1238 διὰ
518 1179 614 1237 τοῦτο
637 1173 719 1257 πρδς
742 1176 840 1257 ἔχθος
862 1170 930 1239 κατ’
956 1176 1052 1239 αὐτοῦ
1069 1174 1263 1257 ι’γριύίζοντο.

147 1277 194 1347 ὡς
217 1273 245 1340 δ’
270 1275 328 1341 οὖν
350 1276 566 1360 συνελέγησαν,
595 1277 752 1360 εὐφημίας
776 1276 872 1341 αύτδν
895 1276 1005 1341 airino
1028 1277 1190 1361 βασιλικῆς
1211 1276 1266 1340 καὶ
1276 1281 1310 1335 15

147 1380 353 1462 ἀναρρήσεως
370 1380 577 1462 κατηξίωσον.
623 1380 642 1443 δ
666 1380 700 1443 δὲ
723 1378 780 1443 σύν
803 1380 908 1451 αὐτοῖς
930 1379 1028 1450 εὐδὺς
1051 1381 1145 1462 ἔργου
1169 1381 1310 1462 εἴχειο16

147 1482 201 1545 καί
223 1481 347 1565 ἀθρόαν
368 1488 406 1565 τῇ
428 1481 636 1565 βασιλευούσῃ
660 1482 815 1565 ἐπιφοιτᾷ,
848 1482 905 1545 καί
929 1484 960 1545 σί
985 1482 1144 1564 προσιόντι
1165 1504 1265 1564 πρασ-

104 1585 284 1667 1οεφοίτων
305 1583 415 1647 πολλοί
437 1584 491 1647 καί
513 1590 696 1666 στρατιῶται
718 1584 772 1647 καὶ
795 1586 926 1649 ἀστικαί·
959 1586 1105 1654 κάκεῖνος
1128 1589 1194 1654 ταῖς
1217 1584 1310 1647 ἒλ-Ιῖ
1330 1588 1353 1642 Β

147 1689 230 1751 πίσιν
251 1688 391 1771 ᾐώρητο,
420 1686 468 1757 ώς
490 1687 612 1757 οὔτινας
634 1688 722 1769 αύτῷ
744 1688 1014 1770 δντιστησομὲνσυ,
1047 1686 1124 1750 ἀλλὰ
1146 1686 1266 1769 μᾶλλον

148 1788 407 1853 ἀναπετασδιταιν
429 1789 518 1871 αὐτῷ
540 1790 678 1861 εὐπιτώς
700 1789 753 1853 καί
775 1789 831 1860 τὰς
852 1789 954 1861 πύλας
976 1796 1031 1872 τῆς
1054 1789 1187 1872 πόλεως,
1220 1789 1266 1852 ὅτι

148 1915 180 1956 τε
206 1891 243 1954 τὰ
271 1893 337 1974 ἑῷα
365 1892 577 1974 στρατεύματα
604 1893 754 1975 πολέμοις
783 1893 849 1955 ἐκεῖ
872 1892 1111 1977 προσησχόλητο
1139 1890 1193 1955 καί
1221 1892 1267 1955 δτι

0 2013 5 2052 ι
27 2005 70 2060 lV
87 2003 140 2058 165
148 1996 201 2058 καί
225 1995 256 2058 σί
276 2002 331 2077 τῆς
352 1994 476 2065 πόλεως
500 1992 538 2058 δι’
563 1994 661 2078 δργῆς
687 1996 849 2059 ἐποιοῦντο
876 1995 930 2059 τὸν
958 1996 1187 2078 αὐτοκράτορα,
1221 1995 1267 2065 ώς

105 2098 189 2180 15δή
211 2121 239 2159 τι
260 2097 305 2180 μὴ
329 2095 409 2159 κατὰ
432 2098 564 2180 γνώμην
586 2098 691 2167 αὐτοῖς
713 2097 982 2180 προσφερόμενον.
1028 2099 1182 2168 τοιαύταις
1210 2095 1267 2160 οὗν
1278 2104 1311 2157 18

148 2200 367 2282 αἰωρούμενος
388 2205 454 2269 ταῖς
477 2198 574 2263 ἐλπίσι
596 2200 869 2282 στρατοπεδεύεται
891 2200 955 2282 πρδ
976 2206 1032 2284 τῆς
1049 2200 1183 2281 πόλεως,
1206 2224 1266 2264 πο-

148 2302 328 2385 λιορκήσων
343 2303 450 2384 αι’ττήν,
474 2303 503 2364 εί
514 2301 559 2384 μὴ
577 2302 698 2384 δέχοιτο
721 2302 911 2384 ἑτοιμότατα.
957 2302 1061 2365 ἕωθεν
1084 2300 1142 2365 οὗν
1163 2324 1266 2385 παρα-
1278 2308 1312 2363 19

148 2407 322 2488 ταξάμενος
344 2405 397 2469 καί
419 2406 520 2487 ἀγχοῦ
542 2410 598 2468 τοῦ
620 2405 790 2488 περιβόλου
813 2411 868 2489 τῆς
890 2405 1014 2475 πόλεως
1037 2405 1175 2487 γεγονὼς
1197 2405 1268 2488 περί

204 2627 312 2695 latrat
331 2626 359 2679 D
430 2631 500 2695 post
517 2626 625 2695 ἄγουσιν
639 2625 708 2680 add.
722 2624 801 2680 αύτδν
819 2625 903 2696 Erip,
922 2625 1051 2686 αύτδνεῖς
1065 2623 1092 2678 Ι)
1122 2665 1143 2684 .,
1164 2624 1267 2693 σἰδριαν.

204 2715 262 2753 om.
282 2698 304 2754 0
405 2697 488 2752 ἳκαὶ
505 2697 567 2765 ΑΒ,
586 2698 603 2766 ἢ
621 2713 678 2767 wp,
697 2697 742 2750 xri
759 2698 777 2766 ἢ
796 2698 913 2752 mavult
935 2699 986 2753 Wo
1091 2697 1108 2750 3
1126 2696 1156 2750 ιδ
1174 2695 1210 2764 D,
1229 2703 1267 2749 τῶ

203 2769 289 2824 extri
308 2785 385 2823 corr.
404 2767 428 2824 C
498 2768 517 2821 4
534 2789 602 2828 τινας
614 2767 642 2821 D
713 2769 911 2838 δύπσρέτρεφσ
929 2769 965 2839 ρ*
1037 2769 1054 2823 6
1072 2768 1222 2836 ίρειλίζοντα
1234 2767 1268 2832 Β,

203 2842 273 2910 ἦρα)
283 2879 398 2895 .......
417 2839 444 2893 D
540 2841 556 2894 i
575 2839 746 2909 συνελέγησαν
759 2879 854 2894 ......
867 2840 945 2894 αύτδν
964 2840 991 2894 D
1082 2838 1221 2909 βασιλικὴν
1240 2839 1268 2892 D

204 2914 222 2966 8
240 2914 318 2981 ἔργου
337 2909 464 2981 prDt'‚
482 2913 558 2980 ἔργον
578 2910 604 2964 Α
703 2912 720 2965 9
736 2911 895 2980 προςήκσντι
915 2911 942 2962 Ι)
1034 2911 1068 2964 10
1085 2911 1187 2966 ἀστικοὶ
1206 2909 1268 2976 AR,

204 2984 312 3038 ἀστυιιολ
330 2999 378 3052 wp
477 2984 521 3036 10.
541 2983 690 3037 11ἒλιτίσιν
710 3021 805 3036 ......
824 2983 862 3042 ὡς
881 2981 908 3034 D
1005 2982 1037 3034 ll
1057 2981 1268 3048 ἀ....σομίνου

206 3093 451 3109 ..............
467 3054 553 3121 tulta
571 3054 598 3106 D
740 3055 775 3107 12
793 3051 974 3120 ἀναπετααμδν
992 3068 1031 3106 ex
1050 3053 1270 3119 ἀναπετασμάτων

205 3132 302 3181 mutat
319 3126 347 3179 D
460 3131 532 3179 ante
549 3125 595 3179 καὶ
613 3125 682 3178 add.
701 3132 754 3177 τῶν
773 3125 860 3178 ἀστῶν
879 3123 977 3193 Bpr
1098 3124 1268 3178 laxatam.

205 3197 253 3253 BC
354 3197 387 3250 li')
407 3196 489 3266 τιμὴ]
508 3197 586 3266 τιμὴν
598 3195 626 3248 Ι)
718 3197 751 3249 16
769 3196 822 3264 πρδ
841 3195 936 3251 01111)
1034 3197 1067 3250 17
1086 3202 1154 3265 post
1167 3195 1270 3263 δέχοιτο

206 3270 275 3323 add.
294 3268 374 3323 αύτδν
391 3265 510 3338 prDt‘
583 3268 617 3321 18
635 3273 706 3321 aute
723 3267 784 3335 περὶ
803 3267 872 3320 add.
892 3274 939 3320 τοῦ
957 3266 985 3319 Ι)

153 3486 240 3553 regia
268 3485 299 3537 in
328 3482 518 3554 metropolim
546 3497 632 3536 suam
654 3481 904 3551 Hadrianopolim
932 3481 1097 3549 abducunt,
1127 3495 1187 3550 quo
1207 3481 1271 3534 iau·

153 3561 253 3610 torum
277 3555 342 3609 eiua
365 3553 465 3609 studio
489 3555 622 3608 maxima
647 3568 717 3623 para
740 3554 929 3607 exercituum
952 3555 1095 3608 convenit
1112 3552 1161 3606 vel
1180 3554 1271 3622 irnpe-

153 3629 264 3681 ratorie
290 3627 368 3692 odio,
398 3627 449 3694 qni
467 3626 506 3678 ob
526 3639 635 3679 causae
654 3624 801 3693 quaedam
821 3625 929 3678 milites
948 3639 1009 3678 non
1028 3625 1107 3678 bene
1125 3629 1271 3678 tractarat
1281 3622 1315 3675 14

155 3704 185 3752 et
203 3702 361 3768 suspectos
374 3697 514 3763 habebat,
533 3696 616 3750 unde
629 3697 685 3749 illis
699 3696 768 3750 odio
783 3710 849 3749 esse
863 3700 1015 3765 coeperat.
1052 3694 1158 3750 Statim
1168 3697 1271 3765 igitur
1281 3693 1315 3747 15

154 3769 225 3823 illuc
244 3770 400 3838 congressi
412 3768 564 3822 'l'ornicen
583 3769 691 3821 lauatio
709 3767 978 3821 acclamationibus
996 3769 1147 3837 prosecuti
1166 3781 1271 3836 regem

156 3841 394 3895 consalutarunt.
431 3839 484 3893 Ille
512 3855 585 3892 vero
614 3838 697 3892 nulla
719 3853 806 3892 mora
831 3853 894 3892 rem
923 3854 991 3892 eum
1017 3839 1079 3892 suis
1105 3853 1271 3907 aggressus
1282 3837 1316 3890 16

156 3912 270 3981 Cpolim
294 3912 394 3965 subito
419 3910 537 3964 invadit
559 3925 690 3978 cumque
714 3910 799 3963 multi
823 3909 862 3962 ad
882 3925 951 3964 eurn
975 3914 1035 3963 tam
1053 3909 1160 3963 milites
1180 3923 1271 3977 quam

157 3985 239 4038 cives
263 3984 459 4048 confluerent,
487 3982 518 4034 in
546 3997 630 4050 apem
656 3982 834 4050 erigebatur
858 3981 1009 4035 nerninem
1034 3981 1109 4048 iore,
1138 3982 1189 4049 qui
1215 3981 1271 4034 sibi
1282 3979 1315 4033 17

157 4056 298 4109 resistere
312 4054 447 4119 auderet,
466 4052 519 4106 aed
534 4068 637 4106 omnes
650 4059 754 4121 portas
766 4052 850 4105 urbis
863 4067 925 4106 non
938 4053 1090 4122 gravatim
1104 4056 1271 4121 aperturos,

156 4132 219 4180 tum
240 4127 321 4195 quod
346 4125 507 4179 orientales
532 4125 683 4177 exercitus
702 4123 789 4176 bellis
807 4124 848 4176 ibi
868 4122 1010 4193 gerendis
1032 4124 1181 4192 occupati,
1208 4133 1272 4176 turn

157 4197 239 4266 quod
259 4199 341 4250 cives
360 4196 534 4265 imperatori
554 4196 623 4248 irati
642 4200 751 4260 essent,
771 4209 790 4248 a
809 4209 869 4262 quo
889 4194 976 4248 aliter
995 4209 1085 4263 quam
1099 4194 1210 4248 vellent
1223 4194 1273 4247 ha·

157 4269 310 4322 berentur.
347 4267 526 4321 Huiusmodi
546 4282 600 4334 spe
622 4267 745 4319 inflatus
766 4273 865 4318 castra
884 4271 955 4319 ante
974 4266 1081 4319 urbem
1100 4266 1193 4335 ponit,
1223 4280 1272 4334 op·
1284 4265 1317 4317 18

157 4346 351 4408 pugnaturus
362 4353 437 4404 eam,
457 4338 514 4390 nisi
525 4338 666 4390 alacriter
680 4339 875 4406 reciperetur.
913 4337 1001 4391 Mane
1014 4338 1107 4405 igitur
1126 4337 1273 4389 instmrcta
1285 4336 1317 4390 19

158 4412 224 4464 acie
251 4411 291 4463 ad
320 4411 440 4463 moenia
466 4409 551 4462 urbis
579 4423 674 4477 prope
703 4408 886 4461 Blachernas
916 4423 1096 4477 progressus
1125 4409 1207 4476 petit,
1239 4413 1273 4460 ut

157 4486 265 4553 portae
284 4483 340 4536 sibi
360 4482 545 4552 aperiantur,
574 4480 751 4532 custodibus
772 4479 860 4532 adid
881 4481 998 4533 facinus
1020 4479 1139 4548 magnis
1163 4479 1273 4550 pollici·
