3050 4775
470 379 665 441 VALENTIS
685 377 903 441 INTERI'I'VS.
1220 382 1256 442 te

130 571 242 642 σιλίως
267 570 324 654 τὴν
351 570 464 654 χώραν
492 570 612 652 ἐκείνην
639 570 835 653 ληιζομίνων
862 566 916 632 καὶ
944 567 1175 650 ἕμπιπρώντων
1203 565 1410 630 nutrirent

129 675 185 744 τὰς
212 675 321 746 οίκίας,
349 673 478 736 κάκεῖνο
509 671 545 735 τδ
576 675 694 755 οἴκημα
718 674 970 754 καταπέπρηστο,
1002 669 1056 733 καὶ
1083 669 1102 732 δ
1129 667 1256 752 Οὐάλης

130 777 306 859 διέφθαρτο
338 777 372 839 ἕν
405 775 501 856 αὐτῷ.
547 775 566 837 ὁ
592 777 699 857 μέντοι
727 777 816 856 ἅγιος
845 771 995 842 Ἰααάκιος
1027 771 1256 854 καθειργμένος
1266 779 1300 833 96

129 880 187 962 τὴν
209 879 397 961 κατάφλεξιν
417 883 472 940 τοῦ
500 876 673 947 Οὐάλεντος
701 877 831 959 ἐγνώκει
859 883 906 957 τῴ
932 875 1084 958 πνεύματι
1111 873 1165 937 καί
1192 872 1256 936 εἷπε

103 987 196 1052 Σιτοῖς
218 986 451 1063 παρατυχοῦσιν
473 980 539 1043 ἐκεῖ
559 980 606 1049 ὡς
621 979 775 1062 ’Ὁιίάλης
798 980 866 1061 άρτι
888 979 1019 1060 θνήσκει
1043 976 1093 1040 διά
1116 976 1255 1058 πυράς”.

131 1084 365 1166 σημειωθείσης
386 1081 445 1145 σύν
466 1089 521 1166 τῆς
543 1084 664 1164 ἡμέρας
687 1083 835 1164 ἐγνώσθη
858 1080 936 1163 μετὰ
959 1085 1054 1143 ταῦτα
1076 1079 1121 1162 μὴ
1137 1080 1300 1161 πλάνη-27

133 1187 231 1269 θῆναι
252 1186 306 1248 τὸν
328 1187 424 1267 ἅγιον.
469 1183 547 1266 μετὰ
571 1185 606 1248 δὲ
627 1185 683 1267 τὴν
704 1190 770 1246 τῶν
792 1184 967 1266 βαρβάρων
991 1182 1112 1244 ἐκεῖθεν
1134 1182 1301 1246 doura-28

130 1289 276 1370 χώρησεν
302 1287 338 1350 τδ
364 1293 458 1369 σῶμα
485 1293 541 1349 τοῦ
568 1287 723 1369 βασιλέως
746 1286 985 1368 ἀναζητούντων
1007 1289 1108 1356 τινῶν,
1139 1283 1255 1366 εὑρέθη

2 1390 235 1472 )ΙΙΙκ23τάφος
258 1390 292 1452 ἕν
313 1396 351 1472 τῇ
379 1391 470 1471 οἰκίᾳ,
503 1391 536 1452 ἐν
563 1387 645 1472 ᾗπερ
674 1390 791 1458 ἐκεῖνος
820 1389 979 1460 έκέκαυτο,
1011 1386 1146 1450 παλαιοῦ
1176 1409 1256 1454 τινος

89 1508 121 1562 10
130 1495 220 1574 ἔχων
243 1493 426 1574 ἀντίγραμμα

294 1595 454 1658 ’Ἐνταῦθα
478 1596 591 1676 Μίμας
612 1593 779 1657 Μακεδὼν
802 1592 1037 1675 στρατ·ηγίτης.”

229 1697 341 1779 Τούτῳ
369 1705 418 1779 τῴ
443 1697 565 1779 βασιλεῖ
588 1698 738 1778 ἐπανέστη
767 1695 954 1778 Προκόπιος
982 1695 1001 1758 ὁ
1028 1693 1158 1775 ἀνεηιιδς
1181 1690 1344 1758 'Iov-2913

129 1800 241 1863 λιανοῦ
264 1800 318 1862 καὶ
340 1799 492 1881 ἐκράτησε
513 1805 569 1862 τοῦ
593 1799 777 1872 Βυζαντίου.
822 1797 994 1879 προδοθείς
1019 1795 1053 1858 δὲ
1079 1795 1166 1876 παρὰ
1194 1799 1302 1860 τῶν30

132 1903 262 1964 οἰκείων
283 1901 338 1963 καὶ
358 1901 547 1982 προσδεθείς
569 1902 605 1963 ἐκ
627 1907 692 1963 τῶν
714 1899 837 1963 σκελῶν
861 1899 919 1962 δύο
943 1899 1085 1980 δένδροις
1111 1899 1165 1980 βίᾳ
1192 1898 1257 1960 κλι-

89 2004 224 2076 ιῇθεῖσι,
242 2008 307 2066 τῶν
323 2003 466 2085 δένδρων
481 2004 658 2067 ἀνεθέντων
674 2003 848 2084 διεσπάσθη
866 2002 884 2065 ὁ
901 2001 1041 2072 δείλαιος.
1086 2000 1256 2083 καθῃρέθη
1267 2013 1301 2066 31

134 2106 170 2168 δὲ
192 2106 261 2169 τδτε
283 2107 336 2169 καί
358 2106 395 2168 τά
417 2107 501 2189 τείχη
523 2112 579 2188 τῆς
601 2106 725 2175 πόλεως
748 2104 968 2186 Χαλκηδόνος,
999 2103 1045 2173 ὡς
1071 2108 1136 2166 τῶν
1163 2103 1258 2184 αὐτῆς

132 2208 272 2272 πολιτῶν
286 2208 323 2271 τά
338 2207 528 2290 Προκοπίου
544 2209 766 2290 φρονούντων·
791 2204 839 2270 ὧν
857 2207 1125 2288 καθαιρουμένων
1140 2205 1257 2288 εὑρέθη
1268 2218 1303 2271 32

133 2311 218 2384 πλάξ
240 2311 274 2374 έν
295 2317 359 2382 τοῖς
380 2311 537 2395 θεμελίοις
560 2312 667 2374 αὐτῶν
690 2312 806 2395 ἔχουσα
831 2309 1030 2393 γεγραμμένα
1054 2309 1152 2370 τουτί·

136 2525 170 2577 12
190 2524 252 2591 περί
270 2530 316 2593 τῆς
333 2524 493 2592 Προκοπίου
511 2524 663 2593 τυραννίδος
681 2523 727 2577 καί
745 2522 905 2591 ἀναιρέσεως
924 2524 961 2586 (κ.
980 2521 1066 2590 ἀναιρ.
1087 2537 1143 2576 om.
1159 2520 1193 2585 Ε)
1213 2520 1259 2574 καὶ

135 2604 181 2665 τῆς
199 2595 383 2663 καθαιρέσεως
402 2602 455 2649 τῶν
472 2602 567 2664 τειχῶν
586 2596 761 2663 Χαλκηδόνος
781 2594 828 2649 GE

190 2812 204 2863 1
226 2810 439 2879 ίμπιμπρώντων
457 2809 485 2863 Ι)
625 2810 858 2878 2κατεπέπρηστο
877 2807 904 2861 D
1045 2808 1060 2862 δ
1079 2822 1135 2862 om.
1156 2805 1257 2876 DEwp

189 2883 208 2935 3
226 2883 312 2936 ἕαυτῶ
330 2882 355 2935 Β
426 2882 445 2935 4
462 2882 627 2951 κατάφλοξιν
645 2881 669 2935 Ε
742 2882 758 2935 ⁶
778 2886 849 2935 ante
868 2880 965 2948 οῦάλης
985 2878 1054 2934 add.
1074 2880 1089 2931 δ
1107 2877 1130 2932 C
1201 2880 1258 2945 ἄρτι

191 2969 248 3007 om.
268 2952 296 3007 D
399 2956 417 3007 8
434 2956 583 3023 ζητούντων
603 2954 626 3007 Ε
727 2954 759 3006 11
778 2954 905 3021 μακεδῶν
925 2952 988 3017 (sie)
1007 2950 1042 3019 A,
1061 2948 1211 3018 Μᾶκεδών]
1231 2966 1260 3003 ν.

190 3026 231 3079 ud
250 3025 305 3079 XV
323 3025 366 3094 27,
385 3024 419 3079 12
438 3032 469 3079 et
486 3025 674 3151 Wagnerum
693 3025 713 3079 l.
732 3041 756 3079 c.
776 3041 805 3095 p.
823 3024 858 3078 60
944 3022 977 3078 15
996 3024 1128 3093 δαμάσθη
1149 3022 1213 3087 (sic)
1232 3020 1259 3073 A

191 3098 226 3151 17
245 3102 317 3152 ante
336 3096 375 3150 ὦν
394 3096 464 3151 add.
483 3097 517 3150 δι’

136 3325 266 3380 mosque
294 3311 542 3367 comburentibus
570 3311 645 3366 iilud
674 3324 797 3380 quoque
825 3310 997 3366 aediticium
1022 3310 1179 3363 incensum
1206 3312 1259 3374 cet,

136 3384 181 3437 ite
200 3389 236 3436 ut
254 3381 366 3437 Veiens
382 3384 502 3453 periret.
540 3382 681 3438 Ceterum
705 3388 848 3437 exustum
872 3396 938 3437 esse
956 3381 1114 3436 Valentem
1136 3384 1259 3433 sanctus
1269 3382 1304 3437 26

137 3454 274 3508 leoncius
292 3455 323 3508 in
343 3468 466 3509 carcere
484 3469 539 3525 per
557 3456 695 3525 spiritum
717 3455 828 3507 certior
851 3454 951 3508 fectus
976 3453 1022 3518 iic,
1051 3452 1103 3521 qui
1123 3452 1259 3517 oderent,

136 3525 296 3581 “Valens”
313 3528 357 3580 eit
373 3526 457 3580 “iam
476 3533 604 3581 necetur
622 3525 717 3596 igni”.
754 3525 812 3579 Die
831 3525 880 3579 illo
900 3528 1046 3578 nnnoteto
1062 3529 1169 3594 postea
1183 3525 1305 3579 com-27

138 3602 260 3668 pertnrn
283 3604 328 3651 eet
351 3612 414 3651 non
431 3613 550 3652 errasse
568 3599 668 3651 virum
687 3602 836 3650 sanctum.
873 3596 945 3651 Post
964 3595 1166 3649 barbarorum
1186 3596 1305 3650 ver028

138 3671 221 3723 illinc
245 3669 410 3723 discessum
434 3684 501 3723 curn
527 3670 610 3739 regio
633 3683 745 3738 corpus
769 3683 787 3721 a
812 3668 964 3722 nonnullis
983 3672 1190 3736 quaereretur,
1219 3666 1261 3717 in·

139 3746 266 3796 ventum
290 3747 335 3796 eet
358 3741 530 3811 sepulcrum
554 3742 646 3794 iniis
670 3740 806 3808 oedibus,
834 3739 887 3792 ubi
910 3738 960 3793 iile
984 3743 1049 3793 eret
1075 3736 1260 3802 combustus,

139 3814 189 3867 cui
209 3818 299 3867 retus
317 3818 384 3867 eret
401 3814 578 3882 inscriptum
603 3812 804 3882 epigramma:
828 3810 908 3864 “Hic
927 3809 1053 3863 Macedo
1072 3807 1177 3861 Mimas
1197 3806 1260 3861 dux

139 3890 186 3939 est
204 3883 311 3939 sitns”.

229 3954 343 4010 Contra
370 3955 451 4009 hunc
478 3970 583 4025 regern
611 3955 790 4009 seditionem
817 3955 913 4007 movit
941 3952 1117 4021 ProcopiuS,
1152 3950 1306 4006 intinniit)

140 4028 352 4094 consobrinus,
380 4031 411 4081 et
434 4028 596 4095 occupavit
614 4025 805 4095 Byzantium.
852 4023 912 4080 Sed
936 4024 1074 4093 proditus
1102 4038 1121 4076 e
1147 4023 1210 4075 suis
1232 4023 1307 4078 etto

140 4101 283 4154 astrictus
306 4098 436 4169 pedibus
459 4098 580 4151 duobus
607 4098 769 4152 arboribus
792 4098 823 4150 vi
850 4097 1004 4151 inclinatis
1031 4101 1124 4163 atque
1152 4096 1262 4147 iturum

141 4171 270 4225 dimissis
289 4170 441 4224 laceratus
465 4176 511 4224 est
533 4168 581 4223 ille
605 4170 704 4223 miser.
750 4167 859 4222 Diruta
884 4172 954 4221 sunt
977 4172 1041 4221 turn
1065 4166 1155 4220 etiarn
1176 4163 1262 4218 Chel-
1272 4166 1305 4219 31

141 4243 266 4297 ccdonis
289 4242 376 4296 urbis
399 4242 530 4307 moenie,
557 4241 640 4309 quod
667 4241 733 4294 eius
759 4242 842 4294 cives
867 4240 1006 4308 Procopii
1032 4242 1133 4308 portos
1157 4248 1263 4303 seque·

141 4322 255 4369 rentur.
284 4312 371 4378 Quae
389 4328 458 4367 curn
479 4312 681 4379 diruerentur,
699 4316 821 4382 repertu
841 4317 885 4366 cst
904 4312 1009 4365 tabule
1028 4311 1058 4363 in
1078 4320 1183 4363 eorum
1197 4308 1307 4363 fun-32

142 4386 293 4443 dementis
311 4400 381 4440 cum
401 4385 458 4439 hec
473 4384 685 4455 inscriptione:
