3050 4775
307 397 610 472 AMrmLoeuits.
630 395 828 472 usuriis.
848 395 1053 472 stemus.
1155 415 1170 482 .'
1207 399 1241 469 'se

120 596 261 672 ἐκείνους
287 599 347 682 μὲν
377 598 427 662 ἐπὶ
454 597 586 681 θράνων
613 598 769 678 ἐκάθιζεν,
803 596 897 668 αὐτὸς
921 593 949 660 δ’
978 598 1074 670 ἑστὼς
1104 599 1276 680 ἕπίήρουῦ

119 703 176 786 τὴν
205 702 409 766 διδασκαλίαν
435 702 547 770 αι’ποῖς.
592 701 649 763 καί
674 724 748 763 ποτε
777 700 900 782 ἀθρόον
927 701 1032 771 αὐτοῖς
1059 701 1077 763 δ
1100 698 1243 783 βασιλεὺς
1253 709 1288 764 20

120 801 247 874 ἐπιστὰς
274 803 328 866 καὶ
359 803 432 873 τοὺς
463 803 521 885 μὲν
552 803 757 886 καθημένους
789 802 902 884 εὑρών,
935 803 1098 885 ἱστάμενον
1127 802 1162 866 δὲ
1189 799 1244 864 τδν

118 904 285 989 Ἀροάνιον,
308 906 512 988 ἠγανάκτησε,
540 907 594 968 καὶ
619 905 693 976 τοὺς
713 904 773 987 μὲν
795 905 910 975 παῖδας
931 909 996 968 τῶν
1018 903 1149 986 θρόνων
1172 905 1242 977 ἑξα-

92 1010 289 1091 vuettinus,
313 1009 450 1078 καθίσας
472 1008 508 1072 δὲ
521 1008 576 1071 τὸν
591 1005 754 1090 Ἀροάνιον,
779 1008 863 1071 οὕτω
881 1007 1037 1070 διδάσκειν
1052 1006 1166 1076 αὐτοὺς
1182 1007 1242 1069 διε-

119 1113 246 1184 τάξατο.
290 1111 345 1174 καὶ
371 1110 453 1193 ἦσαν
479 1113 583 1175 ἔκτοτε
611 1112 642 1174 σί
669 1110 727 1192 μὲν
754 1115 950 1192 παρεστῶτες
977 1115 1024 1191 τῷ
1051 1108 1243 1191 διδασκάλῳ,
1253 1121 1287 1175 21

8 1215 141 1286 1112396
166 1214 203 1278 δὲ
226 1213 386 1278 διδάσκων
408 1214 600 1297 καθήμενος.
644 1213 719 1276 ποτὲ
741 1214 844 1276 τοίνυν
866 1213 1098 1296 παρασφαλέντι
1113 1219 1160 1294 τῷ
1175 1209 1289 1294 ’Ap-22

119 1316 230 1398 καδίῳ
251 1316 402 1398 μάστιγας
425 1316 568 1380 ἐνέτεινεν
590 1316 609 1379 δ
632 1315 830 1385 διδάσκαλος.
877 1315 949 1379 ὅδὲ
964 1321 1086 1398 μηνιῶν
1103 1314 1153 1378 διὰ
1169 1315 1242 1378 ταύ-
1254 1327 1289 1383 23

119 1443 180 1489 τας
203 1419 291 1500 αὐτῷ
314 1418 482 1501 ἐπιβουλὴν
504 1418 663 1500 συντίθησι
678 1417 747 1480 κατ’
764 1419 860 1482 αὐτοῦ
876 1417 930 1480 καὶ
945 1425 1058 1482 κτεῖναι
1073 1417 1128 1481 τδν
1143 1418 1243 1500 ἄνδρα

76 1549 111 1600 10
121 1523 318 1604 διεμελέιησε
344 1521 398 1585 καὶ
424 1521 479 1585 τὸν
505 1523 628 1605 σφαγέα
657 1520 813 1603 ἡτοίμαζε.
859 1519 952 1602 γνοὺς
982 1520 1016 1585 δὲ
1044 1520 1079 1583 τὸ
1107 1520 1290 1603 μελετῶ-94

118 1648 222 1706 μενον
244 1624 263 1687 ὁ
285 1622 438 1706 Ἀρσένως
460 1623 567 1706 λάθρᾳ
588 1628 653 1687 τῶν
675 1623 840 1707 βασιλείων
866 1623 1094 1705 δπανεχώρησε
1122 1621 1176 1685 καὶ
1202 1624 1245 1692 εἰς

117 1728 180 1809 τὴν
202 1726 320 1809 Σκῆτιν
342 1726 493 1790 ἀπελθὼν
514 1727 571 1808 τὴν
591 1726 718 1809 μονήρη
741 1725 831 1809 ζωὴν
854 1726 977 1809 ὑπῆλθε
1004 1726 1058 1789 καὶ
1086 1726 1246 1808 ἷσάγγείος

121 1831 241 1912 γέγονε,
286 1828 405 1911 πολλὴν
428 1829 463 1892 δὲ
484 1830 582 1892 αὐτοῦ
604 1829 741 1910 θέμενος
763 1829 888 1911 ζήτησιν
911 1828 930 1891 δ
956 1827 1099 1912 βασιλεὺς
1126 1827 1291 1897 &codd-25
1309 1840 1336 1894 D

121 1955 194 2002 σιος
215 1932 276 1994 οὐκ
299 1932 381 2013 ἔγνω
405 1931 478 1994 ὅποι
501 1937 558 2014 γῆς
580 1929 628 2013 ἢν.

76 2061 111 2115 15
215 2033 369 2118 Νοσήσας
396 2032 431 2097 δὲ
454 2034 472 2096 δ
494 2033 638 2117 βασιλεὺς
664 2029 757 2105 οὗτος
785 2033 819 2098 ἐν
841 2032 1050 2105 Μεδιολάνσις
1077 2033 1246 2117 μετήλλαξε
1256 2047 1291 2102 26

121 2137 182 2220 τὴν
214 2137 314 2221 ζωήν,
346 2136 554 2201 ἑπτακαίδεκα
584 2137 635 2218 ἔτη
662 2136 718 2220 τὴν
744 2137 902 2219 βασιλείαν
933 2135 1046 2207 ι’θύνας
1078 2135 1127 2201 ἐπὶ
1158 2137 1247 2200 πέντε

120 2240 212 2324 μησί,
241 2241 371 2322 μερίσας
394 2239 429 2302 δὲ
451 2239 565 2322 ταύτην
587 2245 650 2310 τοῖς
673 2239 761 2302 δυσὶν
786 2239 880 2302 υἱέσιν
907 2239 1014 2322 αὐτοῦ,
1044 2239 1166 2322 καὶτῷ
1188 2237 1248 2321 μὲν

121 2343 283 2426 Ἂρκαδίῳ
305 2342 361 2426 τὴν
382 2343 456 2407 νέαν
480 2341 652 2426 ἀπονείμας
670 2340 798 2427 Ῥώμην
820 2342 875 2407 καί
895 2340 931 2406 τδ
954 2341 1038 2425 ἑῷον
1060 2347 1178 2427 τμῆμα,
1201 2347 1247 2425 τῴ

123 2591 160 2646 15
178 2590 285 2660 τελευτὴ
303 2596 350 2645 τοῦ
367 2589 497 2662 βασιλέως
516 2593 547 2655 (τ.
565 2593 625 2662 flou.
646 2605 702 2645 om.
722 2585 760 2656 A)
783 2590 928 2646 θεσδασίου
947 2589 1023 2649 Aci}

181 2826 196 2878 l
216 2822 337 2893 ἑστηκὼς
356 2822 429 2892 pr
506 2822 696 2894 ἳδβασιίεδς
716 2822 804 2884 αὐτοῖς
822 2822 872 2878 ΒΕ
952 2824 977 2879 3.
998 2824 1015 2877 4
1034 2823 1094 2885 τοὺς
1111 2822 1161 2894 μὲν
1181 2825 1249 2879 καθ·

313 2966 513 3034 μ
585 2894 835 3036 turiseo
850 2895 1161 3027 utronno
1176 2895 1249 3021 ιιι

179 3009 255 3107 αδτῷ
272 3038 301 3091 D
376 3038 409 3090 12
426 3038 531 3118 μονήρη
545 3053 585 3092 ex
597 3038 732 3105 μονήρσυς
751 2988 863 3093 gerni]
935 2984 1070 3108 ἑδῆλθεΒ
1144 3038 1179 3092 14
1197 3041 1248 3107 διιη

180 3111 206 3165 Ε
279 3110 313 3164 15
331 3109 357 3163 δ’
375 3108 494 3180 Βνιρῦι
575 3109 730 3179 δβασιίιδς
748 3110 825 3169 οὗτος
841 3108 877 3178 Α,
905 3110 1060 3182 δβαοιλεὺς
1078 3110 1111 3178 Β,
1139 3110 1251 3170 οὔτοςά

177 3181 304 3251 βασιλεὺς
322 3180 397 3250 pr
470 3182 504 3234 18
523 3186 592 3249 post
608 3181 705 3251 ῥώμην
723 3180 793 3236 add.
813 3181 858 3235 καί
876 3181 908 3237 τὰ
925 3182 984 3251 περὶ
1003 3182 1084 3253 αὐτὴν
1103 3181 1177 3251 pr

125 3415 337 3488 praeceptoris
364 3414 558 3485 iungeretur,
595 3428 651 3469 rex
678 3414 844 3484 aliquando
873 3414 911 3470 de
942 3416 1107 3486 improviso
1135 3416 1296 3485 ingres-20

126 3505 189 3556 ens,
216 3494 252 3541 ut
278 3486 346 3541 iilos
370 3486 511 3541 sedentes
536 3486 742 3558 deprehendit,
758 3490 888 3541 stentem
912 3484 1081 3555 Arseninm,
1110 3486 1251 3556 indigne·

126 3569 177 3615 tus
202 3565 248 3613 est
272 3564 303 3612 et
328 3558 395 3612 filiis
416 3572 435 3611 a
453 3558 577 3612 sedibus
599 3558 723 3611 remotis
741 3555 903 3612 Arsenium
926 3558 1084 3613 considere
1103 3559 1190 3612 iussit
1209 3562 1250 3611 ot·

127 3648 190 3702 que
209 3633 253 3684 ite
271 3645 325 3685 eos
343 3629 463 3684 docere.
498 3628 599 3697 Atque
618 3630 658 3682 ab
678 3643 714 3682 eo
741 3635 877 3699 tempore
903 3630 932 3683 hi
954 3644 1049 3699 prope
1072 3630 1291 3699 magistrorum

127 3704 261 3769 stabant,
289 3702 339 3754 ille
365 3716 438 3755 vero
464 3699 573 3753 sedens
598 3700 736 3755 docebat.
774 3699 923 3755 Areedius
950 3706 1051 3755 eutem
1077 3702 1175 3771 plagis
1201 3699 1296 3757 ali-22

128 3775 255 3845 qnando
274 3774 314 3827 ob
332 3771 476 3826 delictum
495 3774 628 3840 acceptis
640 3772 737 3825 iratus
753 3772 944 3841 praeceptori
957 3772 1081 3825 insidias
1095 3776 1250 3841 comperet
1261 3774 1297 3828 23

127 3860 158 3900 et
177 3860 292 3899 necere
310 3843 458 3913 cogitavit
476 3849 506 3897 et
519 3857 728 3912 percussorem
741 3845 870 3913 paravit.
908 3844 974 3908 Quo
988 3844 1112 3897 consilio
1127 3844 1249 3912 cognito
1260 3846 1296 3900 24

128 3918 276 3971 Arsenius
300 3916 377 3969 elem
402 3929 420 3968 e
441 3916 527 3984 regia
552 3928 695 3984 egressus
717 3921 747 3969 et
769 3912 879 3969 Seetim
903 3916 1058 3984 proiectus
1086 3914 1250 3969 solitariam

128 3991 223 4042 ritem
243 3988 309 4055 egit
326 3988 422 4039 instar
441 3985 552 4055 augeli.
589 3985 685 4049 Quem
708 4001 777 4040 oum
801 4000 856 4039 rex
875 3984 1065 4040 Theodosius
1089 3986 1251 4055 diligenter
1260 3988 1296 4043 25

129 4061 316 4129 indagasset,
334 4072 397 4112 non
415 4057 540 4123 invenit,
559 4058 613 4111 ubi
633 4064 782 4111 terrarum
802 4062 890 4111 esset.

218 4129 325 4185 Morbo
345 4132 504 4198 correptus
522 4129 572 4182 hie
589 4143 645 4183 rex
658 4128 821 4183 Mediolani
841 4129 938 4183 finivit
959 4130 1060 4197 vitem,
1081 4143 1147 4182 curn
1168 4124 1251 4180 XVII
1261 4130 1296 4185 26

129 4218 228 4258 annos
253 4214 384 4271 regnum
406 4201 554 4255 tenuisset
576 4215 669 4270 snpra
688 4200 713 4254 V
735 4214 855 4254 menses
878 4200 972 4270 idque
997 4201 1149 4254 divisisset
1173 4199 1252 4251 iuter

130 4276 208 4329 dnos
227 4274 305 4329 tilios
321 4287 394 4328 suos
412 4277 443 4327 et
460 4270 608 4327 decemo
627 4287 739 4327 noveru
758 4272 945 4327 attribuisset
963 4272 1088 4327 Romam
1107 4274 1138 4325 et
1156 4270 1252 4324 orion·

129 4350 222 4404 talem
247 4352 375 4419 portem,
403 4346 552 4406 Honoruo
578 4352 680 4404 eutem
705 4352 839 4402 veterem
862 4344 988 4402 Romam
1013 4345 1199 4415 assignasset
1223 4344 1253 4399 et

130 4435 234 4505 partes
254 4425 467 4484 occidentales.
