3050 4775
426 410 590 469 ΤΗΟΜΑΕ
609 411 802 471 CRVDELIS
821 411 1038 471 INTERITVS.
1238 410 1291 471 347

169 594 271 677 ἡμὲν
294 593 429 660 οὖντοῦ
456 595 562 679 Θωμᾶ
590 597 795 669 ἐπανάστασις
822 602 932 663 τοῦτον
958 596 1012 661 τὸν
1034 595 1151 681 τρόπον
1174 597 1336 681 κατηύ-30

169 721 272 762 ναστο.
317 699 351 762 αἱ
366 698 401 764 δὲ
416 698 575 783 Θρᾳκικαλ
588 700 693 771 πόλεις
708 702 741 765 αἱ
755 701 892 783 πάραλοι
908 701 1055 764 κάκείνου
1077 701 1291 782 παρελθόντος
1301 702 1335 758 31

169 803 211 865 ἔτι
234 807 289 884 τῆς
311 803 450 873 στάσεως
472 804 601 885 εἴχοντο,
625 804 679 867 καί
700 804 821 886 μᾶλλον
843 809 908 868 τῶν
929 802 1084 867 ἄλλωντὸ
1099 802 1223 868 Πάνιον
1237 804 1292 868 καί

169 906 190 987 ἡ
214 903 386 987 Πείρινθος
419 906 517 989 (οὕτω
545 907 606 989 γὰρ
632 907 728 971 πάλαι
755 906 924 990 ὠνόμαστο
951 908 971 989 ἡ
995 904 1177 989 Ἡράκλεια)
1210 908 1324 989 μίσειΒ

142 1011 216 1089 osui
238 1006 320 1091 πρὸς
341 1008 395 1074 τὸν
417 1010 644 1093 αὐτοκράτορα.
690 1009 768 1074 ἀλλὰ
796 1009 831 1074 τὸ
859 1010 919 1092 μὲν
941 1008 1063 1073 Πάνιον
1091 1018 1211 1093 σεισμῷ
1235 1012 1337 1074 τοῦ32

169 1110 289 1194 τείχους
312 1112 409 1175 αὐτοῦ
431 1113 581 1184 πεσόντος
603 1114 697 1186 ἑάλω,
720 1109 786 1195 ἦθ’
800 1111 969 1194 Ἡράκλεια
986 1111 1037 1176 διὰ
1052 1119 1107 1197 τῆς
1128 1112 1293 1196 θαλάσσης

170 1214 296 1295 γέγονεν
323 1214 438 1298 ἁλωτή.
483 1221 579 1281 ταῦτα
601 1216 704 1279 τοίνυν
726 1216 939 1298 κατορθώσας
962 1216 981 1279 ὁ
1005 1214 1134 1299 Μιχαὴλ
1156 1215 1292 1280 ἐπάνεισι
1300 1219 1336 1274 33

168 1322 416 1400 τροπαιοφορῶν
438 1319 491 1382 καί
514 1320 643 1383 ἱππικοῦ
665 1318 854 1401 τελουμένου
878 1319 1003 1400 ἀγῶνος
1025 1317 1098 1389 τοὺς
1119 1326 1167 1401 τῷ
1185 1317 1293 1401 Θωμᾷ

169 1417 226 1499 τὴν
248 1421 415 1501 τυραννίόα
439 1423 682 1503 συμπράξαντας
706 1422 792 1492 ὄνοις
815 1422 1026 1504 ἕῳεζομίνους
1048 1421 1224 1503 εἰσαγαγὼν
1248 1422 1292 1492 εἰς

127 1526 162 1580 10
169 1520 206 1583 τὸ
228 1522 365 1605 θέατρον
386 1524 558 1605 ὑπερορίαν
580 1524 687 1587 αὐτῶν
709 1524 904 1604 κατεδίκασε,
926 1524 972 1607 μή
995 1548 1022 1586 τι
1043 1525 1138 1588 πλέον
1153 1524 1292 1595 κολάσας

170 1624 295 1705 αὐτούς,
324 1627 354 1689 εί
372 1625 417 1708 μὴ
443 1626 502 1690 θύα
524 1626 608 1697 τινὰς
629 1625 683 1691 τὸν
705 1626 846 1708 Χαιρέαν
869 1625 923 1690 καί
945 1626 999 1690 τὸν
1022 1626 1218 1709 Ζαγορηνόν,
1244 1625 1290 1709 μὴ

169 1727 379 1809 πειθομένους
406 1728 489 1812 μηδὲ
514 1728 592 1812 μετὰ
615 1728 671 1812 τὴν
693 1730 860 1793 κατάλυσιν
882 1736 938 1794 τοῦ
966 1728 1072 1812 Θωμᾶ
1093 1728 1292 1811 παραδοῦναι

169 1827 207 1891 τὰ
230 1830 379 1913 φρούρια,
403 1834 423 1894 ἃ
447 1838 600 1914 κατεῖχον,
625 1832 706 1896 ἑλὼν
729 1832 783 1895 καί
806 1832 1057 1903 ἀνασκολοπίσας
1080 1832 1244 1895 ἀπέκτανε.

262 1931 307 2016 Τῇ
330 1939 407 2015 χοῦν
430 1935 602 2017 ἀποστασία
624 1941 662 2018 τῇ
684 1941 740 1998 τοῦ
757 1934 863 2017 Θωμᾶ
885 1935 939 1998 καί
961 1942 1025 2006 τοῖς
1048 1934 1210 2018 ἐμφυλίοις
1232 1958 1290 1998 πα-
1301 1930 1345 1995 24
1365 1936 1387 1993 0

127 2038 161 2091 15
169 2033 276 2115 λέμοις
296 2039 361 2099 τῶν
380 2035 569 2118 Ῥωμαϊκῶν
595 2037 842 2120 ἀσχολουμένων
869 2038 1037 2120 δυνάμεων
1064 2037 1171 2101 ἄδειαν
1198 2038 1291 2120 εὑρη-

170 2136 260 2208 κότες
284 2142 390 2202 πᾶσαν
417 2140 447 2201 οἳ
474 2139 556 2222 πρὸς
582 2140 717 2222 ἑσπέραν
735 2140 911 2224 Ἄγαρηνοί,
943 2143 977 2203 οἳ
1003 2138 1057 2204 τὸν
1083 2146 1137 2222 τῆς
1155 2138 1293 2223 Ἰβηρίας

172 2330 207 2383 14
225 2333 300 2393 ὅπως
317 2332 334 2402 ἦ
353 2333 446 2403 Κρήτη
465 2334 569 2404 γέγονεν
587 2332 639 2389 ὑπὸ
658 2332 718 2395 τοὺς
732 2334 891 2405 Ἀχσρηνούς
911 2336 974 2400 (τῶν
992 2334 1132 2404 ἇχαρηνῶν
1151 2332 1187 2403 Ε)
1207 2332 1254 2390 ΟΕ

224 2510 242 2564 2
260 2512 383 2580 παράλιοι
401 2513 512 2584 neap,
532 2531 560 2567 v.
575 2513 613 2566 ad
627 2513 681 2567 XV
695 2513 763 2581 27,l
838 2514 883 2568 καί
901 2514 1004 2569 ἐκείνου
1023 2513 1050 2566 D
1124 2513 1180 2568 3.5
1197 2513 1291 2567 πάνισν

224 2581 305 2636 ARw
327 2582 380 2650 Di,
399 2583 508 2640 Genes.
528 2601 555 2654 p.
565 2584 609 2652 45,
620 2585 644 2652 6,
665 2584 800 2654 Theoph
814 2591 893 2640 conl.
914 2603 941 2655 p.
952 2586 995 2652 71,
1006 2584 1031 2652 5,
1051 2601 1080 2638 v.
1098 2583 1188 2638 Basil.
1205 2586 1290 2640 notit.

225 2655 278 2708 133
325 2656 412 2722 einer,
440 2656 569 2711 Hierocl.
589 2657 713 2724 syneed.
732 2657 793 2724 632,
813 2656 830 2710 5
849 2657 1054 2724 Burekhartlt3
1082 2657 1181 2710 minus
1208 2660 1291 2711 reete

223 2727 318 2794 πόρων
337 2725 423 2782 Cedr.
444 2727 585 2796 (Sophia.)
606 2727 633 2781 II
652 2744 681 2796 p.
700 2728 743 2792 90,
762 2728 788 2782 8.
810 2729 841 2781 11
923 2728 942 2782 4
958 2727 1085 2796 πέρινθος
1104 2727 1167 2796 w*p
1187 2728 1290 2782 inviIIs

224 2796 286 2864 AR,
306 2814 335 2852 v.
354 2798 426 2852 XIII
444 2799 470 2866 3,
489 2799 524 2852 29
595 2799 675 2853 πάλαι
693 2799 804 2868 AEwp,
824 2809 876 2859 τοῖς
893 2801 1013 2858 παλαιοῖς
1034 2798 1058 2854 Ο
1141 2806 1209 2868 post
1226 2799 1290 2868 ἦρά-

223 2870 299 2923 κλιια
318 2869 386 2922 add.
406 2870 555 2933 ἐστασίαζον
574 2871 599 2924 δ’
612 2871 648 2924 ἔτι
664 2870 704 2934 (δὲ
717 2879 755 2924 τῶ
770 2871 803 2940 Β)
817 2870 891 2940 pr
965 2872 981 2925 ti
1001 2869 1031 2923 δὲ
1043 2869 1079 2940 ρ*
1092 2871 1195 2924 Invitis
1208 2868 1290 2924 Aitw

223 2940 241 2994 9
259 2941 428 3009 ίῳεζομένοις
448 2943 470 2995 Ε
536 2943 569 2996 10
587 2941 674 2995 αἰτῶν
692 2943 850 2997 κατεδίκασε
869 2941 978 3012 AEwp,
998 2943 1199 3011 κατεψηφίσατο
1212 2949 1291 3010 σφῶν

224 3011 248 3066 0
315 3014 348 3064 ll
368 3034 437 3072 τινας
456 3014 505 3068 θύα
524 3013 599 3082 pr
667 3015 813 3082 ζαγορηνόν
830 3012 942 3084 ARup,
961 3012 1108 3082 ζαγᾶρηνάν
1127 3011 1158 3078 C,
1177 3014 1291 3080 ζαρηνόν

222 3083 309 3148 EDw,
336 3087 484 3153 γαζαρηνόν
504 3083 640 3152 Theoph
659 3091 738 3138 eont.
758 3101 786 3154 p.
807 3085 849 3152 71,
870 3085 901 3138 21
915 3101 962 3152 ss,
991 3085 1077 3140 Cedr.
1098 3082 1290 3152 (Seylita.)l1

222 3171 250 3223 p.
269 3155 312 3221 90,
331 3155 367 3208 20
440 3155 474 3208 12
491 3155 556 3223 μετὰ
575 3154 694 3225 prDi
713 3157 752 3223 (v.
773 3171 890 3226 argum.
911 3157 949 3210 ad
969 3155 1023 3211 XV
1042 3155 1085 3222 23,
1103 3155 1157 3224 25),
1177 3154 1245 3209 κατὰ
1263 3153 1290 3208 Α

223 3226 257 3280 16
274 3233 361 3281 πᾶσαν
378 3227 464 3282 initio
484 3229 618 3298 paginae
638 3243 695 3282 om.
714 3225 742 3280 D

167 3433 227 3487 quo
247 3419 376 3473 heticius
395 3424 482 3488 pater
500 3420 648 3489 supplicio
662 3420 790 3474 allectus
803 3419 953 3475 violenter
966 3425 996 3474 et
1008 3421 1074 3489 ipse
1087 3419 1184 3489 periit.
1213 3418 1288 3474 Tho·
1299 3413 1335 3468 30

165 3505 234 3545 mae
262 3490 411 3545 seditione
436 3491 477 3544 ad
500 3491 581 3544 huno
599 3491 722 3546 modum
742 3507 924 3561 compressa,
952 3492 1121 3546 maritimae
1140 3490 1289 3546 Thraciae
1298 3485 1333 3540 31

165 3561 305 3616 civitates
329 3562 530 3629 nihilomiuus,
559 3564 650 3616 etiem
674 3562 724 3616 illo
749 3563 878 3630 sublato,
906 3567 1019 3617 motum
1044 3577 1112 3616 eum
1136 3563 1289 3632 urgebant

165 3649 204 3686 ae
228 3648 304 3703 prae
328 3634 436 3687 ceteris
459 3633 587 3686 Panium
616 3638 647 3688 et
669 3633 830 3687 Perinthus
858 3636 912 3696 (sie
940 3635 1019 3688 onim
1042 3633 1191 3688 Heracleo
1218 3633 1289 3687 olim

165 3704 391 3774 appellabatur)
420 3711 544 3774 propter
572 3705 673 3758 odium
703 3705 852 3759 adversus
879 3707 1101 3773 imperatorem.
1149 3703 1288 3759 Ceterum
1299 3699 1334 3752 32

164 3775 295 3829 Panium
324 3776 483 3830 moenibus
510 3781 611 3830 terrae
638 3783 723 3829 motu
747 3777 887 3844 collapsis
911 3784 1033 3845 captum
1058 3781 1111 3843 est,
1140 3775 1289 3829 Heraclea

163 3848 241 3900 mari
267 3853 455 3916 expugnata.
492 3846 619 3900 Miehalll
642 3847 688 3900 hio
715 3848 807 3901 rebus
833 3848 910 3901 hene
933 3848 1027 3916 gestis
1050 3847 1238 3915 triumphans
1258 3841 1334 3900 in33

163 3919 272 3972 urbem
296 3918 386 3972 rediit
409 3922 438 3971 et
462 3918 540 3972 ludis
560 3916 752 3973 Circensibus
771 3917 906 3972 Thomoe
929 3919 1085 3973 adiutores
1109 3919 1202 3972 asinis
1220 3918 1289 3970 insi-

164 3989 273 4043 dentes
291 3990 322 4042 in
343 3990 493 4042 theatrum
512 3989 701 4043 introductos
714 3990 779 4043 sola
793 3990 980 4058 relegatione
995 3994 1155 4043 contentus
1168 3988 1288 4057 gravio·

163 4061 249 4113 ribus
262 4060 418 4130 suppliciis
431 4076 492 4114 non
506 4060 615 4128 affecit,
635 4060 756 4114 duobus
776 4062 911 4130 exeeptis
928 4060 1063 4115 Choerea
1078 4064 1107 4114 el
1120 4059 1288 4128 Zagoreno‚

162 4133 225 4200 qui,
254 4146 322 4185 eum
343 4131 475 4198 castella,
504 4132 615 4198 quibus
632 4138 804 4200 praeerant,
832 4147 871 4186 ne
891 4135 958 4200 post
977 4131 1112 4185 Thomas
1133 4131 1287 4185 interitum

162 4203 287 4272 quidem
307 4203 428 4257 tradere
448 4203 569 4269 vellent,
589 4203 669 4272 eapti
688 4204 719 4256 in
740 4219 861 4257 crucem
880 4204 940 4256 acti
960 4208 1037 4257 sunt.

252 4273 296 4328 94.
333 4273 412 4328 Dum
434 4273 638 4328 Romanorum
661 4276 769 4342 copiae
788 4274 922 4328 Thomoe
945 4274 1116 4328 desectione
1142 4272 1288 4340 bellisque

162 4345 305 4399 civilibus
324 4351 521 4414 occupantur,
541 4343 677 4414 Agereni
700 4345 912 4411 occidentales,
932 4347 1016 4398 sinus
1033 4344 1141 4398 Iberiei
1161 4343 1287 4409 incolae,

161 4417 216 4486 qui
228 4417 357 4486 Hispani
377 4422 534 4485 vocantur,
554 4421 677 4486 arrepta
698 4417 859 4472 occasione
873 4433 891 4470 a
905 4432 960 4471 suo
979 4417 1064 4484 duce,
1085 4429 1174 4484 quem
1194 4429 1287 4469 amer·
