3050 4775
254 408 308 468 ooo
549 408 803 467 coutamur.
823 406 907 465 κτα
926 407 969 479 io,
989 407 1085 463 1-11.

43 593 245 658 P11239A16
337 591 422 677 Ἠάη
452 591 488 657 όέ
513 598 568 676 τῆς
593 592 691 656 νόσου
717 592 955 674 νεανιευομίνης
981 596 1028 673 τῷ
1053 590 1174 673 βασιλεῖ
1199 590 1253 653 καί
1283 586 1375 672 θαμά

254 702 309 780 τῆς
331 701 387 759 τοῦ
410 695 614 778 λογιζομένου
636 698 830 777 παραφορᾶς
852 693 940 775 αὐτῷ
958 693 1115 776 ἐπιούσης,
1138 693 1209 756 οὔτε
1223 691 1375 775 προόόοις

256 799 406 881 ἐκέχρητο
437 801 579 879 συνεχῶς
611 798 682 861 οὔτε
712 795 877 878 βασιλείοις
908 801 1050 879 πομπαῖς
1082 792 1147 859 οὔτ’
1178 796 1211 859 ἐν
1238 796 1376 879 βήμασιν

256 900 442 983 ἐχρημάτιζε
456 906 503 982 τῷ
517 900 665 982 βασιλείῳ
680 898 794 981 θρόνῳ
817 898 925 969 άνετος
948 898 1148 981 ἐφεζόμενος,
1171 898 1249 961 ἀλλὰ
1271 918 1374 979 παρα-

255 1003 435 1085 πετάσματο
467 1002 539 1085 περὶ
567 1000 663 1065 αὐτὸν
690 1002 891 1084 ἀπηώρηντο,
923 1001 979 1063 καί
1004 1024 1082 1071 τινες
1111 1001 1263 1083 ἐπιτηρεῖν
1290 1008 1406 1063 τετυ-5

229 1106 364 1187 ἳγμίνοι
386 1104 482 1167 αὐτὸν
503 1104 706 1186 περιίσταντο,
729 1105 764 1167 οἳ
783 1102 917 1185 ὁπηνίκα
940 1127 967 1166 τι
990 1108 1119 1185 σημεῖον
1142 1101 1226 1165 εἶδαν
1247 1106 1302 1184 τῆς
1319 1106 1376 1164 τοῦ

255 1214 314 1271 νοῦ
336 1207 543 1289 παρατροπῆς
572 1204 683 1289 (πολλὰ
711 1206 746 1269 ol
769 1207 883 1289 ταύτην
905 1206 993 1287 αὐτῷ
1014 1202 1241 1288 προεμήνυον),
1275 1203 1377 1267 εἷλκον

257 1307 305 1373 ἐπ’
322 1310 440 1373 ἐκεῖνον
456 1308 553 1379 εὐθὺς
571 1307 609 1371 τά
631 1308 900 1391 παραπετάσματα
924 1308 978 1371 καί
1000 1309 1120 1377 τούτοις
1142 1306 1196 1371 τὸν
1217 1306 1376 1389 πάσχοντα

230 1412 522 1495 3συχκαλόπτοντες
550 1411 661 1485 ἐξιέναι
685 1417 753 1482 τοῖςΙ
778 1414 974 1493 παρεστῶσιν
1004 1409 1224 1473 ἐνεκελεύοντο.
1269 1414 1316 1491 τῷ
1343 1407 1378 1471 ὁέ

229 1514 381 1597 ἐάθρόον
406 1538 438 1577 τε
464 1512 500 1578 τὸ
526 1512 634 1583 πάθος
656 1512 743 1596 ἐπῄει
766 1512 820 1575 καί
843 1512 968 1595 ἀθρόον
990 1512 1149 1595 ἀφίστατο.
1194 1512 1298 1583 οὕτως
1320 1509 1378 1575 οὖν
1390 1524 1428 1577 10

223 1618 341 1700 Βέχων
363 1617 382 1681 ό
405 1614 536 1699 Μιχαὴλ
558 1614 638 1677 κατὰ
660 1614 765 1698 βραχὺ
788 1613 920 1679 καὶτοῦ
944 1614 1024 1698 ὁρᾶν
1045 1614 1100 1697 τήν
1123 1614 1302 1697 βασίλισσαν
1323 1613 1377 1677 καί

255 1726 312 1783 τοῦ
333 1720 493 1801 προσιέναι
516 1718 667 1800 ἀντείχετο,
701 1721 721 1801 l)
745 1716 934 1800 αἰδούμενος
956 1716 1002 1780 ὅτι
1025 1716 1075 1779 σία
1099 1712 1172 1781 ἀνθ’
1198 1718 1276 1781 οἴων
1298 1704 1406 1799 adop&

256 1823 488 1904 ἀνταπέόωκτν,
512 1824 531 1903 ή
549 1821 594 1883 ὅτι
610 1820 701 1903 θαμὰ
717 1819 771 1883 καὶ
788 1819 968 1903 ἐτοιμότατα
983 1824 1040 1882 τοῦ
1055 1819 1183 1890 πάθους
1201 1819 1289 1901 αὐτῷ
1312 1818 1376 1882 ἐπι-

257 1926 421 2007 γινομένου
452 1921 604 2007 ᾐσχύνετο
634 1923 769 2005 πάσχων
802 1923 886 1987 οὕτω
918 1918 994 2004 παρ’
1029 1922 1148 2005 ἐκείνης
1176 1922 1323 2004 ὁρᾶσθαι,
1356 1924 1376 2004 ή

257 2026 308 2090 διὰ
339 2025 375 2089 τὸ
402 2026 459 2107 τήν
486 2026 549 2099 ἕξιν
578 2030 633 2089 τοῦ
660 2025 810 2107 σώματος
840 2024 1036 2107 διεφθάρθαι
1063 2025 1093 2087 οί
1117 2024 1171 2087 καί
1192 2024 1274 2107 πρὸς
1295 2025 1378 2106 μίξιν
1390 2035 1426 2089 15

230 2128 302 2211 ἐμή
331 2128 512 2210 πεφυκέναι.
558 2128 631 2191 ἔνιοι
660 2128 696 2193 bi
724 2151 820 2210 φασιν
848 2128 895 2199 ὡς
922 2128 1054 2211 ἀνδράσι
1081 2132 1301 2209 πνευματικοῖς
1327 2128 1377 2201 ἐξ·

258 2229 536 2313 ομολογησόμενος
557 2230 593 2293 τὸ
615 2236 670 2313 τής
690 2230 833 2313 μοιχείας
860 2230 915 2293 καί
940 2236 996 2294 τοῦ
1019 2228 1122 2327 φόνου
1145 2236 1200 2293 τοῦ
1223 2229 1378 2312 βασιλέως

259 2453 275 2506 1
303 2453 342 2506 ότι
364 2451 382 2521 r>
404 2453 482 2512 νόσος
506 2459 552 2521 τῆς
575 2459 735 2521 παραφοριῖς
763 2451 944 2523 κατεκράτηστ
969 2453 1074 2522 σφόδρα
1102 2459 1149 2507 τοῦ
1173 2451 1302 2522 βασιλέως
1329 2449 1378 2506 ΟΕ

260 2525 294 2578 10
311 2525 384 2583 ὅπως
403 2524 468 2590 (σίας
487 2523 522 2592 Ε)
540 2525 600 2592 ἔσχε
619 2527 687 2587 (om.
707 2525 742 2587 Ε)
760 2524 820 2593 περὶ
843 2523 890 2593 τήν
913 2526 1068 2593 βασίλισσαν
1092 2523 1247 2593 όβααιλττλς
1265 2523 1377 2592 Μιχαήλ

259 2594 438 2735 3511ssssss
457 2595 514 2649 hoc
537 2599 751 2665 argumentum
777 2609 937 2666 perperam
961 2595 1047 2666 ponit
1070 2601 1139 2665 poet
1162 2601 1377 2666 argumentum

313 2845 328 2898 1
346 2845 534 2913 νεανευομλνης
552 2843 580 2898 D
658 2845 676 2899 3
692 2845 793 2915 βήμασι
812 2843 844 2914 Β,
862 2845 960 2916 βήματι
980 2844 1002 2902 C
1082 2845 1099 2898 4
1117 2844 1290 2916 ἐχρημάτιζεν
1309 2849 1377 2915 post

312 2917 471 2986 ἐφεζόμενος
488 2915 537 2971 BC
608 2916 680 2985 παρὰ
697 2917 847 2986 πετάσματα
869 2917 891 2971 Ε
963 2917 980 2971 5
998 2917 1077 2973 αὐτόν
1095 2915 1222 2987 prDi,
1244 2915 1332 2972 οὔτῶν
1350 2916 1377 2970 Α

347 2988 492 3057 ἀπηώρητο
512 2987 534 3043 C
624 2989 640 3043 ’ί
661 2997 840 3057 παραπομπῆς
859 2987 886 3042 D
977 2989 1049 3043 τίκον
1069 2988 1093 3042 Ε
1191 2990 1226 3043 10
1243 2989 1271 3042 τό
1289 2988 1376 3048 πάθος

312 3059 415 3128 ἇθρόον
432 3080 459 3112 τε
478 3058 506 3113 D
577 3059 658 3113 ἐποίει
677 3059 700 3112 Β
783 3061 817 3114 12
834 3060 952 3129 προιίναι
972 3059 999 3113 D
1080 3059 1122 3114 σία
1141 3065 1170 3115 et
1188 3062 1230 3114 σία
1249 3075 1304 3130 per
1324 3059 1376 3113 dit

313 3130 428 3201 togae
501 3132 536 3185 13
554 3137 625 3186 autc
643 3138 689 3186 τοῦ
709 3131 778 3185 add.
798 3131 828 3186 τὰ
843 3131 877 3200 Α,
898 3130 1085 3202 om.prDi
1155 3130 1376 3202 ἐπιγινομένουΒ

314 3203 348 3256 lb
367 3207 438 3256 ante
456 3202 501 3257 dai
520 3203 589 3256 add.
608 3203 647 3256 ὅτι
666 3200 689 3258 C
789 3203 971 3272 διεφθάρσθιτι
990 3203 1054 3274 w*p
1144 3206 1217 3271 μῖξιν
1237 3220 1255 3273 p
1276 3203 1377 3258 invitis

312 3273 394 3328 ΑΒΝ
468 3275 501 3329 ll
521 3281 566 3328 τοῦ
585 3277 670 3343 φόνου
688 3273 735 3328 καί
752 3282 798 3344 τῆς
815 3277 935 3344 μοιχείας
954 3273 981 3328 D
1055 3282 1101 3329 τοῦ
1119 3276 1177 3344 βαα.
1199 3291 1256 3329 om.
1275 3273 1303 3327 D

349 3479 392 3533 16.
429 3479 569 3536 Ceterum
588 3481 694 3535 morbo
707 3481 914 3536 invalescente
927 3485 957 3535 et
969 3481 1078 3536 mentia
1090 3480 1273 3536 alienatione
1286 3495 1378 3551 saepe

259 3551 433 3618 invadente,
461 3566 561 3620 neque
588 3553 764 3621 frequenter
792 3553 822 3606 in
851 3553 1006 3622 publicum
1033 3551 1176 3621 prodibat
1199 3566 1254 3606 rex
1278 3567 1378 3621 neque

261 3637 373 3692 pompa
396 3623 483 3692 regia
505 3623 649 3677 utebatur
673 3639 780 3693 neque,
793 3639 919 3679 securus
937 3625 969 3678 in
988 3624 1062 3678 colio
1080 3624 1167 3692 regio
1186 3623 1296 3678 sedens
1314 3639 1378 3678 rem

233 3695 396 3764 dgcrebat,
425 3693 479 3747 aed
498 3694 567 3748 vela
586 3696 699 3749 circum
718 3711 866 3765 suspensa
885 3697 966 3764 regia
986 3695 1118 3761 comites,
1147 3695 1199 3763 qui
1220 3694 1378 3750 attendere

260 3765 334 3819 iuaai
353 3765 559 3819 observabant
577 3767 666 3835 signa
684 3767 755 3820 mali
774 3767 969 3821 adventantis
982 3770 1073 3836 (quae
1086 3765 1207 3834 quidem
1221 3766 1378 3836 complura

261 3839 289 3890 ei
312 3837 419 3905 erant),
448 3837 660 3892 animadversa
683 3839 791 3892 mentis
814 3838 996 3892 alienatione
1015 3838 1114 3891 atatim
1134 3837 1329 3892 obducebant
1346 3842 1377 3892 et

233 3908 335 3978 drage
353 3915 480 3978 aegroto
499 3909 542 3962 ita
566 3909 710 3963 obvoluto
735 3913 868 3964 aetantes
892 3909 1034 3964 accedere
1056 3909 1210 3963 iubebant.
1248 3907 1277 3963 Ia
1303 3923 1375 3964 vcro

232 3980 384 4034 4morbua
409 3986 442 4034 ut
470 3981 570 4035 subito
598 3981 773 4048 accedebat,
801 3982 844 4034 ita
872 3982 962 4036 etiam
991 3980 1091 4034 subito
1119 3980 1291 4036 recedebat.
1328 3979 1377 4036 Sic

260 4051 387 4106 affectus
399 4050 528 4106 Micholil
540 4067 558 4106 a
571 4057 737 4121 conspectu
750 4058 780 4107 et
793 4065 918 4106 accessu
931 4053 1057 4120 reginae
1076 4051 1231 4121 paullatim
1250 4052 1379 4106 abstine·

261 4123 321 4190 bat,
351 4138 407 4178 eeu
430 4123 625 4188 verecundia,
654 4123 737 4193 quod
760 4139 816 4194 pro
840 4125 931 4179 tantia
953 4123 1067 4178 meritis
1091 4123 1181 4178 talem
1201 4124 1229 4178 ei
1248 4125 1378 4194 gratiam

260 4200 430 4264 reponeret,
449 4209 504 4250 seu
517 4193 643 4264 pudore,
662 4210 701 4249 nc
714 4196 746 4248 in
760 4196 945 4261 morbosae,
966 4209 1026 4264 quo
1046 4195 1221 4264 saepissime
1240 4200 1270 4250 et
1289 4195 1378 4250 celer·

260 4267 335 4320 rime
355 4267 583 4336 corripiebatur,
613 4267 651 4319 ab
676 4281 713 4320 aa
736 4270 921 4334 cerneretur,
950 4281 1005 4320 eeu
1029 4266 1068 4320 ob
1088 4268 1224 4336 corporis
1243 4267 1377 4320 habitum

233 4336 436 4407 boomuptum
460 4343 489 4391 ct
511 4335 551 4390 ad
569 4337 761 4406 coniugalem
782 4337 1031 4392 consuetudinem
1050 4339 1110 4391 iam
1129 4339 1273 4408 ineptum.
1310 4337 1378 4402 Qni-

261 4407 329 4462 dam
344 4423 417 4463 vcro
431 4408 535 4462 dicunt
553 4422 622 4462 eum
641 4409 833 4464 confessariie
853 4413 883 4464 et
902 4409 1083 4464 adulterium
1103 4415 1134 4465 et
1153 4410 1277 4466 caedem
1296 4411 1378 4481 regia
