<?xml version="1.0" encoding="UTF-8"?>
<!DOCTYPE html PUBLIC "-//W3C//DTD XHTML 1.0 Transitional//EN"
    "http://www.w3.org/TR/xhtml1/DTD/xhtml1-transitional.dtd">
<html xmlns="http://www.w3.org/1999/xhtml" xml:lang="en" lang="en">
 <head>
  <title>
</title>
<meta http-equiv="Content-Type" content="text/html;charset=utf-8" />
  <meta name='ocr-system' content='tesseract 3.04.00' />
  <meta name='ocr-capabilities' content='ocr_page ocr_carea ocr_par ocr_line ocrx_word'/>
</head>
<body>
  <div class='ocr_page' id='page_1' title='image "./corpusscriptoru01theogoog/corpusscriptoru01theogoog_0533.png"; bbox 0 0 3050 4775; ppageno 0'>
   <div class='ocr_carea' id='block_1_1' title="bbox 380 378 1263 443">
    <p class='ocr_par' dir='ltr' id='par_1_1' title="bbox 380 378 1263 443">
     <span class='ocr_line' id='line_1_1' title="bbox 380 378 1263 443; baseline 0 -1"><span class='ocrx_word' id='word_1_1' title='bbox 380 379 625 442; x_wconf 83' lang='lat' dir='ltr'>NIOEPHORVS</span> <span class='ocrx_word' id='word_1_2' title='bbox 643 378 805 442; x_wconf 81' lang='lat' dir='ltr'><strong>PHOCAS.</strong></span> <span class='ocrx_word' id='word_1_3' title='bbox 841 379 1025 442; x_wconf 81' lang='lat' dir='ltr'><strong>BVLGARI.</strong></span> <span class='ocrx_word' id='word_1_4' title='bbox 1209 381 1263 443; x_wconf 75' lang='lat' dir='ltr'><strong><em>tat</em></strong></span> 
     </span>
    </p>
   </div>
   <div class='ocr_carea' id='block_1_2' title="bbox 100 567 1350 1675">
    <p class='ocr_par' dir='ltr' id='par_1_2' title="bbox 141 567 1263 651">
     <span class='ocr_line' id='line_1_2' title="bbox 141 567 1263 651; baseline -0.001 -19"><span class='ocrx_word' id='word_1_5' title='bbox 141 590 238 651; x_wconf 84' lang='grc' dir='ltr'><strong><em>μενον</em></strong></span> <span class='ocrx_word' id='word_1_6' title='bbox 270 567 473 650; x_wconf 84' lang='grc' dir='ltr'><strong><em>συναρπάσας</em></strong></span> <span class='ocrx_word' id='word_1_7' title='bbox 505 569 575 650; x_wconf 84' lang='grc' dir='ltr'><strong><em>ἔσχε</em></strong></span> <span class='ocrx_word' id='word_1_8' title='bbox 603 571 667 632; x_wconf 86' lang='grc' dir='ltr'><strong><em>τῶν</em></strong></span> <span class='ocrx_word' id='word_1_9' title='bbox 693 567 806 632; x_wconf 88' lang='grc' dir='ltr'><strong><em>ποδῶν</em></strong></span> <span class='ocrx_word' id='word_1_10' title='bbox 835 568 932 632; x_wconf 75' lang='grc' dir='ltr'><strong><em>αἰτοῦ</em></strong></span> <span class='ocrx_word' id='word_1_11' title='bbox 954 567 1263 651; x_wconf 78' lang='grc' dir='ltr'><strong><em>προκυλινδούμενον</em></strong></span> 
     </span>
    </p>

    <p class='ocr_par' dir='ltr' id='par_1_3' title="bbox 116 669 1325 1162">
     <span class='ocr_line' id='line_1_3' title="bbox 143 669 1309 753; baseline 0 -19"><span class='ocrx_word' id='word_1_12' title='bbox 143 672 162 735; x_wconf 87' lang='grc' dir='ltr'>ὁ</span> <span class='ocrx_word' id='word_1_13' title='bbox 189 670 309 741; x_wconf 85' lang='grc' dir='ltr'><strong><em>Φωκᾶς</em></strong></span> <span class='ocrx_word' id='word_1_14' title='bbox 335 671 388 734; x_wconf 82' lang='grc' dir='ltr'><strong><em>καὶ</em></strong></span> <span class='ocrx_word' id='word_1_15' title='bbox 416 671 606 753; x_wconf 83' lang='grc' dir='ltr'><strong><em>συγγνώμην</em></strong></span> <span class='ocrx_word' id='word_1_16' title='bbox 633 672 785 734; x_wconf 79' lang='grc' dir='ltr'><strong><em>αἰτοῦντα.</em></strong></span> <span class='ocrx_word' id='word_1_17' title='bbox 830 669 884 734; x_wconf 82' lang='grc' dir='ltr'><strong><em>καὶ</em></strong></span> <span class='ocrx_word' id='word_1_18' title='bbox 911 670 930 733; x_wconf 84' lang='grc' dir='ltr'><strong><em>δ</em></strong></span> <span class='ocrx_word' id='word_1_19' title='bbox 956 669 1099 753; x_wconf 83' lang='grc' dir='ltr'><strong><em>βασιλεὺς</em></strong></span> <span class='ocrx_word' id='word_1_20' title='bbox 1128 670 1163 734; x_wconf 81' lang='grc' dir='ltr'><strong><em>δὲ</em></strong></span> <span class='ocrx_word' id='word_1_21' title='bbox 1185 670 1262 734; x_wconf 80' lang='grc' dir='ltr'><strong><em>Στὲ-</em></strong></span> <span class='ocrx_word' id='word_1_22' title='bbox 1272 681 1309 734; x_wconf 87' lang='grc'><strong><em>30</em></strong></span> 
     </span>
     <span class='ocr_line' id='line_1_4' title="bbox 143 771 1325 863; baseline 0.001 -28"><span class='ocrx_word' id='word_1_23' title='bbox 143 795 246 856; x_wconf 81' lang='grc' dir='ltr'><strong><em>φανος</em></strong></span> <span class='ocrx_word' id='word_1_24' title='bbox 268 771 286 835; x_wconf 88' lang='grc' dir='ltr'>ὁ</span> <span class='ocrx_word' id='word_1_25' title='bbox 309 773 365 835; x_wconf 69' lang='lat' dir='ltr'><strong><em>aab</em></strong></span> <span class='ocrx_word' id='word_1_26' title='bbox 388 772 586 854; x_wconf 82' lang='grc' dir='ltr'><strong><em>Λακαπηνοῦ</em></strong></span> <span class='ocrx_word' id='word_1_27' title='bbox 614 772 647 834; x_wconf 79' lang='grc' dir='ltr'><strong><em>ἕν</em></strong></span> <span class='ocrx_word' id='word_1_28' title='bbox 669 771 788 856; x_wconf 83' lang='grc' dir='ltr'><strong><em>Λέσβῳ</em></strong></span> <span class='ocrx_word' id='word_1_29' title='bbox 816 773 1010 857; x_wconf 87' lang='grc' dir='ltr'><strong><em>τηρούμενος</em></strong></span> <span class='ocrx_word' id='word_1_30' title='bbox 1038 773 1118 836; x_wconf 84' lang='grc' dir='ltr'><strong><em>κατὰ</em></strong></span> <span class='ocrx_word' id='word_1_31' title='bbox 1143 772 1262 857; x_wconf 85' lang='grc' dir='ltr'><strong><em>Μήθυ-</em></strong></span> <span class='ocrx_word' id='word_1_32' title='bbox 1322 857 1325 863; x_wconf 27' lang='lat'><strong><em>¹</em></strong></span> 
     </span>
     <span class='ocr_line' id='line_1_5' title="bbox 142 873 1264 958; baseline 0.001 -20"><span class='ocrx_word' id='word_1_33' title='bbox 142 898 225 957; x_wconf 85' lang='grc' dir='ltr'><strong><em>μνον</em></strong></span> <span class='ocrx_word' id='word_1_34' title='bbox 247 876 387 944; x_wconf 78' lang='grc' dir='ltr'><strong><em>ὕποπτος</em></strong></span> <span class='ocrx_word' id='word_1_35' title='bbox 409 873 461 957; x_wconf 79' lang='grc' dir='ltr'><strong><em>ἦν·</em></strong></span> <span class='ocrx_word' id='word_1_36' title='bbox 485 874 639 956; x_wconf 79' lang='grc' dir='ltr'><strong><em>αἰφνίδιον</em></strong></span> <span class='ocrx_word' id='word_1_37' title='bbox 663 873 774 937; x_wconf 75' lang='grc' dir='ltr'><strong><em>δὲκαὶ</em></strong></span> <span class='ocrx_word' id='word_1_38' title='bbox 796 874 831 948; x_wconf 78' lang='grc' dir='ltr'><strong><em>ἐξ</em></strong></span> <span class='ocrx_word' id='word_1_39' title='bbox 846 875 995 957; x_wconf 83' lang='grc' dir='ltr'><strong><em>οὐδεμιᾶς</em></strong></span> <span class='ocrx_word' id='word_1_40' title='bbox 1011 879 1152 958; x_wconf 84' lang='grc' dir='ltr'><strong><em>φανερᾶς</em></strong></span> <span class='ocrx_word' id='word_1_41' title='bbox 1166 876 1264 946; x_wconf 79' lang='grc' dir='ltr'><strong><em>αἰτίας</em></strong></span> 
     </span>
     <span class='ocr_line' id='line_1_6' title="bbox 116 976 1264 1062; baseline -0.002 -20"><span class='ocrx_word' id='word_1_42' title='bbox 116 977 255 1042; x_wconf 78' lang='grc' dir='ltr'><strong><em>ι’)θανὼν</em></strong></span> <span class='ocrx_word' id='word_1_43' title='bbox 286 978 428 1058; x_wconf 79' lang='grc' dir='ltr'><strong><em>ὑποψίαν</em></strong></span> <span class='ocrx_word' id='word_1_44' title='bbox 461 977 583 1040; x_wconf 84' lang='grc' dir='ltr'><strong><em>δέδωκε</em></strong></span> <span class='ocrx_word' id='word_1_45' title='bbox 611 976 697 1059; x_wconf 84' lang='grc' dir='ltr'><strong><em>παρὰ</em></strong></span> <span class='ocrx_word' id='word_1_46' title='bbox 726 983 781 1060; x_wconf 87' lang='grc' dir='ltr'><strong><em>τῆς</em></strong></span> <span class='ocrx_word' id='word_1_47' title='bbox 807 978 986 1062; x_wconf 78' lang='grc' dir='ltr'><strong><em>βασιλίσσης</em></strong></span> <span class='ocrx_word' id='word_1_48' title='bbox 1011 979 1264 1061; x_wconf 69' lang='grc' dir='ltr'><strong><em>κατεργασθῆναι</em></strong></span> 
     </span>
     <span class='ocr_line' id='line_1_7' title="bbox 147 1078 342 1162; baseline -0.005 -19"><span class='ocrx_word' id='word_1_49' title='bbox 147 1078 342 1162; x_wconf 83' lang='grc' dir='ltr'><strong><em>Θεοῳανοῦς.</em></strong></span> 
     </span>
    </p>

    <p class='ocr_par' dir='ltr' id='par_1_4' title="bbox 143 1181 1306 1470">
     <span class='ocr_line' id='line_1_8' title="bbox 228 1181 1306 1266; baseline 0.001 -20"><span class='ocrx_word' id='word_1_50' title='bbox 228 1182 269 1246; x_wconf 86' lang='grc' dir='ltr'><em>Ὁ</em></span> <span class='ocrx_word' id='word_1_51' title='bbox 282 1184 388 1266; x_wconf 83' lang='grc' dir='ltr'><strong><em>μέντοι</em></strong></span> <span class='ocrx_word' id='word_1_52' title='bbox 402 1187 467 1246; x_wconf 83' lang='grc' dir='ltr'><strong><em>τῶν</em></strong></span> <span class='ocrx_word' id='word_1_53' title='bbox 482 1182 680 1264; x_wconf 84' lang='grc' dir='ltr'><strong><em>Βουλγάρων</em></strong></span> <span class='ocrx_word' id='word_1_54' title='bbox 696 1182 880 1265; x_wconf 83' lang='grc' dir='ltr'><strong><em>ἀρχηγετῶν</em></strong></span> <span class='ocrx_word' id='word_1_55' title='bbox 895 1181 1028 1263; x_wconf 77' lang='grc' dir='ltr'><strong><em>Πέτρος,</em></strong></span> <span class='ocrx_word' id='word_1_56' title='bbox 1045 1189 1101 1266; x_wconf 85' lang='grc' dir='ltr'><strong><em>τῆς</em></strong></span> <span class='ocrx_word' id='word_1_57' title='bbox 1115 1182 1264 1264; x_wconf 79' lang='grc' dir='ltr'><strong><em>γυναικὸς</em></strong></span> <span class='ocrx_word' id='word_1_58' title='bbox 1272 1193 1306 1247; x_wconf 85' lang='grc'><strong><em>31</em></strong></span> 
     </span>
     <span class='ocr_line' id='line_1_9' title="bbox 143 1283 1262 1370; baseline 0.003 -24"><span class='ocrx_word' id='word_1_59' title='bbox 143 1286 240 1348; x_wconf 82' lang='grc' dir='ltr'><strong><em>αὐτοῦ</em></strong></span> <span class='ocrx_word' id='word_1_60' title='bbox 256 1286 428 1368; x_wconf 84' lang='grc' dir='ltr'><strong><em>θανούσης,</em></strong></span> <span class='ocrx_word' id='word_1_61' title='bbox 445 1283 500 1354; x_wconf 83' lang='grc' dir='ltr'><strong><em>τὰς</em></strong></span> <span class='ocrx_word' id='word_1_62' title='bbox 514 1283 596 1366; x_wconf 86' lang='grc' dir='ltr'><strong><em>πρὸς</em></strong></span> <span class='ocrx_word' id='word_1_63' title='bbox 609 1284 786 1366; x_wconf 83' lang='grc' dir='ltr'><strong><em>Ῥωμαίους</em></strong></span> <span class='ocrx_word' id='word_1_64' title='bbox 802 1285 1011 1357; x_wconf 82' lang='grc' dir='ltr'><strong><em>ἀνακαινίζανν</em></strong></span> <span class='ocrx_word' id='word_1_65' title='bbox 1026 1284 1166 1355; x_wconf 84' lang='grc' dir='ltr'><strong><em>σπονδὰς</em></strong></span> <span class='ocrx_word' id='word_1_66' title='bbox 1181 1285 1262 1370; x_wconf 84' lang='grc' dir='ltr'><strong><em>ὁμή-</em></strong></span> 
     </span>
     <span class='ocr_line' id='line_1_10' title="bbox 144 1385 1264 1470; baseline 0.001 -21"><span class='ocrx_word' id='word_1_67' title='bbox 144 1411 221 1468; x_wconf 90' lang='grc' dir='ltr'><strong><em>ρους</em></strong></span> <span class='ocrx_word' id='word_1_68' title='bbox 243 1389 381 1470; x_wconf 84' lang='grc' dir='ltr'><strong><em>παρέσχε</em></strong></span> <span class='ocrx_word' id='word_1_69' title='bbox 405 1387 463 1450; x_wconf 83' lang='grc' dir='ltr'><strong><em>δύο</em></strong></span> <span class='ocrx_word' id='word_1_70' title='bbox 487 1387 621 1456; x_wconf 84' lang='grc' dir='ltr'><strong><em>οἰκείους</em></strong></span> <span class='ocrx_word' id='word_1_71' title='bbox 648 1385 736 1456; x_wconf 78' lang='grc' dir='ltr'><strong><em>υἱοὺς</em></strong></span> <span class='ocrx_word' id='word_1_72' title='bbox 759 1386 900 1469; x_wconf 84' lang='grc' dir='ltr'><strong><em>Βορίσην</em></strong></span> <span class='ocrx_word' id='word_1_73' title='bbox 926 1386 980 1450; x_wconf 82' lang='grc' dir='ltr'><strong><em>καλ</em></strong></span> <span class='ocrx_word' id='word_1_74' title='bbox 999 1387 1177 1468; x_wconf 87' lang='grc' dir='ltr'><strong><em>Ῥωμανόν·</em></strong></span> <span class='ocrx_word' id='word_1_75' title='bbox 1210 1387 1264 1451; x_wconf 81' lang='grc' dir='ltr'><strong><em>καλ</em></strong></span> 
     </span>
    </p>

    <p class='ocr_par' dir='ltr' id='par_1_5' title="bbox 100 1484 1350 1675">
     <span class='ocr_line' id='line_1_11' title="bbox 100 1484 1262 1572; baseline -0.003 -18"><span class='ocrx_word' id='word_1_76' title='bbox 100 1489 163 1555; x_wconf 87' lang='grc' dir='ltr'><strong><em>1οδ</em></strong></span> <span class='ocrx_word' id='word_1_77' title='bbox 185 1489 244 1572; x_wconf 75' lang='grc' dir='ltr'><strong><em>μὲν</em></strong></span> <span class='ocrx_word' id='word_1_78' title='bbox 268 1490 399 1572; x_wconf 82' lang='grc' dir='ltr'><strong><em>ἀπεβίω,</em></strong></span> <span class='ocrx_word' id='word_1_79' title='bbox 432 1490 463 1552; x_wconf 85' lang='grc' dir='ltr'><strong><em>οἷ</em></strong></span> <span class='ocrx_word' id='word_1_80' title='bbox 486 1484 514 1552; x_wconf 88' lang='grc' dir='ltr'><strong><em>δ’</em></strong></span> <span class='ocrx_word' id='word_1_81' title='bbox 539 1488 659 1552; x_wconf 75' lang='grc' dir='ltr'><strong><em>ἐκείνου</em></strong></span> <span class='ocrx_word' id='word_1_82' title='bbox 685 1489 796 1559; x_wconf 88' lang='grc' dir='ltr'><strong><em>παῖδες</em></strong></span> <span class='ocrx_word' id='word_1_83' title='bbox 817 1489 964 1552; x_wconf 75' lang='grc' dir='ltr'><strong><em>ἀπελθεῖν</em></strong></span> <span class='ocrx_word' id='word_1_84' title='bbox 986 1489 1139 1571; x_wconf 81' lang='grc' dir='ltr'><strong><em>εἰάθησαν</em></strong></span> <span class='ocrx_word' id='word_1_85' title='bbox 1161 1490 1204 1558; x_wconf 82' lang='grc' dir='ltr'><strong><em>εἰς</em></strong></span> <span class='ocrx_word' id='word_1_86' title='bbox 1225 1489 1262 1551; x_wconf 81' lang='grc' dir='ltr'><strong><em>τὰ</em></strong></span> 
     </span>
     <span class='ocr_line' id='line_1_12' title="bbox 145 1589 1350 1675; baseline 0.003 -21"><span class='ocrx_word' id='word_1_87' title='bbox 145 1592 243 1656; x_wconf 83' lang='grc' dir='ltr'><strong><em>οἰκεῖα</em></strong></span> <span class='ocrx_word' id='word_1_88' title='bbox 266 1592 320 1655; x_wconf 79' lang='grc' dir='ltr'><strong><em>καὶ</em></strong></span> <span class='ocrx_word' id='word_1_89' title='bbox 341 1591 397 1675; x_wconf 86' lang='grc' dir='ltr'><strong><em>τὴν</em></strong></span> <span class='ocrx_word' id='word_1_90' title='bbox 419 1589 571 1674; x_wconf 75' lang='grc' dir='ltr'><strong><em>πατρῴαν</em></strong></span> <span class='ocrx_word' id='word_1_91' title='bbox 594 1590 696 1673; x_wconf 86' lang='grc' dir='ltr'><strong><em>ἀρχὴν</em></strong></span> <span class='ocrx_word' id='word_1_92' title='bbox 718 1590 983 1672; x_wconf 79' lang='grc' dir='ltr'><strong><em>κατακτήσασθαι.</em></strong></span> <span class='ocrx_word' id='word_1_93' title='bbox 1028 1589 1099 1660; x_wconf 81' lang='grc' dir='ltr'><strong><em>ἑνὸς</em></strong></span> <span class='ocrx_word' id='word_1_94' title='bbox 1120 1589 1181 1673; x_wconf 86' lang='grc' dir='ltr'><strong><em>γὰρ</em></strong></span> <span class='ocrx_word' id='word_1_95' title='bbox 1198 1596 1264 1655; x_wconf 85' lang='grc' dir='ltr'><strong><em>τῶν</em></strong></span> <span class='ocrx_word' id='word_1_96' title='bbox 1272 1604 1309 1657; x_wconf 77' lang='lat'><strong><em>32</em></strong></span> <span class='ocrx_word' id='word_1_97' title='bbox 1327 1602 1350 1658; x_wconf 82' lang='lat' dir='ltr'><strong>O</strong></span> 
     </span>
    </p>
   </div>
   <div class='ocr_carea' id='block_1_3' title="bbox 101 1692 1308 2289">
    <p class='ocr_par' dir='ltr' id='par_1_6' title="bbox 101 1692 1308 2289">
     <span class='ocr_line' id='line_1_13' title="bbox 144 1692 1263 1777; baseline 0 -21"><span class='ocrx_word' id='word_1_98' title='bbox 144 1695 295 1777; x_wconf 80' lang='grc' dir='ltr'><strong><em>κομήταιν</em></strong></span> <span class='ocrx_word' id='word_1_99' title='bbox 317 1699 381 1757; x_wconf 79' lang='grc' dir='ltr'><strong><em>τῶν</em></strong></span> <span class='ocrx_word' id='word_1_100' title='bbox 404 1694 438 1758; x_wconf 78' lang='grc' dir='ltr'><strong><em>ἓν</em></strong></span> <span class='ocrx_word' id='word_1_101' title='bbox 461 1693 657 1776; x_wconf 86' lang='grc' dir='ltr'><strong><em>Βουλγάροις</em></strong></span> <span class='ocrx_word' id='word_1_102' title='bbox 678 1695 825 1775; x_wconf 84' lang='grc' dir='ltr'><strong><em>τέσσαρες</em></strong></span> <span class='ocrx_word' id='word_1_103' title='bbox 846 1692 965 1776; x_wconf 85' lang='grc' dir='ltr'><strong><em>παῖδες,</em></strong></span> <span class='ocrx_word' id='word_1_104' title='bbox 992 1692 1103 1777; x_wconf 83' lang='grc' dir='ltr'><strong><em>Δαβίδ,</em></strong></span> <span class='ocrx_word' id='word_1_105' title='bbox 1126 1693 1263 1777; x_wconf 86' lang='grc' dir='ltr'><strong><em>Μωσῆς,</em></strong></span> 
     </span>
     <span class='ocr_line' id='line_1_14' title="bbox 140 1793 1263 1879; baseline 0 -21"><span class='ocrx_word' id='word_1_106' title='bbox 140 1797 274 1879; x_wconf 74' lang='grc' dir='ltr'><strong><em>Ἀαρών,</em></strong></span> <span class='ocrx_word' id='word_1_107' title='bbox 303 1796 470 1879; x_wconf 86' lang='grc' dir='ltr'><strong><em>Σαμουήλ,</em></strong></span> <span class='ocrx_word' id='word_1_108' title='bbox 502 1796 769 1878; x_wconf 84' lang='grc' dir='ltr'><strong><em>ἀποστατήσαντες</em></strong></span> <span class='ocrx_word' id='word_1_109' title='bbox 790 1793 864 1865; x_wconf 82' lang='grc' dir='ltr'><strong><em>τοὺς</em></strong></span> <span class='ocrx_word' id='word_1_110' title='bbox 886 1795 1093 1877; x_wconf 85' lang='grc' dir='ltr'><strong><em>Βουλγάρους</em></strong></span> <span class='ocrx_word' id='word_1_111' title='bbox 1114 1795 1263 1859; x_wconf 77' lang='grc' dir='ltr'><strong><em>ἀνέσειεν.</em></strong></span> 
     </span>
     <span class='ocr_line' id='line_1_15' title="bbox 144 1897 1308 1985; baseline 0.006 -25"><span class='ocrx_word' id='word_1_112' title='bbox 144 1905 199 1962; x_wconf 83' lang='grc' dir='ltr'><strong><em>τοῦ</em></strong></span> <span class='ocrx_word' id='word_1_113' title='bbox 220 1899 323 1962; x_wconf 83' lang='grc' dir='ltr'><strong><em>Φωκᾶ</em></strong></span> <span class='ocrx_word' id='word_1_114' title='bbox 346 1899 380 1962; x_wconf 89' lang='grc' dir='ltr'><strong><em>δὲ</em></strong></span> <span class='ocrx_word' id='word_1_115' title='bbox 395 1898 588 1982; x_wconf 83' lang='grc' dir='ltr'><strong><em>Νικηφόρου</em></strong></span> <span class='ocrx_word' id='word_1_116' title='bbox 612 1900 654 1969; x_wconf 81' lang='grc' dir='ltr'><strong><em>είς</em></strong></span> <span class='ocrx_word' id='word_1_117' title='bbox 676 1898 730 1962; x_wconf 86' lang='grc' dir='ltr'><strong><em>τδν</em></strong></span> <span class='ocrx_word' id='word_1_118' title='bbox 752 1897 841 1962; x_wconf 82' lang='grc' dir='ltr'><strong><em>οίκον</em></strong></span> <span class='ocrx_word' id='word_1_119' title='bbox 864 1899 977 1985; x_wconf 75' lang='grc' dir='ltr'><strong><em>ἑαυτοῦ</em></strong></span> <span class='ocrx_word' id='word_1_120' title='bbox 999 1897 1053 1961; x_wconf 86' lang='grc' dir='ltr'><strong><em>τὸν</em></strong></span> <span class='ocrx_word' id='word_1_121' title='bbox 1076 1898 1109 1961; x_wconf 78' lang='grc' dir='ltr'><strong><em>ἕν</em></strong></span> <span class='ocrx_word' id='word_1_122' title='bbox 1124 1899 1262 1961; x_wconf 86' lang='grc' dir='ltr'><strong><em>Καππα-</em></strong></span> <span class='ocrx_word' id='word_1_123' title='bbox 1272 1912 1308 1966; x_wconf 84' lang='grc'><strong><em>33</em></strong></span> 
     </span>
     <span class='ocr_line' id='line_1_16' title="bbox 101 2001 1262 2085; baseline 0.001 -21"><span class='ocrx_word' id='word_1_124' title='bbox 101 2001 237 2082; x_wconf 69' lang='grc' dir='ltr'><strong><em>ιῇδοκίᾳ</em></strong></span> <span class='ocrx_word' id='word_1_125' title='bbox 261 2001 525 2085; x_wconf 79' lang='grc' dir='ltr'><strong><em>ἀποδημήσαντος</em></strong></span> <span class='ocrx_word' id='word_1_126' title='bbox 547 2001 566 2063; x_wconf 84' lang='grc' dir='ltr'>ὁ</span> <span class='ocrx_word' id='word_1_127' title='bbox 586 2001 877 2084; x_wconf 83' lang='grc' dir='ltr'><strong><em>παρακοιμώμενος</em></strong></span> <span class='ocrx_word' id='word_1_128' title='bbox 890 2001 1081 2084; x_wconf 79' lang='grc' dir='ltr'><strong><em>μετεμέλετο,</em></strong></span> <span class='ocrx_word' id='word_1_129' title='bbox 1105 2001 1151 2064; x_wconf 85' lang='grc' dir='ltr'><strong><em>ὅτι</em></strong></span> <span class='ocrx_word' id='word_1_130' title='bbox 1165 2023 1262 2083; x_wconf 89' lang='grc' dir='ltr'><strong><em>παρε-</em></strong></span> 
     </span>
     <span class='ocr_line' id='line_1_17' title="bbox 144 2100 1262 2213; baseline 0 -47"><span class='ocrx_word' id='word_1_131' title='bbox 144 2104 290 2186; x_wconf 88' lang='grc' dir='ltr'><strong><em>χώρησεν</em></strong></span> <span class='ocrx_word' id='word_1_132' title='bbox 318 2104 407 2186; x_wconf 82' lang='grc' dir='ltr'><strong><em>αὐτῴ</em></strong></span> <span class='ocrx_word' id='word_1_133' title='bbox 432 2111 487 2188; x_wconf 84' lang='grc' dir='ltr'><strong><em>τῆς</em></strong></span> <span class='ocrx_word' id='word_1_134' title='bbox 518 2100 565 2166; x_wconf 77' lang='grc' dir='ltr'><strong><em>ἐπ’</em></strong></span> <span class='ocrx_word' id='word_1_135' title='bbox 595 2103 683 2167; x_wconf 85' lang='grc' dir='ltr'><strong><em>ολκον</em></strong></span> <span class='ocrx_word' id='word_1_136' title='bbox 710 2103 903 2213; x_wconf 54' lang='grc' dir='ltr'><strong><em>ἀπιρημίας·</em></strong></span> <span class='ocrx_word' id='word_1_137' title='bbox 937 2103 990 2166; x_wconf 84' lang='grc' dir='ltr'><strong><em>καί</em></strong></span> <span class='ocrx_word' id='word_1_138' title='bbox 1021 2101 1061 2186; x_wconf 79' lang='grc' dir='ltr'><strong><em>ἦν</em></strong></span> <span class='ocrx_word' id='word_1_139' title='bbox 1092 2104 1180 2184; x_wconf 78' lang='grc' dir='ltr'><strong><em>αὐτῷ</em></strong></span> <span class='ocrx_word' id='word_1_140' title='bbox 1212 2102 1262 2166; x_wconf 72' lang='grc' dir='ltr'><strong><em>διὰ</em></strong></span> 
     </span>
     <span class='ocr_line' id='line_1_18' title="bbox 144 2204 1308 2289; baseline -0.002 -19"><span class='ocrx_word' id='word_1_141' title='bbox 144 2207 311 2289; x_wconf 78' lang='grc' dir='ltr'><strong><em>φροντίδος</em></strong></span> <span class='ocrx_word' id='word_1_142' title='bbox 334 2207 379 2269; x_wconf 79' lang='grc' dir='ltr'><strong><em>ὅτι</em></strong></span> <span class='ocrx_word' id='word_1_143' title='bbox 401 2207 519 2289; x_wconf 85' lang='grc' dir='ltr'><strong><em>πολλῆς</em></strong></span> <span class='ocrx_word' id='word_1_144' title='bbox 540 2205 594 2269; x_wconf 87' lang='grc' dir='ltr'><strong><em>τὸν</em></strong></span> <span class='ocrx_word' id='word_1_145' title='bbox 617 2206 717 2289; x_wconf 83' lang='grc' dir='ltr'><strong><em>ἄνδρα</em></strong></span> <span class='ocrx_word' id='word_1_146' title='bbox 739 2206 1027 2287; x_wconf 66' lang='grc' dir='ltr'><strong><em>ἀποσκευάσασθαι</em></strong></span> <span class='ocrx_word' id='word_1_147' title='bbox 1072 2205 1185 2288; x_wconf 81' lang='grc' dir='ltr'><strong><em>γράφει</em></strong></span> <span class='ocrx_word' id='word_1_148' title='bbox 1199 2204 1308 2274; x_wconf 83' lang='grc' dir='ltr'><strong><em>τοί-34</em></strong></span> 
     </span>
    </p>
   </div>
   <div class='ocr_carea' id='block_1_4' title="bbox 145 2337 1262 2499">
    <p class='ocr_par' dir='ltr' id='par_1_7' title="bbox 145 2337 1262 2499">
     <span class='ocr_line' id='line_1_19' title="bbox 518 2337 905 2390; baseline 0.003 -28"><span class='ocrx_word' id='word_1_149' title='bbox 518 2375 521 2381; x_wconf 88' lang='lat'><em>.</em></span> <span class='ocrx_word' id='word_1_150' title='bbox 797 2337 861 2390; x_wconf 39' lang='grc' dir='ltr'><strong><em>«ιν,</em></strong></span> <span class='ocrx_word' id='word_1_151' title='bbox 885 2351 905 2366; x_wconf 82' lang='grc'><strong><em>..</em></strong></span> 
     </span>
     <span class='ocr_line' id='line_1_20' title="bbox 145 2354 1262 2499; baseline -0.002 -17"><span class='ocrx_word' id='word_1_152' title='bbox 145 2428 161 2482; x_wconf 82' lang='grc' dir='ltr'><strong><em>λ</em></strong></span> <span class='ocrx_word' id='word_1_153' title='bbox 189 2428 227 2481; x_wconf 84' lang='grc' dir='ltr'><strong><em>ὅτι</em></strong></span> <span class='ocrx_word' id='word_1_154' title='bbox 254 2429 380 2489; x_wconf 84' lang='grc' dir='ltr'><strong><em>θανόντος</em></strong></span> <span class='ocrx_word' id='word_1_155' title='bbox 407 2435 453 2487; x_wconf 81' lang='grc' dir='ltr'><strong><em>τοῦ</em></strong></span> <span class='ocrx_word' id='word_1_156' title='bbox 477 2406 531 2482; x_wconf 76' lang='grc' dir='ltr'><strong><em>τῶν</em></strong></span> <span class='ocrx_word' id='word_1_157' title='bbox 553 2427 719 2499; x_wconf 86' lang='grc' dir='ltr'><strong><em>Βουλγιίρων</em></strong></span> <span class='ocrx_word' id='word_1_158' title='bbox 742 2428 869 2497; x_wconf 78' lang='grc' dir='ltr'><strong><em>ἄρχοντος</em></strong></span> <span class='ocrx_word' id='word_1_159' title='bbox 891 2354 997 2497; x_wconf 56' lang='grc' dir='ltr'><strong><em>λῗίτρου</em></strong></span> <span class='ocrx_word' id='word_1_160' title='bbox 1024 2428 1053 2480; x_wconf 84' lang='grc' dir='ltr'><strong><em>οί</em></strong></span> <span class='ocrx_word' id='word_1_161' title='bbox 1076 2428 1262 2498; x_wconf 83' lang='grc' dir='ltr'><strong><em>κομηιιίπωλοι</em></strong></span> 
     </span>
    </p>
   </div>
   <div class='ocr_carea' id='block_1_5' title="bbox 144 2501 1263 2694">
    <p class='ocr_par' dir='ltr' id='par_1_8' title="bbox 144 2501 1263 2694">
     <span class='ocr_line' id='line_1_21' title="bbox 144 2501 1263 2624; baseline 0 -17"><span class='ocrx_word' id='word_1_162' title='bbox 144 2554 333 2623; x_wconf 86' lang='grc' dir='ltr'><strong><em>(κομητόπολοι</em></strong></span> <span class='ocrx_word' id='word_1_163' title='bbox 353 2554 385 2621; x_wconf 82' lang='grc' dir='ltr'><strong><em>Ε,</em></strong></span> <span class='ocrx_word' id='word_1_164' title='bbox 404 2501 559 2623; x_wconf 53' lang='grc' dir='ltr'><strong><em>κομητδῑλθ,</em></strong></span> <span class='ocrx_word' id='word_1_165' title='bbox 580 2570 608 2609; x_wconf 81' lang='lat' dir='ltr'><strong><em>v,</em></strong></span> <span class='ocrx_word' id='word_1_166' title='bbox 623 2554 688 2609; x_wconf 86' lang='lat' dir='ltr'><strong>cod.</strong></span> <span class='ocrx_word' id='word_1_167' title='bbox 703 2551 825 2610; x_wconf 75' lang='lat' dir='ltr'>coislin.</span> <span class='ocrx_word' id='word_1_168' title='bbox 838 2552 925 2609; x_wconf 74' lang='lat' dir='ltr'><strong>Codr.</strong></span> <span class='ocrx_word' id='word_1_169' title='bbox 939 2550 1081 2623; x_wconf 77' lang='lat' dir='ltr'><strong>(scylitz.)</strong></span> <span class='ocrx_word' id='word_1_170' title='bbox 1094 2552 1123 2606; x_wconf 93' lang='lat' dir='ltr'><strong><em>II</em></strong></span> <span class='ocrx_word' id='word_1_171' title='bbox 1136 2569 1165 2624; x_wconf 82' lang='lat' dir='ltr'><strong><em>p.</em></strong></span> <span class='ocrx_word' id='word_1_172' title='bbox 1174 2553 1263 2622; x_wconf 80' lang='grc'><strong><em>347,3</em></strong></span> 
     </span>
     <span class='ocr_line' id='line_1_22' title="bbox 144 2624 819 2694; baseline 0 -14"><span class='ocrx_word' id='word_1_173' title='bbox 144 2629 175 2680; x_wconf 80' lang='lat' dir='ltr'><strong>et</strong></span> <span class='ocrx_word' id='word_1_174' title='bbox 194 2626 234 2680; x_wconf 82' lang='lat' dir='ltr'><strong><em>ud</em></strong></span> <span class='ocrx_word' id='word_1_175' title='bbox 254 2624 361 2680; x_wconf 81' lang='lat' dir='ltr'><strong>Zonur.</strong></span> <span class='ocrx_word' id='word_1_176' title='bbox 380 2624 464 2681; x_wconf 89' lang='lat' dir='ltr'>XVII</span> <span class='ocrx_word' id='word_1_177' title='bbox 483 2626 508 2693; x_wconf 89' lang='grc'><strong><em>6,</em></strong></span> <span class='ocrx_word' id='word_1_178' title='bbox 528 2626 556 2689; x_wconf 75' lang='lat'><strong><em>2)</em></strong></span> <span class='ocrx_word' id='word_1_179' title='bbox 574 2625 752 2694; x_wconf 72' lang='grc' dir='ltr'><strong><em>ὀτιεστάτηοαν</em></strong></span> <span class='ocrx_word' id='word_1_180' title='bbox 771 2624 819 2680; x_wconf 81' lang='grc' dir='ltr'><strong><em>ΟΕ</em></strong></span> 
     </span>
    </p>
   </div>
   <div class='ocr_carea' id='block_1_6' title="bbox 198 2837 1263 3553">
    <p class='ocr_par' dir='ltr' id='par_1_9' title="bbox 198 2837 1263 3054">
     <span class='ocr_line' id='line_1_23' title="bbox 198 2837 1263 2912; baseline -0.001 -17"><span class='ocrx_word' id='word_1_181' title='bbox 198 2840 216 2895; x_wconf 86' lang='lat'><strong>3</strong></span> <span class='ocrx_word' id='word_1_182' title='bbox 235 2846 305 2896; x_wconf 83' lang='lat' dir='ltr'><strong>ante</strong></span> <span class='ocrx_word' id='word_1_183' title='bbox 323 2840 352 2895; x_wconf 76' lang='grc' dir='ltr'><strong><em>ἓν</em></strong></span> <span class='ocrx_word' id='word_1_184' title='bbox 371 2840 440 2895; x_wconf 84' lang='grc' dir='ltr'><strong><em>αδδ.</em></strong></span> <span class='ocrx_word' id='word_1_185' title='bbox 459 2848 520 2901; x_wconf 83' lang='grc' dir='ltr'><strong><em>παῖς</em></strong></span> <span class='ocrx_word' id='word_1_186' title='bbox 539 2840 613 2912; x_wconf 87' lang='lat' dir='ltr'><strong>pr</strong></span> <span class='ocrx_word' id='word_1_187' title='bbox 692 2842 829 2909; x_wconf 84' lang='grc' dir='ltr'><strong><em>μίθυμναν</em></strong></span> <span class='ocrx_word' id='word_1_188' title='bbox 846 2837 911 2908; x_wconf 85' lang='grc' dir='ltr'><strong><em>ΑΙ),</em></strong></span> <span class='ocrx_word' id='word_1_189' title='bbox 930 2854 1006 2894; x_wconf 85' lang='lat' dir='ltr'><strong>corr.</strong></span> <span class='ocrx_word' id='word_1_190' title='bbox 1026 2837 1087 2904; x_wconf 64' lang='lat' dir='ltr'><strong><em>Dav,</em></strong></span> <span class='ocrx_word' id='word_1_191' title='bbox 1105 2839 1263 2909; x_wconf 77' lang='grc' dir='ltr'><strong><em>Μηθύμναν</em></strong></span> 
     </span>
     <span class='ocr_line' id='line_1_24' title="bbox 220 2910 1261 2981; baseline 0 -15"><span class='ocrx_word' id='word_1_192' title='bbox 220 2911 235 2944; x_wconf 79' lang='grc'>*</span> <span class='ocrx_word' id='word_1_193' title='bbox 298 2912 548 2981; x_wconf 83' lang='grc' dir='ltr'><strong><em>4φανερᾶςοῐυ.1)</em></strong></span> <span class='ocrx_word' id='word_1_194' title='bbox 612 2910 930 2980; x_wconf 73' lang='grc' dir='ltr'><strong><em>οὖδαλτίαςφανερῶςθ</em></strong></span> <span class='ocrx_word' id='word_1_195' title='bbox 1001 2911 1128 2971; x_wconf 83' lang='grc' dir='ltr'><strong><em>8σποδὰς</em></strong></span> <span class='ocrx_word' id='word_1_196' title='bbox 1138 2911 1174 2977; x_wconf 89' lang='lat' dir='ltr'><strong><em>D,</em></strong></span> <span class='ocrx_word' id='word_1_197' title='bbox 1185 2927 1261 2966; x_wconf 86' lang='lat' dir='ltr'><strong>corr.</strong></span> 
     </span>
     <span class='ocr_line' id='line_1_25' title="bbox 228 2982 1262 3054; baseline -0.007 -12"><span class='ocrx_word' id='word_1_198' title='bbox 228 3012 250 3042; x_wconf 80' lang='grc' dir='ltr'><strong><em>τι</em></strong></span> <span class='ocrx_word' id='word_1_199' title='bbox 305 2984 412 3039; x_wconf 59' lang='lat' dir='ltr'><strong>flante</strong></span> <span class='ocrx_word' id='word_1_200' title='bbox 431 2985 480 3038; x_wconf 85' lang='grc' dir='ltr'><strong><em>δύο</em></strong></span> <span class='ocrx_word' id='word_1_201' title='bbox 499 2984 567 3038; x_wconf 85' lang='lat' dir='ltr'><strong>add.</strong></span> <span class='ocrx_word' id='word_1_202' title='bbox 582 2984 642 3043; x_wconf 80' lang='grc' dir='ltr'><strong><em>τοὺς</em></strong></span> <span class='ocrx_word' id='word_1_203' title='bbox 657 2983 684 3036; x_wconf 95' lang='lat' dir='ltr'>D</span> <span class='ocrx_word' id='word_1_204' title='bbox 749 2984 862 3054; x_wconf 77' lang='grc' dir='ltr'><strong><em>βορίσην</em></strong></span> <span class='ocrx_word' id='word_1_205' title='bbox 879 2982 925 3036; x_wconf 83' lang='grc' dir='ltr'><strong><em>καί</em></strong></span> <span class='ocrx_word' id='word_1_206' title='bbox 942 2982 1076 3051; x_wconf 83' lang='grc' dir='ltr'><strong><em>ῥωμανόν,</em></strong></span> <span class='ocrx_word' id='word_1_207' title='bbox 1095 2983 1140 3036; x_wconf 77' lang='grc' dir='ltr'><strong><em>καί</em></strong></span> <span class='ocrx_word' id='word_1_208' title='bbox 1152 2983 1262 3053; x_wconf 80' lang='lat' dir='ltr'><strong>AEwp,</strong></span> 
     </span>
    </p>

    <p class='ocr_par' dir='ltr' id='par_1_10' title="bbox 199 3052 1263 3125">
     <span class='ocr_line' id='line_1_26' title="bbox 199 3052 1263 3125; baseline -0.002 -16"><span class='ocrx_word' id='word_1_209' title='bbox 199 3056 237 3109; x_wconf 82' lang='grc' dir='ltr'><strong><em>ὦν</em></strong></span> <span class='ocrx_word' id='word_1_210' title='bbox 255 3055 271 3109; x_wconf 86' lang='grc' dir='ltr'><strong><em>(ί</em></strong></span> <span class='ocrx_word' id='word_1_211' title='bbox 287 3054 336 3122; x_wconf 81' lang='grc' dir='ltr'><strong><em>μὲν</em></strong></span> <span class='ocrx_word' id='word_1_212' title='bbox 353 3057 471 3125; x_wconf 78' lang='grc' dir='ltr'><strong><em>βορίσης,</em></strong></span> <span class='ocrx_word' id='word_1_213' title='bbox 493 3054 556 3109; x_wconf 75' lang='lat' dir='ltr'><strong><em>til</em></strong></span> <span class='ocrx_word' id='word_1_214' title='bbox 574 3054 698 3124; x_wconf 83' lang='grc' dir='ltr'><strong><em>ρωμανδς</em></strong></span> <span class='ocrx_word' id='word_1_215' title='bbox 717 3054 893 3123; x_wconf 83' lang='grc' dir='ltr'><strong><em>ὠνομάζοντο.</em></strong></span> <span class='ocrx_word' id='word_1_216' title='bbox 912 3052 967 3107; x_wconf 80' lang='grc' dir='ltr'><strong><em>εἶτα</em></strong></span> <span class='ocrx_word' id='word_1_217' title='bbox 986 3054 1010 3108; x_wconf 91' lang='grc'><strong>0</strong></span> <span class='ocrx_word' id='word_1_218' title='bbox 1084 3054 1118 3107; x_wconf 75' lang='lat'><strong><em>12</em></strong></span> <span class='ocrx_word' id='word_1_219' title='bbox 1136 3055 1263 3124; x_wconf 81' lang='grc' dir='ltr'><strong><em>κομήτων</em></strong></span> 
     </span>
    </p>

    <p class='ocr_par' dir='ltr' id='par_1_11' title="bbox 199 3124 1263 3196">
     <span class='ocr_line' id='line_1_27' title="bbox 199 3124 1263 3196; baseline 0 -17"><span class='ocrx_word' id='word_1_220' title='bbox 199 3124 378 3195; x_wconf 72' lang='lat' dir='ltr'><strong>RwapDi,</strong></span> <span class='ocrx_word' id='word_1_221' title='bbox 409 3128 528 3195; x_wconf 81' lang='grc' dir='ltr'><strong><em>κομίτων</em></strong></span> <span class='ocrx_word' id='word_1_222' title='bbox 556 3126 591 3193; x_wconf 87' lang='grc' dir='ltr'><strong><em>Α,</em></strong></span> <span class='ocrx_word' id='word_1_223' title='bbox 623 3134 748 3194; x_wconf 61' lang='grc' dir='ltr'><strong><em>κομητῶν</em></strong></span> <span class='ocrx_word' id='word_1_224' title='bbox 780 3126 860 3196; x_wconf 85' lang='lat' dir='ltr'><strong>(post</strong></span> <span class='ocrx_word' id='word_1_225' title='bbox 885 3146 905 3191; x_wconf 87' lang='grc' dir='ltr'><strong><em>μ</em></strong></span> <span class='ocrx_word' id='word_1_226' title='bbox 933 3128 1062 3179; x_wconf 84' lang='lat' dir='ltr'><strong>exarata</strong></span> <span class='ocrx_word' id='word_1_227' title='bbox 1089 3129 1136 3179; x_wconf 89' lang='lat' dir='ltr'><strong>est</strong></span> <span class='ocrx_word' id='word_1_228' title='bbox 1162 3126 1263 3180; x_wconf 77' lang='lat' dir='ltr'><strong>littma</strong></span> 
     </span>
    </p>

    <p class='ocr_par' dir='ltr' id='par_1_12' title="bbox 200 3196 1263 3268">
     <span class='ocr_line' id='line_1_28' title="bbox 200 3196 1263 3268; baseline -0.002 -17"><span class='ocrx_word' id='word_1_229' title='bbox 200 3198 350 3267; x_wconf 80' lang='lat' dir='ltr'><strong>quaedam</strong></span> <span class='ocrx_word' id='word_1_230' title='bbox 370 3214 431 3252; x_wconf 88' lang='lat' dir='ltr'><strong><em>non</em></strong></span> <span class='ocrx_word' id='word_1_231' title='bbox 450 3200 511 3252; x_wconf 92' lang='lat' dir='ltr'><strong><em>iam</em></strong></span> <span class='ocrx_word' id='word_1_232' title='bbox 530 3199 700 3268; x_wconf 85' lang='lat' dir='ltr'><strong>perspicua,</strong></span> <span class='ocrx_word' id='word_1_233' title='bbox 730 3211 831 3267; x_wconf 85' lang='lat' dir='ltr'><strong>neque</strong></span> <span class='ocrx_word' id='word_1_234' title='bbox 849 3200 951 3250; x_wconf 82' lang='lat' dir='ltr'><strong>tamen</strong></span> <span class='ocrx_word' id='word_1_235' title='bbox 970 3200 990 3261; x_wconf 84' lang='grc' dir='ltr'><strong><em>ι)</em></strong></span> <span class='ocrx_word' id='word_1_236' title='bbox 1009 3196 1046 3263; x_wconf 91' lang='lat' dir='ltr'><strong><em>D,</em></strong></span> <span class='ocrx_word' id='word_1_237' title='bbox 1072 3212 1101 3250; x_wconf 89' lang='lat' dir='ltr'><strong><em>v.</em></strong></span> <span class='ocrx_word' id='word_1_238' title='bbox 1120 3197 1161 3251; x_wconf 81' lang='lat' dir='ltr'><strong><em>ad</em></strong></span> <span class='ocrx_word' id='word_1_239' title='bbox 1178 3196 1263 3251; x_wconf 81' lang='lat' dir='ltr'>XVII</span> 
     </span>
    </p>

    <p class='ocr_par' dir='ltr' id='par_1_13' title="bbox 199 3267 1263 3349">
     <span class='ocr_line' id='line_1_29' title="bbox 199 3267 1263 3349; baseline -0.002 -27"><span class='ocrx_word' id='word_1_240' title='bbox 199 3270 252 3337; x_wconf 81' lang='lat' dir='ltr'><strong><em>t‚2</em></strong></span> <span class='ocrx_word' id='word_1_241' title='bbox 319 3268 361 3323; x_wconf 82' lang='lat'><strong><em>12.</em></strong></span> <span class='ocrx_word' id='word_1_242' title='bbox 381 3270 415 3323; x_wconf 86' lang='lat'><strong><em>13</em></strong></span> <span class='ocrx_word' id='word_1_243' title='bbox 434 3270 511 3339; x_wconf 80' lang='grc' dir='ltr'><strong><em>δαβλδ</em></strong></span> <span class='ocrx_word' id='word_1_244' title='bbox 529 3269 575 3323; x_wconf 81' lang='grc' dir='ltr'><strong><em>καὶ</em></strong></span> <span class='ocrx_word' id='word_1_245' title='bbox 592 3277 687 3338; x_wconf 79' lang='grc' dir='ltr'><strong><em>μωσῆς</em></strong></span> <span class='ocrx_word' id='word_1_246' title='bbox 705 3268 751 3322; x_wconf 85' lang='grc' dir='ltr'><strong><em>καλ</em></strong></span> <span class='ocrx_word' id='word_1_247' title='bbox 769 3267 862 3335; x_wconf 81' lang='grc' dir='ltr'><strong><em>δαρών</em></strong></span> <span class='ocrx_word' id='word_1_248' title='bbox 879 3268 925 3321; x_wconf 82' lang='grc' dir='ltr'><strong><em>καὶ</em></strong></span> <span class='ocrx_word' id='word_1_249' title='bbox 943 3267 1064 3337; x_wconf 82' lang='grc' dir='ltr'><strong><em>σαμουὴλ</em></strong></span> <span class='ocrx_word' id='word_1_250' title='bbox 1083 3267 1135 3321; x_wconf 81' lang='lat' dir='ltr'><strong><em>Ew</em></strong></span> <span class='ocrx_word' id='word_1_251' title='bbox 1158 3309 1164 3336; x_wconf 89' lang='lat'>,</span> <span class='ocrx_word' id='word_1_252' title='bbox 1237 3268 1263 3349; x_wconf 75' lang='grc' dir='ltr'><strong><em>λδ</em></strong></span> 
     </span>
    </p>

    <p class='ocr_par' dir='ltr' id='par_1_14' title="bbox 199 3284 1262 3481">
     <span class='ocr_line' id='line_1_30' title="bbox 199 3284 1262 3481; baseline -0.002 -16"><span class='ocrx_word' id='word_1_253' title='bbox 199 3340 354 3465; x_wconf 66' lang='grc' dir='ltr'><strong><em>τινα</em></strong></span> <span class='ocrx_word' id='word_1_254' title='bbox 372 3337 1123 3481; x_wconf 55' lang='grc' dir='ltr'><strong><em>ηεαδ.κώεακυνίαικαε</em></strong></span> <span class='ocrx_word' id='word_1_255' title='bbox 1136 3284 1210 3465; x_wconf 63' lang='lat' dir='ltr'><strong><em>lu</em></strong></span> <span class='ocrx_word' id='word_1_256' title='bbox 1224 3380 1262 3464; x_wconf 71' lang='grc' dir='ltr'><strong><em>..ι</em></strong></span> 
     </span>
    </p>

    <p class='ocr_par' dir='ltr' id='par_1_15' title="bbox 198 3483 419 3553">
     <span class='ocr_line' id='line_1_31' title="bbox 198 3483 419 3553; baseline 0 -17"><span class='ocrx_word' id='word_1_257' title='bbox 198 3484 295 3553; x_wconf 84' lang='grc' dir='ltr'><strong><em>πολλῆς</em></strong></span> <span class='ocrx_word' id='word_1_258' title='bbox 315 3499 371 3538; x_wconf 87' lang='grc'><strong><em>0111.</em></strong></span> <span class='ocrx_word' id='word_1_259' title='bbox 391 3483 419 3536; x_wconf 92' lang='lat' dir='ltr'>D</span> 
     </span>
    </p>
   </div>
   <div class='ocr_carea' id='block_1_7' title="bbox 144 3678 1308 4471">
    <p class='ocr_par' dir='ltr' id='par_1_16' title="bbox 144 3678 1308 4022">
     <span class='ocr_line' id='line_1_32' title="bbox 145 3678 1263 3751; baseline -0.001 -16"><span class='ocrx_word' id='word_1_260' title='bbox 145 3682 227 3737; x_wconf 84' lang='lat' dir='ltr'><strong>lacta</strong></span> <span class='ocrx_word' id='word_1_261' title='bbox 239 3682 358 3737; x_wconf 84' lang='lat' dir='ltr'><strong>Phocus</strong></span> <span class='ocrx_word' id='word_1_262' title='bbox 371 3681 478 3750; x_wconf 84' lang='lat' dir='ltr'><strong>effecit,</strong></span> <span class='ocrx_word' id='word_1_263' title='bbox 498 3690 530 3737; x_wconf 86' lang='lat' dir='ltr'><strong><em>nt</em></strong></span> <span class='ocrx_word' id='word_1_264' title='bbox 550 3682 680 3737; x_wconf 86' lang='lat' dir='ltr'>cubiculi</span> <span class='ocrx_word' id='word_1_265' title='bbox 696 3681 868 3751; x_wconf 76' lang='lat' dir='ltr'><strong>praefectus</strong></span> <span class='ocrx_word' id='word_1_266' title='bbox 882 3680 1011 3750; x_wconf 85' lang='lat' dir='ltr'><strong>pedibus</strong></span> <span class='ocrx_word' id='word_1_267' title='bbox 1024 3680 1087 3735; x_wconf 85' lang='lat' dir='ltr'><strong>suis</strong></span> <span class='ocrx_word' id='word_1_268' title='bbox 1099 3678 1263 3735; x_wconf 82' lang='lat' dir='ltr'><strong>advolutus</strong></span> 
     </span>
     <span class='ocr_line' id='line_1_33' title="bbox 145 3750 1308 3824; baseline 0.002 -18"><span class='ocrx_word' id='word_1_269' title='bbox 145 3756 266 3808; x_wconf 84' lang='lat' dir='ltr'><strong>veniam</strong></span> <span class='ocrx_word' id='word_1_270' title='bbox 281 3759 405 3824; x_wconf 86' lang='lat' dir='ltr'><strong>peteret.</strong></span> <span class='ocrx_word' id='word_1_271' title='bbox 443 3753 581 3809; x_wconf 81' lang='lat' dir='ltr'><strong>Ceterum</strong></span> <span class='ocrx_word' id='word_1_272' title='bbox 596 3770 651 3809; x_wconf 86' lang='lat' dir='ltr'><strong>rex</strong></span> <span class='ocrx_word' id='word_1_273' title='bbox 665 3752 846 3823; x_wconf 84' lang='lat' dir='ltr'><strong>Stephanus,</strong></span> <span class='ocrx_word' id='word_1_274' title='bbox 864 3750 1019 3821; x_wconf 79' lang='lat' dir='ltr'><strong>Larapeni</strong></span> <span class='ocrx_word' id='word_1_275' title='bbox 1032 3751 1118 3818; x_wconf 86' lang='lat' dir='ltr'><strong>filins,</strong></span> <span class='ocrx_word' id='word_1_276' title='bbox 1139 3754 1191 3820; x_wconf 89' lang='lat' dir='ltr'><strong><em>qui</em></strong></span> <span class='ocrx_word' id='word_1_277' title='bbox 1204 3750 1308 3808; x_wconf 74' lang='lat' dir='ltr'><strong>Mello</strong></span> 
     </span>
     <span class='ocr_line' id='line_1_34' title="bbox 144 3823 1263 3895; baseline -0.002 -16"><span class='ocrx_word' id='word_1_278' title='bbox 144 3826 296 3895; x_wconf 79' lang='lat' dir='ltr'><strong>tbymnae,</strong></span> <span class='ocrx_word' id='word_1_279' title='bbox 316 3827 347 3879; x_wconf 90' lang='lat' dir='ltr'><strong><em>in</em></strong></span> <span class='ocrx_word' id='word_1_280' title='bbox 362 3826 439 3881; x_wconf 87' lang='lat' dir='ltr'><strong>urbe</strong></span> <span class='ocrx_word' id='word_1_281' title='bbox 452 3824 552 3893; x_wconf 80' lang='lat' dir='ltr'><strong>Lesbi,</strong></span> <span class='ocrx_word' id='word_1_282' title='bbox 571 3825 809 3890; x_wconf 81' lang='lat' dir='ltr'><strong>custodiebatur,</strong></span> <span class='ocrx_word' id='word_1_283' title='bbox 827 3829 986 3893; x_wconf 87' lang='lat' dir='ltr'><strong>suspectus</strong></span> <span class='ocrx_word' id='word_1_284' title='bbox 999 3827 1078 3891; x_wconf 82' lang='lat' dir='ltr'><strong>erat3</strong></span> <span class='ocrx_word' id='word_1_285' title='bbox 1096 3823 1197 3877; x_wconf 90' lang='lat' dir='ltr'><strong>subita</strong></span> <span class='ocrx_word' id='word_1_286' title='bbox 1210 3838 1263 3877; x_wconf 85' lang='lat' dir='ltr'><strong><em>au-</em></strong></span> 
     </span>
     <span class='ocr_line' id='line_1_35' title="bbox 145 3894 1263 4021; baseline -0.001 -71"><span class='ocrx_word' id='word_1_287' title='bbox 145 3905 215 4021; x_wconf 86' lang='lat' dir='ltr'><strong><em>temd</em></strong></span> <span class='ocrx_word' id='word_1_288' title='bbox 223 3898 368 4021; x_wconf 52' lang='lat' dir='ltr'><strong>nssrllaqne</strong></span> <span class='ocrx_word' id='word_1_289' title='bbox 388 3912 481 3951; x_wconf 83' lang='lat' dir='ltr'><strong>causa</strong></span> <span class='ocrx_word' id='word_1_290' title='bbox 499 3901 636 3951; x_wconf 87' lang='lat' dir='ltr'><strong>mortuns</strong></span> <span class='ocrx_word' id='word_1_291' title='bbox 649 3912 668 3950; x_wconf 85' lang='lat' dir='ltr'><strong>a</strong></span> <span class='ocrx_word' id='word_1_292' title='bbox 680 3896 790 3966; x_wconf 85' lang='lat' dir='ltr'><strong>regina</strong></span> <span class='ocrx_word' id='word_1_293' title='bbox 802 3894 1030 3964; x_wconf 80' lang='lat' dir='ltr'><strong>&#39;l&#39;bcopbanone</strong></span> <span class='ocrx_word' id='word_1_294' title='bbox 1041 3894 1180 3949; x_wconf 85' lang='lat' dir='ltr'><strong>sublatus</strong></span> <span class='ocrx_word' id='word_1_295' title='bbox 1196 3908 1263 3949; x_wconf 84' lang='lat' dir='ltr'><strong>esse</strong></span> 
     </span>
     <span class='ocr_line' id='line_1_36' title="bbox 145 3973 335 4022; baseline 0 -1"><span class='ocrx_word' id='word_1_296' title='bbox 145 3983 196 4022; x_wconf 87' lang='lat' dir='ltr'><strong>cre</strong></span> <span class='ocrx_word' id='word_1_297' title='bbox 218 3984 235 4021; x_wconf 89' lang='lat' dir='ltr'><strong>e</strong></span> <span class='ocrx_word' id='word_1_298' title='bbox 257 3973 335 4022; x_wconf 85' lang='lat' dir='ltr'><strong>atur.</strong></span> 
     </span>
    </p>

    <p class='ocr_par' dir='ltr' id='par_1_17' title="bbox 144 4036 1308 4471">
     <span class='ocr_line' id='line_1_37' title="bbox 233 4036 1306 4110; baseline 0 -18"><span class='ocrx_word' id='word_1_299' title='bbox 233 4038 274 4093; x_wconf 86' lang='lat' dir='ltr'><strong><em>At</em></strong></span> <span class='ocrx_word' id='word_1_300' title='bbox 292 4038 409 4105; x_wconf 84' lang='lat' dir='ltr'><strong>Petrus,</strong></span> <span class='ocrx_word' id='word_1_301' title='bbox 432 4038 634 4110; x_wconf 84' lang='lat' dir='ltr'><strong>Bulgarorum</strong></span> <span class='ocrx_word' id='word_1_302' title='bbox 655 4039 805 4110; x_wconf 86' lang='lat' dir='ltr'><strong>princeps,</strong></span> <span class='ocrx_word' id='word_1_303' title='bbox 824 4052 922 4092; x_wconf 84' lang='lat' dir='ltr'><strong>uxore</strong></span> <span class='ocrx_word' id='word_1_304' title='bbox 940 4051 997 4091; x_wconf 85' lang='lat' dir='ltr'><strong><em>sua</em></strong></span> <span class='ocrx_word' id='word_1_305' title='bbox 1015 4041 1135 4092; x_wconf 84' lang='lat' dir='ltr'><strong>mortua</strong></span> <span class='ocrx_word' id='word_1_306' title='bbox 1153 4036 1262 4092; x_wconf 81' lang='lat' dir='ltr'><strong>faedus</strong></span> <span class='ocrx_word' id='word_1_307' title='bbox 1271 4039 1306 4095; x_wconf 80' lang='lat'><strong><em>31</em></strong></span> 
     </span>
     <span class='ocr_line' id='line_1_38' title="bbox 145 4107 1262 4177; baseline -0.003 -13"><span class='ocrx_word' id='word_1_308' title='bbox 145 4126 212 4165; x_wconf 89' lang='lat' dir='ltr'><strong><em>cum</em></strong></span> <span class='ocrx_word' id='word_1_309' title='bbox 227 4110 370 4165; x_wconf 84' lang='lat' dir='ltr'><strong>Romanis</strong></span> <span class='ocrx_word' id='word_1_310' title='bbox 390 4118 593 4165; x_wconf 85' lang='lat' dir='ltr'><strong>renovaturus</strong></span> <span class='ocrx_word' id='word_1_311' title='bbox 612 4112 689 4165; x_wconf 85' lang='lat' dir='ltr'><strong>illios</strong></span> <span class='ocrx_word' id='word_1_312' title='bbox 702 4110 837 4164; x_wconf 89' lang='lat' dir='ltr'><strong>Borisem</strong></span> <span class='ocrx_word' id='word_1_313' title='bbox 857 4114 888 4162; x_wconf 87' lang='lat' dir='ltr'><strong>et</strong></span> <span class='ocrx_word' id='word_1_314' title='bbox 899 4108 1069 4163; x_wconf 84' lang='lat' dir='ltr'><strong>Romanum</strong></span> <span class='ocrx_word' id='word_1_315' title='bbox 1082 4107 1262 4177; x_wconf 77' lang='lat' dir='ltr'><strong>Byzantium</strong></span> 
     </span>
     <span class='ocr_line' id='line_1_39' title="bbox 146 4180 1263 4251; baseline -0.001 -15"><span class='ocrx_word' id='word_1_316' title='bbox 146 4182 266 4236; x_wconf 82' lang='lat' dir='ltr'><strong>obsides</strong></span> <span class='ocrx_word' id='word_1_317' title='bbox 285 4183 372 4249; x_wconf 88' lang='lat' dir='ltr'><strong>misit,</strong></span> <span class='ocrx_word' id='word_1_318' title='bbox 392 4182 502 4250; x_wconf 86' lang='lat' dir='ltr'><strong>quibus</strong></span> <span class='ocrx_word' id='word_1_319' title='bbox 521 4189 590 4251; x_wconf 88' lang='lat' dir='ltr'><strong>post</strong></span> <span class='ocrx_word' id='word_1_320' title='bbox 608 4182 687 4235; x_wconf 89' lang='lat' dir='ltr'><strong>illius</strong></span> <span class='ocrx_word' id='word_1_321' title='bbox 707 4182 821 4236; x_wconf 84' lang='lat' dir='ltr'><strong>obitum</strong></span> <span class='ocrx_word' id='word_1_322' title='bbox 839 4182 1017 4249; x_wconf 88' lang='lat' dir='ltr'><strong>permissum</strong></span> <span class='ocrx_word' id='word_1_323' title='bbox 1034 4185 1088 4247; x_wconf 87' lang='lat' dir='ltr'><strong>est,</strong></span> <span class='ocrx_word' id='word_1_324' title='bbox 1106 4184 1141 4232; x_wconf 92' lang='lat' dir='ltr'><strong><em>nt</em></strong></span> <span class='ocrx_word' id='word_1_325' title='bbox 1153 4180 1193 4232; x_wconf 84' lang='lat' dir='ltr'><strong><em>ad</em></strong></span> <span class='ocrx_word' id='word_1_326' title='bbox 1206 4193 1263 4235; x_wconf 81' lang='lat' dir='ltr'><strong><em>suu</em></strong></span> 
     </span>
     <span class='ocr_line' id='line_1_40' title="bbox 145 4250 1308 4323; baseline 0.002 -16"><span class='ocrx_word' id='word_1_327' title='bbox 145 4268 177 4307; x_wconf 85' lang='lat' dir='ltr'><strong><em>sa</em></strong></span> <span class='ocrx_word' id='word_1_328' title='bbox 195 4256 367 4323; x_wconf 77' lang='lat' dir='ltr'><strong>reciperent</strong></span> <span class='ocrx_word' id='word_1_329' title='bbox 385 4260 415 4308; x_wconf 87' lang='lat' dir='ltr'><strong>et</strong></span> <span class='ocrx_word' id='word_1_330' title='bbox 434 4259 593 4323; x_wconf 86' lang='lat' dir='ltr'><strong>paternum</strong></span> <span class='ocrx_word' id='word_1_331' title='bbox 618 4254 821 4323; x_wconf 82' lang='lat' dir='ltr'><strong>principatum</strong></span> <span class='ocrx_word' id='word_1_332' title='bbox 843 4252 1005 4306; x_wconf 86' lang='lat' dir='ltr'><strong>firmarent.</strong></span> <span class='ocrx_word' id='word_1_333' title='bbox 1043 4250 1119 4306; x_wconf 87' lang='lat' dir='ltr'><strong><em>Nam</em></strong></span> <span class='ocrx_word' id='word_1_334' title='bbox 1145 4252 1308 4309; x_wconf 66' lang='lat' dir='ltr'><strong>comitia-‘ll</strong></span> 
     </span>
     <span class='ocr_line' id='line_1_41' title="bbox 146 4319 1263 4395; baseline -0.003 -17"><span class='ocrx_word' id='word_1_335' title='bbox 146 4325 303 4379; x_wconf 81' lang='lat' dir='ltr'><strong>cuiusdam</strong></span> <span class='ocrx_word' id='word_1_336' title='bbox 322 4324 478 4395; x_wconf 82' lang='lat' dir='ltr'><strong>Bulgarici</strong></span> <span class='ocrx_word' id='word_1_337' title='bbox 498 4331 641 4394; x_wconf 86' lang='lat' dir='ltr'><strong>quattuor</strong></span> <span class='ocrx_word' id='word_1_338' title='bbox 661 4324 720 4393; x_wconf 85' lang='lat' dir='ltr'><strong>filii,</strong></span> <span class='ocrx_word' id='word_1_339' title='bbox 746 4322 856 4391; x_wconf 81' lang='lat' dir='ltr'><strong>David,</strong></span> <span class='ocrx_word' id='word_1_340' title='bbox 880 4322 986 4390; x_wconf 87' lang='lat' dir='ltr'><strong>Moses,</strong></span> <span class='ocrx_word' id='word_1_341' title='bbox 1009 4319 1122 4389; x_wconf 79' lang='lat' dir='ltr'><strong>Aaron,</strong></span> <span class='ocrx_word' id='word_1_342' title='bbox 1141 4320 1263 4376; x_wconf 84' lang='lat' dir='ltr'><strong>Samuel</strong></span> 
     </span>
     <span class='ocr_line' id='line_1_42' title="bbox 144 4393 1308 4471; baseline 0.003 -22"><span class='ocrx_word' id='word_1_343' title='bbox 144 4394 295 4471; x_wconf 79' lang='lat' dir='ltr'><strong>Balgaras</strong></span> <span class='ocrx_word' id='word_1_344' title='bbox 314 4396 353 4451; x_wconf 79' lang='lat' dir='ltr'><strong><em>ad</em></strong></span> <span class='ocrx_word' id='word_1_345' title='bbox 373 4396 573 4452; x_wconf 81' lang='lat' dir='ltr'><strong>delectionem</strong></span> <span class='ocrx_word' id='word_1_346' title='bbox 593 4396 804 4451; x_wconf 79' lang='lat' dir='ltr'><strong>sollicitabant.</strong></span> <span class='ocrx_word' id='word_1_347' title='bbox 841 4394 915 4451; x_wconf 85' lang='lat' dir='ltr'><strong><em>Cum</em></strong></span> <span class='ocrx_word' id='word_1_348' title='bbox 934 4400 1037 4449; x_wconf 86' lang='lat' dir='ltr'><strong>autem</strong></span> <span class='ocrx_word' id='word_1_349' title='bbox 1050 4393 1167 4448; x_wconf 73' lang='lat' dir='ltr'><strong>Phocus</strong></span> <span class='ocrx_word' id='word_1_350' title='bbox 1179 4393 1308 4453; x_wconf 85' lang='lat' dir='ltr'><strong>Nice-33</strong></span> 
     </span>
    </p>
   </div>
   <div class='ocr_carea' id='block_1_8' title="bbox 0 0 1531 4775">
    <p class='ocr_par' dir='ltr' id='par_1_18' title="bbox 0 0 1531 4775">
     <span class='ocr_line' id='line_1_43' title="bbox 0 0 1531 4775; baseline 0 0"><span class='ocrx_word' id='word_1_351' title='bbox 0 0 1531 4775; x_wconf 95' lang='lat' dir='ltr'><strong><em> </em></strong></span> 
     </span>
    </p>
   </div>
  </div>
 </body>
</html>
