3050 4775
262 437 316 494 510
533 431 668 495 ZONAR.
689 429 787 494 EPIT.
806 429 874 491 xvi
893 433 936 504 16,
957 431 1070 506 to-at,
1089 431 1114 492 t.

262 645 359 704 μενον
382 621 466 704 έχων
488 619 507 683 ὁ
530 619 804 702 στρατωτεθιίρχης
825 617 879 684 τὸν
901 617 1059 702 λογισμόν,
1087 618 1145 702 τήν
1165 643 1197 681 τε
1219 615 1381 702 βασιλικὴν

263 723 390 806 ἐντολὴν
411 721 465 786 καί
487 721 541 786 τὸν
564 723 700 805 ὄλεθρον
722 728 778 786 τοῦ
795 721 940 805 Βούρτζη
964 722 1018 786 καὶ
1039 727 1104 784 τῶν
1122 721 1179 786 σὺν
1193 721 1281 803 αύτῷ
1295 744 1380 802 τρια-

262 826 382 890 κοσίων
404 825 541 907 ἀνδρῶν,
571 825 662 888 ἔθετο
684 823 729 907 μὴ
754 825 842 889 ἐᾶσαι
864 825 1033 896 τοσούτους
1055 824 1175 906 ι’ίνθρας
1196 823 1381 904 ἀπολέσθαι,

262 930 316 994 καί
344 931 425 1012 ύρας
452 929 509 992 σὺν
534 927 625 992 παντί
650 935 697 1010 τῷ
719 929 922 1011 στρατεύματι
944 927 1132 1012 προσβάλλει
1153 932 1192 1010 τῇ
1210 926 1380 1010 Ἃντιόγου.

219 1039 252 1094 17
262 1031 315 1096 καί
347 1033 456 1095 αιἰτίκα
490 1032 520 1094 οἱ
550 1031 610 1114 μὲν
637 1031 779 1114 πολέμιοι
807 1031 1004 1113 παρείθησαν
1030 1029 1085 1101 τὰς
1111 1035 1217 1113 χεῖρας
1244 1029 1298 1092 καί
1325 1027 1408 1098 adt-5

261 1135 378 1218 ψυχάς,
408 1135 438 1197 ολ
461 1133 495 1196 oi
517 1132 588 1215 περὶ
610 1131 665 1196 τὸν
688 1131 853 1215 Βούρτζην
875 1133 929 1197 καὶ
950 1131 1046 1203 αὐτὸς
1068 1133 1186 1202 ἐκεῖνος
1207 1131 1270 1215 ἤδη
1293 1131 1379 1194 ἀπει-

262 1237 393 1320 ρηκότες
416 1235 654 1317 ἀνεζωώθησαν
676 1235 729 1298 καί
752 1235 789 1298 τὰ
812 1236 944 1317 κλεῖθρα
966 1241 1031 1299 τῶν
1052 1235 1163 1299 πυλῶν
1182 1233 1201 1296 ὁ
1217 1233 1382 1318 Βούρτζης

225 1346 252 1400 D
261 1339 383 1404 πελέκει
398 1338 556 1420 διακύψας
571 1338 680 1400 ἄνετον
694 1339 833 1421 παρέσχε
848 1345 895 1420 τῷ
911 1338 1166 1421 στρατοπεδάρχῃ
1181 1335 1237 1420 τὴν
1250 1337 1382 1410 sicodor,

263 1441 317 1506 καί
334 1443 353 1526 ἡ
369 1440 544 1525 περιφανὴς
558 1441 723 1523 Ἀντιόχεια
748 1441 829 1522 ῥᾷον
851 1443 954 1511 οὕτως
976 1439 1039 1504 ὑπὸ
1054 1439 1231 1523 Ῥωμαίους
1253 1440 1381 1522 ἐγένετο.

220 1545 281 1608 1Βὸ
303 1552 350 1627 τῷ
372 1544 493 1627 βασιλεῖ
513 1543 663 1626 ἀγγελθὲν
686 1543 791 1624 ἄλγος,
815 1543 856 1606 ού
874 1542 1039 1626 χορμωνλγν
1060 1541 1246 1626 ἐνεποίησεν,
1270 1543 1380 1626 ίμηνία
1394 1547 1430 1601 10

262 1671 295 1709 τε
316 1654 362 1730 τῷ
386 1646 641 1730 στροτοπεόύρχη
665 1645 719 1708 καὶ
744 1651 790 1727 τῷ
814 1644 959 1728 Βούρτζη
987 1651 1042 1729 τῆς
1069 1645 1212 1728 σπουδῆς
1242 1645 1295 1709 καί
1325 1650 1382 1710 τοῦ

262 1749 551 1832 ἀνθραγαθήματος
574 1747 710 1830 ἀμοιβὴν
732 1748 889 1830 παρέσχεν
910 1749 1016 1831 ὕβρεις
1041 1747 1096 1811 καί
1123 1748 1260 1828 ἀπειλάς,
1292 1748 1381 1830 ἀφεί-

262 1851 330 1915 λετό
357 1874 389 1915 τε
416 1851 513 1914 αὐτοῦ
541 1849 597 1931 τλγν
624 1849 726 1932 ἀρχὴν
752 1849 806 1913 καί
827 1849 915 1932 παρὰ
938 1857 984 1932 τῷ
1007 1852 1088 1933 οἴκῳ
1109 1851 1212 1932 μένειν
1233 1850 1383 1932 ιλπρύίτον

263 1954 440 2036 ὁιωρίοατο.

209 2056 251 2123 27
351 2055 477 2139 Συνέβη
502 2055 537 2119 δέ
559 2080 585 2118 τι
607 2055 661 2119 καί
683 2056 797 2138 ἕτερον,
821 2057 840 2118 ὃ
862 2053 916 2118 τὸν
939 2055 1042 2139 δῆμον
1062 2053 1142 2118 κατὰ
1158 2059 1214 2119 τοῦ
1228 2055 1383 2138 βασιλέως
1393 2057 1427 2109 Ῑῖ)

235 2161 393 2244 Ξέξίμηνε
421 2159 474 2223 καί
502 2157 582 2222 κατὰ
611 2163 666 2220 τού
691 2158 796 2242 δήμου
819 2156 873 2221 τὸν
895 2157 1123 2240 αὐτοκράτορα.
1169 2158 1249 2221 κατά
1271 2181 1298 2220 τι
1319 2179 1380 2220 πα-

262 2261 351 2326 λαιὸν
373 2263 450 2333 ἔθος
472 2261 505 2325 έν
527 2269 585 2344 μιᾷ
607 2265 671 2324 τῶν
694 2260 888 2325 θεοποιικῶν
911 2261 1031 2343 ἑορτῶν
1053 2261 1096 2330 εἰς
1113 2257 1168 2323 τὸν
1183 2261 1216 2323 ἓν
1230 2266 1269 2343 τῇ
1284 2257 1381 2343 Πηγῇ

130 2349 254 2452 ffiffl
262 2365 351 2431 θεῖον
382 2363 460 2429 ναὸν
491 2363 633 2447 πρόοθον
661 2364 792 2429 ἐποιεῖτο
819 2363 838 2427 ὁ
865 2361 1020 2447 βασιλεύς,
1052 2361 1106 2426 καί
1137 2362 1252 2445 συνέβη
1283 2362 1382 2445 μέσον

258 2468 432 2551 Ἀρμενίων
454 2468 507 2531 καλ
530 2468 686 2550 πλιυίμων
700 2466 889 2549 φιλονεικίαν
903 2466 1070 2548 προβῆναι,
1093 2465 1156 2528 κάκ
1172 2465 1285 2548 ταύτης
1300 2488 1379 2548 συμ·

264 2656 298 2713 15
316 2657 375 2727 περὶ
394 2664 439 2727 τῆς
455 2658 537 2727 μέσον
555 2663 608 2711 τῶν
625 2657 766 2726 Ἀρμενίων
785 2656 857 2725 (ἆρμ.
868 2655 902 2720 C)
920 2655 966 2709 καὶ
984 2660 1038 2709 τῶν
1055 2655 1186 2725 πλωίμων
1202 2656 1379 2725 φιλονεικίας·

263 2728 309 2783 καί
327 2730 399 2788 ὅπως
418 2729 434 2782 d
452 2729 536 2798 δῆμος
555 2727 599 2783 διὰ
618 2729 711 2797 ταύτης
729 2728 840 2797 ἐξεμάνη
860 2726 927 2781 κατὰ
946 2733 992 2780 τοῦ
1010 2727 1140 2795 βασιλέως
1159 2725 1182 2782 0

316 2907 334 2962 2
353 2907 491 2977 τριάκοντα
510 2906 534 2963 Ε
617 2906 635 2962 ὃ
651 2906 783 2977 βάρβαροι
801 2906 882 2961 0W0
901 2905 952 2960 lui.
1036 2907 1227 2976 ροε1πσρείθ.
1246 2904 1315 2961 add.
1334 2905 1381 2960 καί

317 2980 390 3050 Ewp
463 2980 479 3034 7
498 2980 514 3033 d
532 2979 667 3048 Βούρτζης
688 2994 745 3033 0111.
759 2977 787 3031 D
859 2978 1029 3047 8θιακόψας
1040 2978 1144 3031 πελέκει
1161 2976 1184 3033 C
1256 2978 1291 3032 10
1308 2984 1380 3032 ante

317 3052 350 3106 ού
368 3052 437 3106 add.
456 3050 511 3105 ἀλλ’
531 3050 604 3120 pr
677 3050 826 3117 ἐνεποίησεν
844 3046 971 3120 Βνιρῦἰ,
989 3050 1123 3118 ἐνεποίησε
1135 3048 1199 3118 ΑΙ),
1219 3066 1247 3104 v.
1258 3048 1297 3103 ad
1308 3048 1380 3103 XIII

318 3122 370 3192 l,5
426 3124 458 3176 11
472 3132 510 3191 τη)
519 3118 812 3192 β.Β1νρλ)ἰ,τοῦβ.Α
862 3142 889 3173 τε
898 3121 999 3175 καὶτοῦ
1009 3119 1044 3187 D,
1055 3142 1082 3175 τε
1091 3121 1148 3175 del.
1159 3122 1211 3179 Dw
1263 3120 1298 3173 13
1310 3122 1379 3189 οἴκῳ

316 3193 413 3265 μένειν]
433 3194 583 3263 οίκωμένην
602 3194 625 3247 i}
699 3192 740 3247 15.
752 3194 786 3247 16
804 3192 914 3261 ἐξέμηνε
926 3198 998 3247 ante
1010 3192 1077 3247 κατὰ
1091 3194 1176 3262 Ewp3
1196 3193 1380 3247 (1611111111ωο

317 3282 346 3321 v.
366 3266 405 3321 ud
424 3265 496 3320 XIII
515 3267 533 3320 2
561 3266 578 3319 6
688 3264 720 3317 16
739 3272 786 3319 τοῦ
804 3262 866 3329 AR,
886 3280 942 3319 om.
964 3263 1028 3335 w*p
1148 3266 1180 3319 18
1198 3264 1253 3334 καί]
1272 3264 1300 3317 ἕν
1316 3263 1335 3333 ᾖ
1355 3262 1379 3315 0

318 3337 353 3392 19
370 3336 504 3406 ύρμενίων
522 3307 558 3405 I),
579 3352 654 3391 corr.
674 3335 725 3393 Dw
798 3335 952 3405 συμβουλὴν
970 3334 1007 3403 D,
1027 3350 1103 3392 corr.
1123 3335 1174 3395 Dw

263 3523 294 3572 ot
311 3516 446 3571 mandati
468 3516 545 3586 regii
565 3522 596 3571 et
614 3516 697 3571 exitii
718 3513 848 3570 Burtzae
866 3516 993 3584 cirroque
1014 3516 1140 3571 militurn
1166 3520 1379 3585 trecentorum,

262 3594 364 3643 tamen
388 3604 449 3643 non
473 3587 719 3641 committendum
743 3602 811 3641 cese
831 3591 924 3653 ratus,
951 3592 986 3641 ut
1004 3594 1049 3642 1ο1
1067 3589 1124 3642 viri
1144 3590 1284 3658 perirent,
1311 3604 1379 3645 cum

219 3660 403 3715 l'iomnibue
424 3660 519 3729 copiis
539 3661 693 3729 proiectae
712 3658 902 3713 Antiochiam
921 3659 1047 3715 invadit.
1084 3662 1151 3725 Quo
1175 3660 1256 3715 sacto
1279 3663 1379 3716 atatim

262 3736 294 3787 et
311 3745 419 3785 manue
438 3738 467 3785 ct
486 3731 577 3783 animi
598 3731 727 3785 hortium
750 3729 957 3798 conciderunt,
986 3730 1111 3787 Burtzce
1130 3747 1204 3786 vero
1228 3747 1297 3786 curn
1316 3734 1379 3788 euin

262 3802 321 3856 iam
342 3802 504 3872 desperata
522 3802 619 3856 sainte
638 3802 817 3856 revixerunt
836 3808 866 3855 et
881 3808 970 3871 porta
982 3803 1106 3873 bipenni
1123 3808 1241 3859 resecta
1253 3803 1380 3861 Burtzea

262 3874 531 3945 etratopedarchae
563 3874 689 3927 liberum
718 3874 889 3943 ingressum
921 3874 1069 3944 praebuit.
1106 3874 1207 3928 Tanta
1234 3876 1379 3931 facilitate

218 3946 385 4000 lssiiluetrie
404 3945 454 3998 iiia
472 3942 633 3999 Antiochia
651 3945 681 3998 in
701 3943 906 3999 Romanorum
932 3951 1109 4015 potestatem
1130 3947 1222 4001 vonit.
1258 3946 1293 4000 ld
1311 3949 1379 4017 regi

262 4016 435 4072 nuntiatum
457 4016 524 4085 pluo
547 4016 660 4069 doiorie
683 4016 792 4083 attulit,
838 4032 909 4070 uam
930 4016 1093 4087 voluptatis
1111 4023 1142 4073 et
1161 4017 1199 4072 de
1222 4018 1322 4073 studio
1342 4034 1379 4073 ac

262 4089 375 4144 virtute
387 4088 483 4143 iratus
495 4086 763 4157 stratopedarchae
776 4094 806 4142 et
818 4034 957 4155 quena,
978 4090 1166 4145 contumeliis
1178 4096 1208 4144 ct
1226 4089 1314 4144 minis
1333 4096 1379 4145 eat

262 4166 473 4216 remuneratur
492 4158 696 4229 ademptoque
714 4159 841 4229 imperio
859 4160 942 4213 ilium
960 4158 1050 4215 domo
1069 4162 1154 4216 exire
1172 4162 1277 4215 vetuit„

350 4232 393 4286 27.
434 4230 553 4285 Accidit
580 4237 609 4285 et
637 4230 720 4285 aliud
748 4230 901 4299 quiddam,
930 4230 1012 4298 quod
1040 4238 1070 4286 ct
1097 4233 1243 4303 populum
1272 4237 1379 4288 contra

235 4304 365 4373 dragum
391 4308 422 4358 et
449 4308 556 4357 contra
583 4302 729 4371 populum
758 4304 969 4371 imperatorem
997 4305 1202 4358 exacerbavit
1239 4304 1378 4368 Quodam

262 4378 340 4430 tecto
359 4374 509 4429 dominico
529 4388 603 4444 rege
620 4388 660 4428 ex
673 4374 769 4427 veteri
783 4373 1004 4428 consuetudine
1016 4375 1046 4427 in
1059 4375 1216 4445 Peganum
1234 4376 1378 4446 tempium

262 4446 465 4521 supplicatum
487 4460 620 4521 egresso,
643 4445 762 4517 accidit,
786 4450 821 4500 ut
838 4443 971 4499 Armenii
991 4449 1022 4501 et
1040 4455 1153 4505 nautae
1172 4454 1239 4505 orto
1257 4452 1378 4505 conteu-
