3050 4775
239 431 292 486 4ss
539 429 675 486 zonas.
695 428 794 483 serr.
813 428 882 483 xvr
901 427 944 496 τε,
962 427 1059 481 2-15.

211 613 380 695 3κείμενος
407 613 460 675 καί
488 611 525 674 τὰ
553 611 672 681 τούτοις
698 611 845 692 πράττων
878 609 1052 673 ἀκόλουθα.
1099 610 1208 690 ἔτρεφε
1240 609 1275 672 δέ
1306 609 1361 672 καί

238 715 344 778 ἵππων
359 714 577 797 σφοθρότατον
597 715 700 796 ἔρωτα
716 713 769 776 καὶ
785 711 847 796 εἶχε
863 712 991 796 θηλείας
1006 713 1122 781 ἵππους
1135 711 1219 774 πάνυ
1234 711 1359 780 πολλάς.

212 819 293 900 4μία
320 817 423 881 τοίνυν
450 818 556 880 αὐτῶν
583 817 602 899 ή
632 821 696 880 τῶν
722 815 843 878 λοιπῶν
875 814 1084 898 έπεσημοτέρα
1115 813 1195 877 κατὰ
1228 812 1362 896 γαστρὸς

238 921 354 1002 ἔχουσα
383 921 470 1002 ἔτυχε
497 923 631 982 τεκοῦσα
658 917 738 982 κατὰ
764 917 821 1001 τήν
850 916 936 999 ἱερὰν
965 924 1019 1000 τῆς
1049 917 1188 1000 μεγάλης
1217 916 1361 998 πέμπτης

239 1023 372 1104 ἡμέραν·
396 1021 449 1084 καλ
472 1021 696 1103 λειτουργοῦντι
718 1020 785 1084 τότε
807 1027 854 1102 τῷ
876 1020 1053 1102 πατριάρχη
1077 1017 1136 1102 ἧκέ
1157 1043 1202 1088 τις
1216 1017 1387 1100 κομίζωνδ

212 1122 308 1206 ῦπερὶ
338 1129 394 1186 τοῦ
425 1129 553 1188 τοκετοῦ
585 1123 756 1205 εὐαγγέλια.
803 1121 880 1186 ὁθὲ
909 1122 1074 1204 ὑπερήσθη
1103 1121 1158 1184 καί
1185 1120 1241 1202 τήν
1269 1121 1360 1184 θείαν

80 1234 138 1288 PII
146 1225 415 1307 195Αῑεροοργίαν
447 1225 608 1308 συντεμὼν
640 1225 764 1307 σπουδή
792 1223 875 1304 πρὸς
902 1223 937 1287 τὸ
961 1224 1136 1307 Κοσμίθιον
1163 1223 1360 1305 ἀπελήλυθεν

241 1326 320 1410 (ἐκεῖ
339 1327 399 1411 γὰρ
422 1327 505 1411 εἶχον
528 1329 561 1390 αλ
582 1329 669 1390 λ’πποι
692 1327 790 1391 αὐτοῦ
813 1325 868 1395 τὰς
891 1323 1063 1408 θιατρηλάς)
1088 1325 1142 1389 καὶ
1162 1324 1217 1389 τὸν
1232 1325 1360 1406 νεογνὸν

238 1429 347 1493 πῶλον
379 1429 535 1512 ἑωρακὼς
564 1429 771 1512 ὑπενόστησεν
802 1430 845 1498 είς
874 1427 930 1512 τὴν
952 1429 1120 1510 ἐκκλησίαν
1141 1428 1196 1491 καλ
1217 1427 1273 1509 τήν
1296 1433 1361 1491 τῶν

212 1531 338 1613 6ἁγίων
368 1534 487 1596 παθῶν
517 1537 573 1596 τοῦ
605 1539 749 1615 σωτῆρος
778 1531 917 1613 Χριστοῦ
948 1531 1064 1594 ἐτέλεσε
1092 1531 1223 1614 τελετήν.
1269 1533 1358 1594 κατέ.
1373 1539 1408 1591 10

239 1657 353 1716 στρειμε
376 1634 489 1719 δὲτὴν
512 1633 600 1718 ζωὴν
623 1635 657 1708 ἐξ
679 1635 841 1705 ἱππασίας·
866 1633 1048 1716 θρασύτατα
1071 1632 1131 1716 γὰρ
1147 1633 1361 1716 ἱππαζόμενος

239 1735 293 1799 καί
320 1736 401 1819 πρὸς
428 1737 527 1820 τεῖχός
554 1760 581 1800 τι
612 1742 676 1800 τῶν
707 1736 980 1819 παραθαλασσίων
997 1723 1249 1819 ’προσαραχθεὶς
1280 1736 1359 1818 αἷμα

240 1838 290 1903 bd
322 1839 475 1921 στόματος
507 1840 653 1922 ἀνήγαγε,
686 1839 858 1904 κάντεῦθεν
885 1839 936 1902 ἐπὶ
962 1839 1021 1902 θύο
1044 1839 1096 1922 ἔτη
1119 1839 1265 1921 νοσήσας,
1297 1834 1358 1901 εἷθ’

213 1941 346 2024 ’λύθὲρῳ
368 1941 554 2024 περιπεσών,
579 1941 708 2024 ἀπεβίω.
753 1942 809 2005 καλ
830 1942 1053 2024 προεχειρίσθη
1076 1942 1270 2024 πατριάρχης
1290 1940 1358 2003 λίσ-

238 2045 395 2117 λύευκτος,
426 2043 568 2126 μοναχός
596 2043 743 2126 ἐκτομίας
770 2043 824 2107 καί
851 2042 938 2125 λόγῳ
966 2043 1150 2125 διαπρέπων
1173 2043 1226 2107 καλ
1249 2044 1358 2126 ἀρετῇ·
1374 2047 1404 2101 15

213 2145 294 2210 8καλ
316 2148 352 2215 ὃς
374 2145 461 2228 παρὰ
484 2151 540 2209 τοῦ
558 2145 745 2229 Καισαρείας
767 2147 1009 2229 κεχειροτόνητο.
1055 2146 1074 2209 ὁ
1097 2145 1157 2228 γὰρ
1172 2145 1360 2228 Ἡρακλείας

239 2247 510 2332 προσκεκρουκὼς
541 2249 620 2312 κατά
652 2273 679 2312 τι
705 2256 751 2332 τῷ
780 2248 902 2332 βασιλεῖ
926 2249 1076 2332 ἐκωλύθη
1103 2253 1159 2312 τοῦ
1181 2250 1359 2332 προνομίαν

241 2490 254 2542 1
276 2490 421 2558 σημείωσαι
439 2490 456 2543 ἃ
474 2488 554 2543 ἐποίει
574 2490 589 2543 ύ
605 2489 770 2559 πατριάρχης
790 2490 979 2560 θεοφύλακτσς
997 2490 1022 2545 Ε
1120 2489 1153 2544 14
1171 2490 1295 2559 περὶτοῦ
1312 2512 1360 2546 πα·

240 2560 366 2631 τριύρχσυ
385 2559 559 2615 Πολυεύκτου
579 2559 626 2617 OE

292 2781 310 2835 2
328 2782 406 2835 ίππον
427 2784 525 2846 (ἵππων
544 2779 672 2852 Ewth')
691 2784 872 2851 σφοδρότατον
889 2784 983 2851 ἔρωτα,
1003 2783 1049 2837 καί
1067 2782 1122 2851 εἶχε
1140 2784 1248 2851 θηλείας
1266 2785 1360 2842 ἵππους

293 2851 402 2923 AEwp,
421 2854 516 2913 ἵππους
528 2852 675 2922 araneo
739 2852 758 2906 4
775 2852 892 2923 μεγάλης
911 2870 968 2908 om.
979 2853 1015 2921 D,
1035 2855 1131 2924 suppl.
1143 2853 1195 2912 Dw
1256 2854 1274 2907 6
1293 2860 1361 2923 post

294 2932 338 2978 τοῦ
358 2923 427 2979 add.
446 2932 491 2994 τής
509 2927 590 2979 ἵππου
609 2924 682 2994 pr
756 2924 781 2979 6.
802 2926 818 2979 l
837 2924 973 2993 συντεμὼν
987 2929 1059 2979 aule
1072 2924 1119 2995 τήν
1137 2924 1161 2979 O
1234 2926 1250 2977 'I
1269 2927 1360 2992 κοσμί-

293 2997 350 3049 ὅιον
368 3012 407 3050 ex
426 2996 572 3066 κοσμήθιον
592 3011 668 3051 corr.
688 2994 715 3049 Α
821 2996 838 3051 9
856 2998 938 3051 πόλον
957 2995 1010 3050 BD
1114 2997 1148 3049 10
1166 2998 1283 3064 Χριστοῦ
1303 3014 1359 3051 orn.

296 3066 377 3123 OWo
394 3068 445 3122 lat.
552 3066 666 3123 ἐτέλεσεν
684 3066 778 3135 ἑορτήν
796 3070 848 3130 (ex
866 3068 961 3138 ἑορτήν
979 3084 1088 3123 rasura
1107 3083 1184 3122 corr.
1203 3067 1227 3120 B
1245 3068 1359 3137 τελετήν)

293 3138 317 3193 Ο
408 3140 440 3193 11
461 3139 612 3207 θρασύτατα
630 3136 757 3208 prDt'‚
777 3140 942 3207 θρασύτατον
960 3138 986 3193 Α
1096 3139 1130 3193 12
1147 3140 1360 3208 προςαρραχθεὶς

292 3207 404 3280 DEwp,
423 3226 451 3264 v.
471 3210 511 3263 ad
530 3209 603 3263 XIII
616 3210 669 3274 7,8
742 3209 776 3264 13
796 3217 865 3280 ροσε
883 3210 927 3265 διὰ
946 3210 1015 3266 add.
1033 3218 1080 3266 τοῦ
1099 3209 1123 3264 Ο
1197 3210 1286 3265 13.1a
1304 3210 1360 3264 εἶτα

292 3280 337 3334 καί
356 3281 425 3347 (om.
444 3280 507 3345 CD)
526 3282 615 3349 ύθίρῳ
634 3280 708 3351 pr
826 3282 861 3335 14
876 3284 1079 3352 πρσςεχειρίσθη
1099 3280 1164 3350 α’*ρ
1183 3283 1287 3337 invitis
1306 3280 1360 3336 AR

295 3352 328 3406 16
346 3352 392 3406 καί
411 3368 468 3407 om.
487 3350 657 3422 DCEwth'
732 3353 764 3407 17
784 3353 890 3407 δικαίου
909 3352 933 3407 Ο

211 3575 373 3643 3liumque
392 3590 493 3629 rerum
513 3575 684 3630 vehementi
703 3575 804 3630 studio
824 3576 994 3631 tenebatur.
1033 3576 1108 3632 Cum
1126 3578 1220 3647 Igitur
1232 3592 1288 3647 pre
1301 3592 1358 3633 sue

211 3644 385 3715 aequorum
399 3645 499 3701 studio
513 3661 608 3717 equas
621 3647 766 3716 plurimas
780 3646 883 3715 aleret,
895 3662 958 3702 una
970 3648 1119 3717 insignior
1129 3664 1216 3703 sacro
1227 3664 1359 3719 magnae

239 3718 364 3787 quintae
383 3717 432 3772 die
451 3722 517 3772 erat
536 3720 686 3787 paritum
705 3720 764 3773 iam
784 3719 975 3788 patriarchae
994 3735 1082 3773 saera
1101 3720 1266 3775 celebranti
1279 3728 1359 3790 post·

211 3787 330 3859 bquam
358 3790 514 3843 nuntiatus
543 3793 588 3845 est
615 3794 728 3859 partus,
757 3790 873 3843 laetitia
897 3792 994 3844 elatus
1018 3790 1184 3860 divinoque
1210 3791 1358 3846 sacrificio

239 3866 439 3929 properanter
452 3860 591 3916 absoluto
606 3860 646 3915 ad
660 3860 844 3915 Cosmldium
859 3863 1013 3915 festinavit
1032 3863 1112 3928 (nam
1126 3863 1167 3915 ibi
1181 3862 1247 3917 elus
1259 3878 1359 3932 equae

238 3930 443 3996 stabulabunt)
469 3933 598 4002 visoque
625 3932 706 4001 pullo
729 3932 819 3986 modo
837 3938 910 3987 nato
929 3934 960 3987 in
980 3934 1137 3987 ecelesiam
1156 3948 1299 3988 reversus
1318 3936 1359 3989 le-

212 4006 316 4059 b’stum
337 4009 461 4059 sanetae
481 4003 630 4074 passionis
643 4004 808 4059 servatoris
821 4004 929 4059 Christi
943 4006 1069 4074 peregIt.
1107 4004 1210 4061 Mortis
1223 4005 1250 4059 ei
1264 4020 1359 4059 eausa

238 4074 296 4128 fuit
312 4076 471 4144 equitati0;
491 4090 552 4145 qna
572 4090 639 4129 eum
659 4076 860 4130 audacisslrne
878 4077 923 4129 uti
942 4076 1060 4143 soleret,
1079 4076 1171 4132 semel
1186 4076 1225 4130 ad
1238 4091 1358 4130 murum

239 4145 390 4215 quendam
413 4148 594 4201 maritimum
618 4148 703 4201 alliso
730 4162 866 4217 corpere,
894 4149 1076 4217 sanguinem
1102 4164 1156 4217 per
1181 4164 1214 4202 os
1238 4147 1359 4214 reieelt3

212 4216 320 4271 Iunde
348 4232 416 4271 eum
439 4219 596 4272 biennium
623 4222 820 4286 aegrotasset,
849 4234 888 4272 ex
917 4233 998 4287 aqua
1025 4219 1175 4274 intercute
1203 4219 1285 4273 obiit.
1323 4219 1358 4273 Ei

238 4289 381 4342 suceessIt
407 4288 598 4355 Polyeuetus
626 4288 792 4342 monachus
820 4290 916 4358 spado
941 4296 971 4344 et
994 4290 1168 4359 eloquentia
1191 4295 1221 4345 et
1244 4290 1358 4345 vlrtrrte

211 4358 402 4427 ilpraedltus,
420 4375 438 4412 a
452 4358 639 4414 Caesariensi
654 4360 797 4429 episeopo
812 4366 1015 4415 consecratus.
1052 4360 1158 4431 Neque
1171 4362 1249 4415 enirn
1263 4360 1357 4416 Hera·

239 4430 357 4485 eliensis
377 4430 491 4486 offenso
511 4446 586 4501 rege
604 4431 702 4500 potuit
721 4432 768 4487 ius
787 4447 876 4487 suum
895 4431 1047 4500 adhibere,
1077 4447 1156 4501 quae
1183 4448 1232 4487 res
1260 4434 1356 4486 erimi-
