3050 4775
256 414 311 477 350
555 412 692 477 ZONAR
711 414 810 475 ΕΡΙΤ.
829 414 884 477 XV
903 416 946 491 24,
967 414 1081 478 13-27.

255 608 410 687 μοναχαῖς
437 602 473 666 ἐκ
504 603 635 686 πρώτης
664 602 770 687 τριχός
801 604 1046 688 ουγκατείλεκτο,
1078 605 1132 669 καὶ
1158 606 1178 689 ἡ
1205 604 1312 690 κλῆσις
1339 611 1379 689 τῇ

256 706 378 788 γυναικί
400 705 605 789 Εὐφροοόνη

213 814 248 867 14
351 810 418 873 Τοῦ
431 809 627 892 πατριάρχου
644 808 679 871 δὲ
694 806 854 872 Θεοδότου
870 809 1035 893 θανόντος,
1059 812 1096 881 ὃς
1118 812 1154 884 ἐξ
1178 812 1229 893 ἔτη
1253 810 1379 895 ἀσεβῶς

255 918 310 996 τῆς
339 912 504 996 ἐκκλησίας
532 912 710 993 ἐκράτησεν,
739 911 905 983 Ἀντώνιος
932 914 1164 997 προεχειρίσθη,
1196 910 1225 995 ᾦ
1250 912 1377 977 Κασσο-

255 1020 357 1098 ματᾶς
378 1014 415 1078 τὸ
438 1015 620 1095 ἐπώνυμον·
652 1013 706 1075 καί
733 1010 826 1083 οὗτος
855 1014 890 1077 et
911 1014 967 1096 τήν
989 1014 1061 1097 περί
1082 1014 1138 1097 τήν
1160 1016 1258 1079 πίστιν
1281 1015 1405 1088 όόξανο

257 1116 448 1198 όιίστραπτο.
499 1178 505 1189 ,

212 1225 247 1280 15
342 1218 383 1283 ‘O
403 1221 509 1302 μέντοι
530 1217 675 1301 βασιλεὺς
696 1218 807 1283 στόλον
830 1218 980 1301 ἐκπέμπει
1003 1218 1082 1283 κατὰ
1098 1224 1163 1284 τῶν
1178 1219 1234 1302 τήν
1250 1220 1380 1303 Κρήτην

213 1328 247 1382 16
255 1321 479 1406 κατασχόντων
489 1321 683 1404 Ἂγσρηνῶν.
717 1322 828 1403 ήττητο
844 1322 889 1403 δέ,
905 1321 959 1385 καί
975 1323 1006 1385 οί
1020 1322 1268 1405 περιλειφθέντες
1283 1324 1377 1387 ἐπαν-

169 1430 192 1487 G
212 1431 246 1486 17
256 1425 358 1508 ήλθον
380 1431 434 1509 τῆς
456 1426 548 1508 ἥττης
574 1424 763 1505 αὐτάγγελοι.
810 1422 862 1487 εἶτ’.
885 1422 980 1495 αὖθις
1002 1426 1108 1507 ἕτερον
1129 1425 1210 1489 πολὺ
1233 1424 1379 1489 ναυτικὸν

256 1527 500 1609 ἑτοιμασάμενος
522 1527 642 1608 ἔστειλε,
670 1527 773 1608 τούτῳ
797 1525 970 1609 στρατηγὸν
992 1527 1158 1611 ἐπιστήσας
1179 1527 1233 1591 τὸν
1256 1529 1377 1609 Κρατε-
1389 1536 1427 1590 10

256 1629 322 1710 ρόν,
345 1630 383 1699 ὃς
405 1628 578 1712 συμβαλὼν
599 1635 664 1699 τοῖς
686 1629 720 1691 ἐν
736 1628 847 1711 Κρήτῃ
863 1628 1047 1712 Ἀγαρηνοῖς
1069 1629 1223 1712 πρότερον
1245 1630 1304 1711 μὲν
1327 1630 1377 1693 εὗ-

212 1739 247 1795 18
255 1731 379 1814 τύχησε,
411 1730 548 1801 πολλοὺς
577 1731 706 1795 ἐκείνων
734 1731 787 1794 καί
815 1732 983 1814 ζωγρήσας
1005 1732 1059 1795 καί
1082 1732 1209 1797 ἀνελών.
1255 1731 1317 1796 εἶτα
1340 1738 1378 1816 τῇ

255 1835 325 1917 νίκη
354 1833 565 1917 τεθαρρηκὼς
591 1834 737 1904 κάκεῖνος
763 1833 818 1897 καί
840 1834 859 1897 ό
885 1831 938 1897 ὑπ’
969 1834 1087 1899 ἐκεῖνον
1119 1834 1204 1917 λαός,
1238 1834 1284 1905 ὡς
1315 1834 1377 1917 ἤδη

254 1940 320 1999 τῶν
343 1936 492 1999 ἐναντίων
514 1936 796 2018 ἐκνενευρισμένων
818 1935 871 1998 καί
893 1935 938 2018 μὴ
963 1937 1002 1999 ἄν
1024 1960 1099 2000 ποτε
1116 1936 1304 2019 προσβαλεῖν
1320 1936 1376 1999 αὗ-

255 2044 319 2109 τοῖς
345 2037 576 2121 τολμησόντων,
610 2039 710 2101 ἀνέσει
736 2037 868 2109 ἑαυτοὺς
894 2038 948 2102 καί
974 2038 1081 2109 πότοις
1108 2039 1269 2112 ἐξέδωκαν
1293 2037 1375 2121 ἀφυ-
1389 2047 1425 2099 15

255 2141 381 2211 λάκτως
404 2139 459 2204 καί
481 2142 643 2205 ὕπνωττον
669 2140 750 2205 κατὰ
776 2140 833 2224 τὴν
860 2142 957 2204 νύκτα
990 2141 1110 2224 ἐκείνην
1141 2140 1198 2205 σὺν
1230 2142 1376 2223 ῥᾳστώνῃ

212 2253 246 2307 19
255 2243 364 2327 πολλῇ.
410 2244 491 2325 ὅπερ
514 2244 762 2327 κατανοήσαντες
786 2244 816 2305 οί
830 2244 972 2325 πολέμιοι
986 2243 1100 2315 νυκτὸς
1115 2244 1221 2314 αὐτοῖς
1236 2242 1376 2327 ἐπῆλθον

254 2346 331 2430 μετὰ
355 2346 500 2431 μεγίστου
524 2346 708 2429 ἀλαλαγμοῦ
730 2345 785 2410 καί
810 2346 929 2418 πάντας
958 2346 1150 2431 διέφθειραν,
1184 2346 1231 2418 ὡς
1258 2351 1376 2430 μικροῦ

164 2461 191 2513 D
210 2446 330 2533 2ομηό’
355 2450 485 2532 ἄγγελον
510 2449 748 2534 περιλειφθῆναι
774 2456 829 2533 τῆς
855 2456 1033 2534 συμφορᾶς.
1080 2449 1133 2514 καί
1156 2449 1251 2520 αὐτὸς
1274 2449 1334 2532 γὰρ
1357 2449 1376 2512 ό

253 2661 271 2716 3
289 2661 350 2730 περί
367 2667 541 2731 πατριαργῶν
559 2660 607 2716 OE
679 2662 695 2717 ‘l
713 2662 774 2732 περί
791 2667 845 2716 τῶν
863 2661 891 2716 ἐν
909 2669 941 2732 τῇ
958 2661 1051 2732 Κρήτῃ
1067 2662 1216 2732 Ἀγαρηνῶν
1234 2660 1282 2718 cl]

1304 2817 1337 2846 Λ

308 2869 332 2922 1.
353 2868 371 2922 2
388 2875 420 2938 τῇ
438 2867 542 2937 γυναικί
560 2867 621 2936 ΑΕ,
639 2867 706 2938 αὐτῇ
726 2867 799 2939 pr
900 2869 917 2922 4
936 2876 1106 2938 κασσυματᾶς
1123 2867 1185 2938 AO,
1204 2855 1323 2938 κασσιμᾶ
1343 2870 1374 2938 Ε,

308 2948 471 3007 κασσιμσιᾶς
493 2939 585 3010 wpDi
663 2940 759 3008 ὅπερὶ
777 2955 870 3010 supra
891 2941 970 2994 linea
990 2941 1059 2994 add.
1079 2941 1105 2994 A
1179 2941 1226 3011 τὴν
1245 2941 1372 2996 alterurn

307 3010 532 3082 prDi‚0m.A
603 3011 961 3080 8περιληφθένττς(εἱο)Α
1033 3012 1186 3066 9πολὺνΕ
1259 3014 1294 3067 10
1310 3033 1374 3082 καρ-

307 3083 631 3152 τερὸνθ(ἰηίι·τιταείο)
705 3083 1078 3152 12καίαηίθζωγρ.οῃ1.Β
1152 3085 1185 3138 13
1198 3084 1297 3144 ἐκεῖνος
1310 3085 1374 3138 ml]

308 3157 350 3208 15.
366 3157 399 3209 16
417 3154 580 3223 ἀφυλάκτως
597 3156 643 3208 καί
661 3156 797 3208 ὕπνωττον
816 3155 875 3222 All,
894 3157 940 3209 καί
958 3157 1120 3224 ἀφυλάκτως
1137 3155 1279 3224 ἕκώμαζον
1298 3155 1374 3226 (ἐγώ-

304 3247 387 3296 ματον
397 3227 449 3294 w*‚
458 3226 599 3295 ίχώμαζον
609 3225 658 3296 p*)
669 3227 803 3280 ὕπνωττόν
813 3226 918 3296 ιεΟινρ
976 3227 1009 3282 18
1017 3227 1183 3296 ἀλλσλαγμοῦ
1190 3227 1224 3294 l),
1237 3243 1313 3282 corr.
1322 3227 1372 3285 Drr

252 3422 371 3479 deditas
390 3439 408 3477 a
430 3424 527 3494 primo
552 3423 659 3494 capillo
685 3425 779 3478 vitam
804 3424 930 3494 agebat;
958 3438 1068 3478 nomen
1097 3429 1163 3479 erat
1190 3427 1218 3480 ei
1241 3425 1372 3480 feminae

252 3495 380 3550 inditum
399 3495 608 3565 Euphrosyne.

208 3568 243 3622 14
340 3567 518 3621 Patriarehe
531 3566 688 3621 Theodoto
707 3570 837 3632 mortuo,
876 3567 909 3621 ul
928 3582 982 3622 sex
1002 3583 1097 3623 annos
1118 3568 1264 3623 ecelesiae
1282 3568 1372 3638 impie

252 3639 435 3708 praefuerat,
463 3636 614 3692 Antonius
634 3643 839 3708 cognomento
857 3583 1051 3708 {eseymatas
1069 3639 1100 3693 in
1120 3642 1185 3694 elus
1204 3640 1303 3694 locum
1327 3647 1373 3694 est

252 3710 406 3778 suffectus,
426 3725 572 3780 perversa
591 3714 620 3764 et
638 3711 704 3779 ipse
721 3710 869 3779 religione
889 3710 1053 3779 praeditus.

209 3783 243 3838 15
341 3781 407 3836 Rex
435 3783 526 3835 missa
553 3781 649 3835 elerse
673 3787 779 3834 eontra
798 3780 958 3850 Agerenos
977 3785 1114 3836 tenentes
1134 3781 1253 3837 Cretam
1274 3782 1372 3836 victus

209 3855 242 3909 16
252 3859 305 3921 eet,
334 3855 447 3922 quique
471 3853 549 3906 eladi
572 3855 797 3922 superfuerant,
826 3853 884 3922 ipsi
912 3853 1051 3906 nuntium
1076 3853 1170 3908 eladis
1197 3855 1370 3908 attulerunt.

208 3927 241 3981 17
251 3925 323 3979 Post
343 3925 443 3979 denuo
463 3924 553 3978 aliam
572 3925 728 3994 ingentem
748 3923 874 3978 classem
894 3929 1000 3978 eontra
1019 3925 1140 3979 eosdem
1165 3927 1263 3994 mittit,
1293 3925 1371 3979 duee.

252 3994 386 4063 Cratero,
415 3996 467 4065 qui
490 3996 639 4066 principio
665 3994 787 4063 quidem
811 4009 874 4048 rem
900 4001 1006 4049 centra
1024 3995 1184 4066 Agerenos
1209 3998 1286 4051 bene
1306 4011 1371 4066 ges·

207 4069 297 4137 18sit,
326 4069 426 4122 multis
455 4082 560 4121 eorum
589 4068 684 4136 ceptis
713 4072 742 4120 et
765 4067 939 4120 interfectis.
979 4066 1097 4122 Deinde
1121 4073 1150 4122 et
1171 4070 1235 4138 ipse
1254 4073 1284 4123 et
1306 4070 1371 4122 eius

251 4140 358 4194 milites
377 4140 505 4192 victoria
524 4139 601 4205 freti,
631 4139 717 4206 quasi
737 4137 921 4191 adversariis
940 4139 999 4190 lem
1024 4141 1176 4192 enervatis
1200 4155 1299 4210 neque
1318 4154 1370 4193 un·

251 4227 341 4280 quam
362 4212 481 4264 eueurls
499 4211 582 4278 ipsos
601 4211 739 4279 aggredi,
769 4224 802 4262 se
822 4209 970 4278 voluptati
991 4215 1020 4262 et
1039 4211 1155 4279 poculis
1175 4211 1262 4266 nullis
1282 4225 1371 4266 excu-

208 4283 241 4336 19
251 4283 308 4337 bile
328 4282 510 4336 dediderunt
528 4296 627 4349 eaque
647 4286 734 4335 necte
755 4282 850 4334 otiose
869 4280 1063 4335 dormierunt.
1096 4282 1161 4346 Quo
1176 4284 1275 4337 hostes
1288 4283 1371 4337 intel·

251 4354 329 4408 leete
347 4359 440 4407 noctu
459 4368 512 4408 eos
531 4367 599 4407 eum
613 4354 744 4406 maximo
759 4353 890 4406 clamere
903 4352 1002 4406 adorti
1016 4368 1120 4407 omnes
1132 4355 1175 4407 ita
1188 4355 1370 4419 ceciderunt,

206 4425 285 4484 tout
304 4426 357 4479 vix
376 4427 501 4480 nuntius
520 4424 613 4480 cledis
631 4430 813 4496 superesset.
851 4423 925 4478 Nam
945 4429 975 4478 et
994 4427 1059 4497 ipse
1078 4426 1180 4480 classis
1198 4426 1371 4498 praefectus
