3050 4775
240 395 294 454 ⁶54
533 397 669 455 ZONAR.
688 398 788 456 EPIT.
806 399 891 458 XVII
909 401 934 470 ¹l,
955 401 1067 458 lli-27.

241 579 397 664 γασάῆναι
423 579 527 655 αὐτόν,
559 583 578 645 δ
601 581 654 646 καί
679 583 802 665 μᾶλλον
823 583 914 660 ἔδοξε
934 585 1165 668 πιθανώτερον·
1197 583 1232 648 τό
1255 586 1291 668 γέ
1311 609 1359 650 τοι

241 683 414 766 φάρμακον
436 685 627 768 ἡτοιμάσατο
647 685 706 769 μὲν
721 686 740 750 ὁ
757 686 928 760 Βασίλειος,
950 689 1129 771 προσέφερε
1144 687 1179 752 ἀὲ
1193 694 1240 771 τῷ
1255 688 1359 770 Φωκᾷ

196 785 259 849 1Ίά
281 786 385 868 τούτῳ
400 787 600 870 οἰνοχοεύων,
623 788 710 871 παρὰ
726 795 782 853 τοῦ
797 790 951 872 βασιλέως
966 791 1165 862 ὕποκλαπτις.
1209 791 1359 861 πεσόντος

241 889 276 953 ἀὲ
297 896 354 954 τοῦ
376 889 491 973 Βάράα
520 890 555 954 τὸ
582 887 648 974 μετ’
679 893 777 956 αὐτοῦ
803 892 979 976 στράτευμα
1007 894 1215 968 ἀιεσκὲἀαστο,
1247 893 1300 958 καί
1328 894 1359 958 οἳ

238 991 298 1074 μὲν
321 993 492 1056 ἐκτείνοντο
513 994 837 1078 καταλαμβανόμενοι,
861 997 892 1059 oi
907 991 936 1060 δ’
952 995 1151 1078 ἕζωγραῦντο
1170 995 1225 1060 καλ
1246 1002 1385 1079 συσχε-5

79 1096 347 1166 Piisaanblmc
369 1095 448 1160 κατὰ
471 1095 516 1160 τὸΙ
531 1097 628 1170 δόξαν
649 1105 696 1180 τῷ
717 1098 840 1181 βασιλεῖ
856 1097 1085 1182 ἐκολάσθησαν.

197 1205 231 1259 18
325 1197 366 1263 ‘O
388 1199 423 1263 ἀὲ
445 1198 640 1283 ἀλλοιότερος
662 1201 702 1284 ἦν
724 1203 744 1284 ἢ
767 1201 803 1265 τὸ
825 1201 991 1284 πρότερον·
1014 1201 1154 1285 σοβαρός
1167 1226 1200 1266 τε
1215 1201 1276 1285 γὰρ
1291 1202 1357 1285 ἀγε-

233 1301 323 1382 ,γόνει
349 1303 404 1366 καὶ
429 1301 465 1366 τὸ
494 1301 577 1386 ἦθος
604 1303 853 1386 ὑποκαθήμενος
878 1304 934 1370 καί
958 1304 1078 1376 πάντας
1108 1304 1274 1370 ὑπώπτευε
1304 1302 1359 1368 καί

197 1402 296 1486 19τίγν
319 1404 417 1488 ὀργὴν
440 1405 605 1488 ἐτύγχανεν
627 1407 846 1490 ἀπαραίτητος.
891 1406 946 1470 καὶ
973 1407 1013 1471 οὔ
1036 1412 1101 1478 τοῖς
1128 1406 1232 1478 ἄλλοις
1258 1407 1359 1489 μόνον

239 1506 275 1570 τὸ
307 1507 448 1590 σοβαρὸν
479 1507 684 1581 ἀπεάείκνυτο,
716 1507 794 1572 ἀλλὰ
824 1508 890 1592 μὴν
920 1508 975 1573 καί
1001 1517 1048 1592 τῷ
1074 1511 1359 1592 παρακοιμωμίνῳ
1369 1511 1405 1565 10

241 1611 329 1692 αὐτῷ
352 1612 468 1694 ἤχθετό
490 1635 523 1674 τε
544 1611 652 1694 τάνδρί
674 1609 727 1675 καὶ
750 1613 794 1682 είς
816 1611 927 1676 ἑαυτὸν
949 1612 1080 1676 ἔσπευάε
1097 1619 1289 1695 μετενεγκεῖν
1303 1612 1360 1696 τὴν

195 1719 231 1774 ‘20
240 1717 304 1778 τῶν
330 1715 526 1798 πραγμάτων
554 1713 711 1798 ἀιοίκησιν.
756 1713 811 1778 καί
832 1715 938 1796 μέντοι
959 1715 1014 1779 καί
1033 1716 1198 1798 μεθίστησι
1218 1721 1273 1798 τῆς
1294 1719 1359 1780 τῶν

240 1821 357 1880 κοινῶν
373 1817 555 1900 οἰκονομίας
570 1817 674 1890 αὐτόν,
695 1819 779 1881 οἴκοι
793 1818 897 1899 μένειν
915 1817 1065 1900 ἀπρόττον
1080 1817 1247 1888 ἐπιστείλας
1262 1817 1359 1900 αὐτῷ,

241 1917 302 1983 εἶτα
325 1919 403 2002 μετὰ
425 1919 541 2002 μικρὸν
563 1919 617 1984 καί
640 1919 809 2002 ὑπερόριον
830 1921 934 2004 τίθησι
955 1921 1009 1984 καί
1030 1926 1096 1985 τῶν
1111 1920 1222 2003 ἐκείνῳ
1236 1941 1358 2002 πατρα-

241 2023 367 2104 γμένων
389 2023 521 2086 ἕκαστον
543 2022 722 2105 ἀνακρίνων
745 2023 902 2105 ἀπραξίαν
923 2029 987 2088 τῶν
1009 2024 1162 2088 πλειόνων
1181 2024 1357 2106 καταμηφί-
1369 2033 1404 2088 15

196 2131 229 2186 21
241 2127 324 2200 ζετο·
360 2126 414 2189 καὶ
447 2132 503 2190 τοῦ
534 2124 609 2208 παρ’
639 2127 758 2191 ἐκείνου
792 2127 988 2210 ἀσμηθέντος
1018 2127 1161 2208 αεμνείσυ
1192 2125 1230 2189 τὰ
1260 2125 1358 2189 πλείω

207 2227 390 2310 Βῦφείλετο,
421 2229 475 2293 καί
500 2229 561 2293 οὐκ
584 2230 694 2311 ἀγρῶν
715 2231 822 2312 ἥψατο
843 2229 945 2312 μάνον
967 2232 987 2314 ἢ
1010 2230 1141 2313 χωρίων
1163 2226 1217 2293 καί
1239 2229 1358 2302 οἰκιῶν,

239 2330 316 2395 ἀλλά
344 2330 397 2395 καί
424 2331 641 2417 ἀναθημάτων
668 2355 699 2397 τε
725 2332 780 2397 καί
801 2333 934 2398 πλακῶν
956 2332 1010 2397 καί
1031 2331 1149 2397 κιόνων
1169 2330 1357 2397 πολυτελῶν.

240 2546 256 2599 'l
274 2546 329 2605 οἷος
347 2547 363 2598 ἀ
379 2545 501 2615 βασιλεὺς
521 2546 657 2606 Βασίλειος
676 2545 704 2601 τὸ
723 2544 791 2615 ἦθος
809 2546 909 2615 ἐγένετο
920 2544 985 2613 μετὰ
997 2544 1045 2615 τὴν
1056 2545 1198 2600 κατάλυσιν
1211 2553 1257 2599 τοῦ
1272 2546 1357 2599 Φωκᾶ

239 2615 287 2671 ΟΕ
365 2617 473 2676 9ὅιτως
492 2616 536 2670 τὸν
553 2617 796 2685 παρακοιμώμεναν
814 2618 831 2671 ά
846 2617 969 2688 βασιλεὺς
986 2616 1192 2672 ἀπεσκευάσατο.
1219 2616 1265 2672 καί
1282 2618 1356 2677 ὅπως

238 2688 303 2757 πρὸς
321 2688 423 2743 ἐκεῖνον
441 2688 545 2757 ἀιετίτλη
567 2687 614 2743 ΟΕ

293 2880 307 2934 1
327 2881 356 2949 γί
373 2901 411 2936 τοι
430 2878 483 2936 ΑΟ
502 2880 542 2949 (γε’
560 2902 582 2934 τι
601 2880 648 2949 D),
666 2881 754 2949 μέντοι
773 2880 846 2950 Ewp
971 2880 1165 2951 ssnpouipsps]
1182 2878 1274 2972 προίσί
1293 2879 1320 2934 D

292 3007 310 3060 ἀ
328 3006 412 3075 τούτῳ
427 3004 544 3077 prDi
563 3006 660 3069 (Psell.
681 3023 709 3077 p.
729 3006 771 3074 12,
791 3007 828 3074 9),
847 3007 937 3061 τούτου
951 3006 987 3073 D,
1006 3015 1081 3062 τοῦτο
1100 3004 1127 3060 Α
1196 2974 1217 3059 ἀ
1235 3004 1267 3072 C,
1284 3004 1357 3074 παρὰ

292 3078 346 3145 Cw,
366 3095 394 3131 ν.
413 3078 452 3132 ad
471 3077 555 3132 XVII
574 3078 599 3146 8,
620 3078 653 3133 17
785 3078 802 3133 5
820 3081 982 3147 κτεινόμενοι
1001 3077 1032 3144 C,
1050 3079 1195 3132 ε’κτείνοντο
1214 3092 1289 3131 corr.
1310 3075 1357 3135 Cve

291 3150 350 3219 76]
370 3152 398 3204 οἱ
414 3149 445 3217 C,
465 3166 540 3203 corr.
562 3148 607 3207 Οτι
719 3148 881 3218 ἀλλοιότερος
900 3148 1009 3206 AOWo
1028 3149 1087 3218 lai,
1106 3149 1265 3219 ἀγριώτερος
1283 3148 1356 3218 Ewp

327 3224 449 3291 σοβαρῶς
468 3220 491 3275 Β
576 3242 603 3275 τε
623 3237 679 3275 om.
699 3220 726 3273 D
816 3222 847 3275 11
867 3222 940 3293 αὐτῷ
960 3237 1016 3276 om.
1036 3220 1064 3275 D
1153 3220 1224 3289 ἥχάε
1242 3222 1299 3273 τότε
1319 3218 1356 3289 ρ*

327 3302 365 3361 τῷ
384 3292 461 3361 ἀνδρί
480 3292 507 3345 D
580 3291 614 3345 14
632 3292 678 3346 καί
697 3294 781 3361 prius
792 3308 858 3346 σπι.
869 3293 943 3363 pr
1017 3293 1051 3348 15
1069 3292 1270 3362 κατεψηφίσατο
1283 3290 1356 3360 Ewp

292 3365 326 3419 16
344 3366 439 3488 ἕκτίνχο
449 3364 554 3490 ἓγχρθ
582 3363 649 3489 317
667 3364 789 3433 ἀφείλετο
810 3361 908 3435 ΒΟντρ
988 3366 1080 3433 μόνων
1098 3380 1137 3418 ex
1157 3365 1241 3431 μόνον
1258 3367 1357 3417 mutat

292 3436 324 3505 E,
343 3452 372 3488 v.
392 3450 410 3488 a
556 3476 563 3499 ,
603 3437 615 3488 l

238 3629 320 3698 quod
341 3628 462 3697 quidem
482 3628 668 3696 probabilius
687 3632 740 3694 est,
759 3637 908 3697 putavere
921 3627 1055 3681 toxicum
1069 3627 1098 3682 ei
1110 3642 1129 3680 a
1142 3626 1253 3681 Basilio
1273 3641 1357 3696 pras

238 3706 386 3771 paratum,
407 3716 425 3751 n
444 3700 590 3767 pincerna
609 3704 752 3767 corrupto
772 3698 986 3767 largitionibus
1004 3698 1096 3767 regiis
1109 3698 1203 3753 inissa
1216 3699 1357 3767 propina·

194 3770 227 3825 17
239 3778 310 3825 turn.
348 3770 467 3825 Bardas
494 3772 580 3825 strati
607 3771 759 3825 exercitus
785 3770 949 3838 dissipatus
979 3774 1033 3831 ast,
1060 3770 1127 3823 aliis
1155 3770 1259 3835 cassis,
1290 3768 1357 3822 aliis

239 3844 343 3912 captis,
363 3843 393 3895 in
434 3857 490 3895 uos
509 3856 563 3895 rsx
584 3858 639 3897 suo
660 3842 810 3895 arbitratu
827 3840 1049 3895 animadvertit.

195 3914 229 3968 18
329 3914 401 3967 Erat
445 3913 549 3967 asilius
571 3919 705 3968 mutatus
729 3914 768 3967 ab
792 3912 851 3980 illo,
881 3913 933 3981 qui
955 3912 1039 3980 prius
1063 3912 1173 3977 iuerat,
1202 3916 1232 3965 st
1257 3915 1358 3967 factus

239 4000 397 4054 arrogans,
417 3984 546 4039 demisso
560 3986 693 4054 ingenio,
712 3985 855 4053 suspicax
873 3984 904 4037 in
918 3998 1029 4049 ornnes,
1047 3982 1206 4038 iracundia
1218 3985 1357 4037 inexora-

195 4055 230 4109 19
240 4056 304 4124 bili3
333 4071 434 4125 nequa
456 4057 487 4109 in
506 4056 581 4111 alios
601 4056 769 4120 dumtaxat,
796 4054 850 4111 sed
869 4055 900 4107 in
919 4055 1017 4123 ipsum
1037 4056 1126 4108 stiam
1150 4056 1358 4124 praepositum

241 4127 370 4182 cubiculi
390 4127 480 4183 talem
500 4143 532 4182 ss
552 4128 700 4196 praebuit.
738 4126 834 4191 Quam
854 4141 920 4180 eum
941 4125 1055 4179 odisset
1072 4130 1165 4194 atqua
1177 4127 1243 4195 ipss
1255 4141 1358 4180 rerum

194 4198 231 4253 20
241 4198 530 4253 administrationem
560 4214 720 4268 capessere
747 4198 847 4265 vellet,
876 4202 940 4251 turn
969 4212 988 4249 a
1013 4197 1199 4266 reipublicae
1225 4198 1358 4267 nogotiis

240 4271 377 4335 removit,
402 4276 465 4324 tum
485 4270 573 4323 domo
593 4285 661 4324 aum
683 4269 788 4338 agredi
808 4270 906 4322 valuit
923 4282 981 4323 nec
999 4268 1094 4323 multo
1113 4274 1181 4337 post
1199 4268 1358 4337 relegavit,

196 4340 229 4396 21
240 4346 303 4395 tum
324 4344 399 4395 aclis
418 4342 484 4395 eius
504 4342 643 4396 omnibus
662 4340 836 4410 perquisitis
854 4340 1000 4409 pleraque
1018 4339 1149 4406 rescidit,
1174 4345 1238 4394 tuin
1256 4354 1359 4394 mona·

241 4413 363 4471 sterium
384 4414 423 4467 ab
443 4428 479 4467 so
499 4417 686 4469 exstructum
705 4412 838 4467 maxima
857 4426 897 4467 ex
916 4416 1003 4481 parta
1021 4412 1163 4481 spoliavit
1187 4426 1245 4468 neu
1266 4426 1359 4482 agros
