3050 4775
522 394 683 453 ARABVM
703 392 864 454 CLADES.
1198 394 1252 452 253

131 580 262 663 μεγάλῳ
285 580 303 645 δ
327 580 560 663 ἀρχισατράτιης
582 580 730 663 Σολιμᾶς.
778 578 855 643 ἀλλὰ
882 579 937 650 τὰς
963 578 1023 661 μὲν
1045 585 1123 663 νῆας
1146 579 1340 641 cinerato

131 684 187 754 τάς
209 708 241 746 τε
262 684 518 766 πολεμιστηρίους
544 684 599 753 τάς
626 707 657 747 τε
685 682 750 765 μὴν
779 682 958 765 φορτηγοὺς
986 688 1032 763 τῷ
1060 682 1150 764 ὕγρῴ
1177 682 1253 765 πυρί

127 783 279 869 Ῥωμαῖοι
305 787 593 869 κατετροπώσαντο,
626 786 707 848 ὥστε
734 783 870 854 πολλοὺς
898 788 964 847 τῶν
993 784 1172 866 ναυάρχων,
1205 780 1253 847 ὧν

133 889 226 950 οὔπω
248 894 314 957 ταῖς
336 888 425 951 ναυσί
448 888 484 951 τὸ
508 888 605 970 ὑγρὸν
626 893 717 951 τοῦτο
739 886 930 968 προσήγγισε
951 892 1025 968 πῦρ,
1060 886 1254 968 ἀπογνόντας

105 996 331 1073 οπροσροῆναι
358 998 405 1072 τῴ
426 991 550 1073 βασιλεῖ.
595 989 631 1053 τδ
653 988 711 1071 μὲν
735 986 793 1051 οὗν
814 988 920 1051 πλείω
941 994 998 1050 τοῦ
1019 994 1166 1052 ναυτικοῦ
1189 994 1298 1051 τῶνῖθ

135 1093 281 1173 Ἀράβων
309 1094 393 1155 οὕτω
419 1092 554 1156 διώλετο.
599 1096 663 1161 τοῖς
685 1091 721 1154 δὲ
742 1090 822 1153 κατὰ
846 1089 1000 1153 Βιθυνίαν
1022 1091 1128 1153 αὐτῶν
1150 1091 1298 1174 iptio-27

133 1196 241 1277 μένοις
263 1194 426 1277 ἐντυχόντα
446 1194 658 1279 στρατεύματα
671 1192 840 1276 Ῥωμαίων
854 1193 933 1267 πεζὰ
947 1193 1084 1264 πολλοὺς
1100 1194 1254 1276 διεφδάρ-

134 1320 236 1379 κασιν,
271 1298 351 1359 ὥστε
384 1297 549 1367 κάκείνους
582 1297 741 1367 δείσαντας
773 1295 957 1378 ἀποδρᾶναι.
1002 1296 1076 1365 τοὺς
1108 1296 1143 1359 δὲ
1173 1295 1253 1359 κατὰ
1263 1305 1299 1359 28
1317 1302 1446 1361 wlnea

139 1397 272 1481 Θρᾴκην
293 1400 501 1482 τυγχάνοντας
512 1399 652 1481 Ἄραβας
668 1398 757 1482 λιμδς
773 1399 872 1471 ἐπίεζε
887 1398 1046 1479 κραταιός,
1069 1398 1147 1462 ὅθεν
1163 1399 1253 1463 οὐδε-

90 1502 190 1571 1ονδς
211 1505 276 1565 τῶν
298 1500 504 1585 θνησκόντων
526 1498 623 1584 ζῴων
645 1502 818 1583 ἀπείχοντο.
863 1500 980 1582 λέγεται
1002 1500 1037 1564 δὲ
1055 1500 1108 1563 καλ
1124 1507 1255 1583 σαρκῶν

135 1604 348 1685 ἀνθρωπείων
362 1602 477 1673 αὐτοὺς
492 1604 647 1686 ἅψασθαι.
693 1602 770 1666 ἀλλὰ
786 1603 840 1665 καὶ
855 1602 949 1673 νόσος
971 1603 1077 1672 αὐτοῖς
1100 1603 1299 1686 ἐνέσκηψεῖθ

134 1706 259 1787 λοιμικὴ
283 1706 336 1768 καί
360 1706 518 1789 διέφθειρε
543 1706 753 1788 παμπληθεῖς.
798 1705 852 1768 καί
875 1704 1055 1787 Βούλγαροι
1079 1706 1113 1768 δὲ
1136 1706 1300 1775 τούτοις30
1317 1714 1345 1768 D

135 1807 318 1877 ἕττελδόισες
345 1806 462 1878 πολλὰς
489 1808 662 1891 χιλιοστύας
689 1808 805 1890 αὐτῶν,
838 1808 885 1878 ὥς
916 1831 993 1878 τινες
1025 1808 1254 1891 ἀναγράφουσι,

134 1911 294 1993 μαχαίρας
316 1910 425 1973 ἔθεντο
447 1911 677 1993 παρανάλωμα.

91 2030 127 2085 15
221 2010 262 2076 Ὃ
285 2012 319 2075 δὲ
340 2018 395 2095 τῆς
417 2012 561 2083 Σικελίας
588 2012 758 2096 στρατηγὸς
781 2012 915 2095 Σέργιος
942 2012 999 2095 τὴν
1023 2018 1088 2077 τῶν
1112 2014 1286 2097 Ἀράβων2

136 2115 214 2178 κατὰ
241 2122 297 2197 τῆς
323 2116 447 2185 πόλεως
474 2115 630 2179 ἕσέλεοσιν
658 2114 751 2197 γνοὺς
779 2115 833 2178 καί
861 2116 908 2185 ὡς
930 2116 963 2179 ἐν
986 2116 1196 2197 ἀκαταστασίᾳ
1218 2115 1255 2178 τὰ

132 2216 300 2300 Ῥωμαίων
321 2217 516 2300 τυγχάνουσι,
540 2218 696 2301 τυραννίδι
719 2216 774 2280 καλ
795 2217 890 2288 αὐτὸς
912 2218 1102 2300 ἐπεχείρησε·
1126 2220 1180 2282 καί
1195 2220 1283 2302 οὐχῖ

138 2447 171 2502 15
181 2449 228 2588 ίίρίιηι
247 2447 263 2500 δ
281 2447 422 2574 σᾶρητηγδς
441 2448 565 2508 Σικελίας
593 2447 620 2516 (δ
638 2455 682 2518 τῆς
702 2448 816 2508 σικιλίσς
835 2448 977 2517 στρατηγὸς
995 2449 1030 2516 Ε)
1057 2451 1189 2518 τυραννίδι
1210 2450 1255 2503 ἀττ-

137 2540 180 2588 ιχι
226 2539 271 2572 σεν

192 2737 206 2789 1
227 2738 336 2804 σολιμᾶς
354 2736 415 2804 AR,
434 2737 548 2806 σολυμᾶς
567 2737 678 2808 DEwp,
700 2738 812 2805 σολιμᾶν
831 2737 954 2808 Niceph.
975 2737 1056 2809 Cpol.
1077 2755 1105 2808 p.
1124 2739 1168 2800 53,
1187 2739 1221 2793 17

191 2809 209 2862 δ
226 2810 345 2862 πλεῖστον
363 2807 406 2862 Dt'
425 2810 527 2863 invitis
546 2808 647 2879 Apr
743 2810 759 2863 7
778 2808 853 2890 πεζὰ]
872 2810 956 2865 πολλὰ
976 2810 998 2862 Β
1087 2811 1105 2864 8
1124 2812 1257 2873 ζείσαντας

192 2880 357 2942 δείοίοζΕ
428 2881 572 2948 ἀποδράναι
585 2878 696 2950 Apr,
716 2880 849 2934 corr.Dt
923 2882 957 2934 10
975 2881 1114 2950 ῦ11γὰρΕ
1186 2887 1257 2936 ante

191 2959 301 3019 σαρκῶν
315 2951 459 3018 81111151),
480 2952 537 3007 del.
551 2951 602 3009 Dw
676 2953 704 3005 ll
722 2953 768 3006 καί
782 2967 837 3005 om.
852 2952 916 3021 w*p
930 2953 1033 3006 invitis
1046 2951 1099 3005 AR
1170 2955 1258 3012 νόσοις

191 3023 227 3150 ἓ,
248 3038 324 3076 corr.
344 3021 395 3080 Dw
466 3023 643 3092 δσίσκηιμεΕ
718 3024 751 3076 12
769 3022 883 3082 πολλοὺς
902 3023 933 3088 C,
958 3024 1012 3077 sed
1030 3045 1071 3093 γρ.
1089 3024 1258 3092 παμπληθεῖς

217 3121 242 3152 rn

138 3329 227 3394 trapa
256 3324 366 3376 amari
395 3337 464 3376 cum
496 3322 591 3378 classo
622 3323 762 3376 maxima.
799 3321 912 3377 Verum
944 3338 1040 3376 naves
1059 3338 1164 3377 eornm
1196 3325 1302 3381 tamid

138 3395 262 3449 bellicas
282 3409 373 3464 quam
387 3395 543 3448 onerarias
554 3393 672 3450 Graeco
683 3395 748 3464 igni
759 3393 887 3448 Romani
901 3397 1107 3464 reppulerunt,
1128 3401 1163 3449 nt
1173 3395 1259 3449 multi

138 3465 294 3532 nauarchi,
315 3480 442 3534 quorum
462 3463 700 3520 navesGraecus
719 3465 770 3519 ille
788 3465 1012 3535 ignisnondum
1032 3467 1184 3536 attigerat,
1204 3481 1259 3536 per

139 3537 380 3607 desperationem
417 3551 449 3590 se
484 3539 657 3590 conterrent
691 3536 730 3589 ad
762 3551 875 3606 regern.
921 3537 956 3591 Et
984 3538 1041 3592 boo
1069 3539 1158 3591 modo
1187 3540 1303 3607 pars26

138 3609 236 3662 maior
256 3607 358 3662 classis
376 3607 527 3662 Arabicae
546 3608 643 3678 periit.
680 3607 898 3676 Romanaeque
916 3607 1053 3677 legiones
1073 3624 1133 3675 eoa,
1157 3611 1207 3678 qui
1227 3609 1303 3665 inat

139 3678 283 3749 Bithynia
311 3679 548 3748 praedabantur,
576 3693 743 3748 aggressae
772 3679 882 3733 multos
902 3681 1087 3746 occiderunt,
1116 3686 1151 3734 ut
1169 3687 1199 3734 et
1217 3680 1259 3734 illi

140 3751 237 3804 territi
264 3751 458 3820 auiugerent,
496 3749 553 3813 Qui
580 3756 682 3804 autem
711 3755 799 3803 erant
820 3750 850 3803 in
879 3749 1010 3805 Tbracia
1028 3751 1146 3806 Arabes
1174 3753 1304 3808 tanta28

141 3824 221 3876 fame
235 3822 460 3890 premebantur,
478 3827 512 3875 ut
526 3821 704 3890 corporibus
718 3821 894 3874 animalium
904 3828 1092 3877 mortuorum
1112 3838 1174 3876 non
1193 3823 1259 3877 aba·

141 3894 287 3960 tincreut3
316 3894 389 3962 quia
412 3893 503 3947 etiam
522 3892 662 3946 humanis
681 3892 825 3946 carnibus
845 3893 1017 3948 admovisse
1035 3908 1144 3947 manus
1162 3894 1259 3962 perbi-

140 3965 260 4019 bentur.
296 3963 461 4019 Praeterea
480 3963 652 4032 pestilentia
670 3979 723 4018 eos
748 3964 861 4017 invasit
880 3979 1047 4034 eorumque
1065 3965 1172 4018 turbas
1191 3967 1304 4021 con-29

140 4037 240 4090 sertim
260 4035 436 4105 absumpsit,
473 4034 521 4088 Ad
539 4034 615 4088 haeo
629 4033 754 4104 Balgari
774 4050 826 4088 eos
845 4037 984 4105 aggressi
1003 4036 1098 4089 multa
1117 4036 1206 4102 milia,
1226 4038 1305 4091 uteo

142 4107 265 4176 quidam
283 4114 418 4174 narrant,
439 4105 518 4160 ierro
537 4104 737 4160 trucidarunt.

230 4177 256 4231 2.
292 4177 412 4232 Interea
422 4175 556 4246 Sergius,
576 4175 695 4231 Siciliae
715 4184 847 4247 praetor,
866 4178 990 4247 cognita
1007 4178 1092 4232 urbis
1102 4177 1260 4232 obsidione

140 4249 272 4304 Arabica
300 4254 330 4304 ct
359 4248 477 4318 imperii
502 4246 629 4301 Romani
658 4249 889 4316 perturbatione
917 4248 1110 4318 tyrannidem
1138 4254 1167 4303 et
1195 4251 1261 4318 ipse

141 4321 304 4388 affectavit,
333 4318 471 4375 nonsibi
498 4320 555 4388 ipsi
573 4324 721 4388 usurpato
749 4319 831 4388 regis
860 4320 955 4384 titulo,
983 4320 1036 4374 sed
1054 4321 1287 4374 ministrorum

142 4406 265 4446 suorum
277 4390 428 4462 quendam
440 4387 623 4460 Gregorinm
637 4392 756 4444 curarit
776 4407 794 4444 a
814 4391 926 4460 populo
941 4407 1042 4462 regem
1056 4391 1259 4460 salutandum,
