3050 4775
338 452 557 515 BRYENNIVS
578 451 793 514 CAECATVR.
831 452 1004 513 COMNENI
1024 450 1104 511 RES.
1228 452 1281 511 659

162 637 202 721 ἦν
223 636 282 721 μὲν
306 638 366 723 γάρ
388 646 435 722 τῷ
457 646 670 722 στρατιωτικῷ
692 638 784 703 παντὶ
807 640 910 723 ἔφεσις
933 638 1122 721 στρατιώτην
1144 637 1200 722 τήν
1222 638 1281 719 βα·
1293 642 1327 696 14

162 741 273 805 σίλειον
300 740 402 825 ἀρχὴν
428 742 675 825 περιζώσασύαι.
721 743 838 825 ἤχθετο
868 740 929 825 γὰρ
956 740 1019 805 dno
1044 745 1100 805 τοῦ
1123 740 1282 805 πολιτικοῦ
1293 742 1327 799 15

160 844 280 926 μέρους
303 842 491 928 ἀρχόμενον,
524 841 590 908 ἀλλ’
615 846 675 909 οὐκ
699 845 828 928 ἐθάρρει
850 842 905 907 τὸν
927 844 1033 908 πύύον
1056 846 1100 916 εἷς
1120 848 1283 927 προῦπτον

162 944 340 1030 ἐξενεγκεῖν,
373 949 506 1030 ἔκρυπτε
535 946 570 1010 δὲ
597 946 652 1010 τὸν
680 949 784 1031 ἔρωτα
807 947 861 1011 καί
884 948 979 1011 ώόινε
1001 946 1055 1011 τὸν
1077 946 1147 1030 περί
1170 946 1282 1011 τούτου

135 1047 291 1114 ὅσκσπόν.
338 1048 406 1114 ἐπεὶ
431 1048 465 1113 δὲ
491 1048 546 1115 τὸν
573 1048 748 1135 Κομνηνὸν
774 1050 931 1135 τυραννίδι
959 1050 1193 1134 ἐπιχειρήσαντα
1225 1074 1282 1133 με·
1292 1054 1327 1108 16

161 1152 351 1235 μαύήκεσαν
373 1152 428 1215 καὶ
450 1152 546 1217 αὐτὸν
568 1153 627 1236 μὲν
650 1159 828 1237 κορυφαῖον
851 1152 928 1218 εἶναι
957 1160 1013 1218 τοῦ
1042 1152 1213 1237 ὁράματος,
1245 1150 1282 1216 τά

163 1254 198 1318 dl
212 1255 359 1338 κράτιστα
374 1260 439 1319 τῶν
454 1260 555 1339 γενῶν
569 1262 624 1342 τῆς
643 1256 864 1340 ἐπιχειρήσεως
888 1256 976 1339 αὐτῷ
998 1255 1282 1339 συλλαμβάνεσθαι,

161 1354 242 1422 τοῦτ’
260 1358 336 1422 εἶναι
357 1358 393 1423 τὸ
416 1358 470 1423 ὑπ’
487 1360 593 1424 αὐτῶν
614 1360 833 1444 μελετώμενον
857 1358 1012 1433 δόξαντες,
1036 1356 1211 1441 ἁρπάζουσι
1229 1357 1283 1423 τὸν

162 1461 274 1544 καιρὸν
300 1460 353 1526 καί
382 1464 513 1534 ἕκαστος
534 1461 589 1527 τὸν
610 1464 708 1534 πέλας
729 1462 919 1547 πραφύάσαι
942 1462 1092 1546 ἠπείγετο.
1139 1458 1283 1526 ἐντεῦθεν
1294 1462 1370 1520 170

3 1577 29 1631 Ι)
46 1576 88 1630 lv
103 1572 208 1647 187qu
223 1565 386 1649 Κσμνηνῴ
408 1568 519 1649 βαρεῖα
543 1568 711 1651 συνέστηκε
730 1566 878 1650 δύναμις·
903 1566 1019 1637 στείλας
1035 1563 1093 1630 οὖν
1107 1563 1187 1629 κατὰ
1204 1562 1281 1648 ξύμ-

161 1690 266 1732 πασαν
287 1668 344 1752 τήν
366 1667 451 1751 ἑῴαν
473 1667 546 1740 τοὺς
568 1669 693 1753 φάρσος
716 1669 889 1753 ἐπράττετο,
923 1669 1141 1753 ἀπούεκτήρας
1162 1667 1283 1732 τούτων

161 1771 257 1845 τάξας
287 1771 341 1835 καλ
371 1776 436 1836 τῶν
463 1773 716 1855 προσαγομένων
744 1773 948 1857 ἀπσγραηνεῖς.
994 1770 1056 1835 εἶτα
1084 1772 1165 1854 ἄρας
1191 1769 1283 1855 ἀπῄει
1293 1774 1327 1828 18

160 1873 242 1957 πρὸς
258 1874 394 1938 Νίκαιαν
410 1875 472 1958 ήύη
493 1874 636 1959 βασιλεὺς
658 1873 741 1958 πρὸς
761 1876 890 1939 πάντων
912 1878 977 1939 τῶν
999 1872 1056 1939 σὺν
1078 1874 1166 1956 αὐτῷ
1188 1876 1436 1957 arpa-wissam

160 1978 341 2060 τευσμὲνων
364 1978 565 2062 ἀναρρηύείς,
599 1978 713 2062 ταύτης
736 1977 890 2061 ἐγκρατὴς
913 1978 1056 2061 γενέσθαι
1078 1974 1282 2061 βουλόμενος,

119 2076 199 2143 15ἴν’
228 2082 294 2164 ἔχοι
321 2079 377 2165 τήν
404 2081 494 2145 πόλιν
522 2080 714 2165 ὁρμητήριον
740 2082 761 2164 ἢ
789 2080 1017 2165 κρησφύγετον,
1050 2079 1212 2163 ὁποτέρως
1244 2080 1283 2143 ἂν

162 2184 246 2268 ῥίψῃ
273 2183 310 2247 τὰ
338 2191 394 2268 τῆς
419 2183 515 2267 τύχης
537 2184 640 2268 αύτῷ·
674 2182 728 2248 καί
759 2182 815 2267 τήν
843 2182 902 2267 μὲν
930 2183 1090 2267 λαμβάνει,
1124 2181 1219 2252 αύτὸς
1248 2180 1327 2245 ὅὲ19

163 2286 311 2370 φρουράν
340 2288 502 2371 ἀρκοῦσαν
531 2286 762 2370 ἐγκαταστήσας
791 2288 871 2371 αὐτῇ
899 2286 962 2369 πρὸ
991 2286 1117 2351 δώδεκα
1147 2285 1283 2349 σταδίοιν

160 2391 274 2475 ταύτης
296 2391 577 2474 στρατοπεάπίεται.

251 2493 316 2558 Καὶ
338 2494 358 2558 ὅ
380 2493 523 2579 βασιλεὺς
546 2493 581 2558 dd
596 2493 726 2579 Μιχαὴλ
748 2491 804 2566 τάς
827 2491 954 2565 dorcade
976 2493 1102 2577 ἀγείρας
1125 2491 1328 2575 desderando

163 2726 197 2780 12
215 2726 252 2779 ὅτι
270 2723 400 2795 ἐκράτησε
418 2732 463 2796 τῆς
483 2725 552 2795 (om.
572 2723 606 2793 C)
623 2725 741 2786 Νικαίας
758 2723 775 2780 ά
792 2725 932 2795 Κομνηνάς
952 2723 999 2781 ΟΕ

217 2942 230 2995 l
251 2941 411 3011 στρατιώτης
429 2939 457 2995 D
529 2941 547 2995 2
564 2941 711 3011 πολεμικοῦ
729 2938 753 2994 Β
826 2939 843 2994 5
862 2939 1060 3010 ἐπιχειρήσαντα
1079 2936 1205 3009 prDt',
1225 2937 1281 2992 ἔπι·

214 3017 361 3083 χειρίσαντα
381 3014 432 3068 ΑΕ
527 3013 544 3068 6
562 3013 626 3068 αύτύ
645 3012 671 3066 D
768 3013 786 3067 8
805 3013 892 3067 αὐτῶν
911 3009 1036 3138 Owth‘,
1058 3010 1120 3065 αὐτὸ
1139 3009 1174 3077 Α,
1193 3009 1281 3064 αὐτῶν

216 3101 254 3140 ex
273 3085 352 3139 αὐτὸν
371 3101 446 3139 corr.
467 3085 490 3138 E
589 3085 606 3138 9
623 3083 781 3153 πραφύάσαι
800 3107 821 3137 τ.
839 3084 918 3142 πέλας
938 3081 961 3135 Β
1077 3083 1111 3135 12
1129 3081 1234 3150 γράψας
1253 3079 1280 3134 Ι)

251 3156 436 3226 κομιζομένων
455 3155 479 3210 Β
587 3157 621 3210 13
640 3155 688 3209 σύν
706 3156 779 3224 αὕτη)
800 3171 856 3211 om.
876 3153 903 3206 D
1013 3153 1046 3207 15
1065 3153 1113 3223 ἔχη
1135 3151 1229 3222 E(wp)

251 3229 447 3299 σκρηήφάγετσν
464 3227 492 3281 Ι)
566 3227 600 3281 17
618 3227 685 3297 αὐτῇ
703 3225 831 3297 prDt,
849 3224 930 3296 αὐτὴν
949 3223 984 3294 Α,
1003 3225 1077 3280 αὐτώ
1096 3223 1126 3292 Ο,
1147 3239 1223 3279 corr.
1235 3222 1281 3283 Cn

162 3461 261 3531 ipsum
281 3461 461 3516 confluente.
499 3458 645 3515 Omnibus
664 3460 743 3514 enim
756 3459 900 3514 militibus
913 3459 944 3512 in
962 3458 1041 3513 votis
1054 3463 1127 3525 erat,
1150 3463 1184 3512 ut
1197 3455 1281 3511 miles
1291 3451 1326 3507 14

162 3534 289 3603 imperio
317 3533 474 3602 potiretur.
511 3531 587 3584 Nam
615 3531 727 3600 iniquis
754 3532 863 3584 animis
886 3535 993 3601 togato
1013 3531 1162 3599 parebant
1181 3543 1281 3598 neque
1291 3525 1326 3579 15

162 3608 263 3658 tamen
293 3604 475 3657 desiderium
503 3617 591 3656 suurn
620 3602 751 3673 prodere
779 3603 845 3656 ausi
871 3601 1068 3672 cupiditatem
1092 3600 1180 3667 illam,
1209 3599 1281 3653 dum

162 3676 364 3730 maturandae
382 3676 426 3728 rei
446 3674 607 3728 offerretur
626 3674 753 3739 occasio,
774 3674 928 3743 tegebant.
966 3672 1078 3728 Verum
1091 3673 1144 3725 ubi
1158 3670 1281 3726 Oomne-
1292 3667 1326 3721 16

164 3762 235 3800 num
273 3761 402 3816 ragnum
439 3746 598 3802 affectasse
629 3749 842 3814 compererunt
873 3759 1004 3812 euinque
1035 3744 1148 3813 primas
1179 3745 1281 3812 partes

163 3831 265 3888 agere,
285 3834 304 3871 a
323 3818 492 3872 fortissimis
510 3817 654 3886 gentibus
671 3816 818 3884 adiutum,
837 3815 867 3868 id
888 3816 1008 3870 demum
1027 3829 1093 3869 esse
1111 3813 1178 3880 rati,
1199 3812 1281 3882 quod

164 3891 272 3943 animis
297 3889 351 3942 diu
374 3891 551 3958 agitassent,
580 3895 704 3957 arrepta
728 3889 955 3957 opportunitate
978 3886 1029 3940 alii
1049 3886 1124 3940 alios
1144 3889 1279 3938 antever-

164 3967 229 4015 tere
254 3965 466 4030 properarunt.
504 3958 592 4014 Unde
611 3958 784 4013 Comnenus
807 3959 946 4011 maximis
971 3958 1066 4026 copiis
1090 3955 1280 4025 comparatis,
1292 3952 1326 4008 17

165 4034 278 4087 tributa
297 4048 351 4102 per
369 4037 466 4085 totum
480 4030 632 4084 Orientem
651 4031 805 4099 exigebat,
825 4030 1037 4098 quaestoribus
1057 4034 1087 4082 et
1100 4026 1281 4096 inscriptori·

164 4106 222 4157 bus
241 4119 354 4169 corum,
375 4117 454 4171 quae
473 4102 565 4155 allata
578 4105 686 4166 essent,
706 4101 884 4155 constitutis.
923 4099 1041 4154 Deinde
1054 4097 1197 4154 Nicaeam
1216 4095 1326 4152 ver-18

164 4191 217 4229 sus
234 4177 328 4229 movit
347 4176 406 4227 iam
424 4190 479 4227 ror
499 4173 538 4226 ab
558 4173 697 4227 omnibus
716 4173 779 4226 suis
792 4173 934 4225 militibus
954 4170 1131 4241 appellatus,
1151 4185 1188 4224 ea
1204 4169 1281 4223 urbe

165 4249 255 4317 potiri
278 4248 413 4315 cupiens,
440 4251 474 4298 ut
498 4245 623 4298 haberet
645 4243 729 4297 unde
747 4243 985 4313 progrederetur
1008 4256 1131 4311 quoque
1150 4239 1281 4294 velutin

165 4320 282 4388 asylum
307 4317 459 4387 quoddam
480 4317 589 4385 quovis
608 4319 722 4369 eventu
740 4317 933 4383 conl‘ugcret3
962 4328 1060 4382 caque
1084 4316 1233 4382 occupata
1251 4316 1282 4366 et
1291 4311 1326 4366 19

166 4391 244 4445 lueto
265 4388 416 4460 praesidio
436 4388 585 4457 imposito,
604 4386 763 4441 duodecim
783 4386 855 4440 inde
874 4386 978 4440 stadiis
997 4389 1097 4439 castra
1116 4384 1209 4454 ponit.

173 4491 177 4496 ·
254 4461 319 4516 Rex
343 4476 418 4516 uero
436 4459 573 4521 Michaeb
602 4457 840 4512 occidentalibus
865 4456 1035 4528 legionibus
1058 4457 1233 4510 convocatis
1251 4458 1281 4510 et
1290 4454 1326 4512 20
