3050 4775
445 400 596 457 IVLIANI
614 399 848 458 APOS'I'ATAE
867 399 977 458 MORS.
1236 407 1271 460 69

149 581 240 665 παρὰ
262 587 327 646 τῶν
349 583 453 666 φίλων
476 583 536 648 οὐκ
559 585 684 668 ἤχθετο.
736 582 777 667 ἦν
800 584 834 648 δὲ
856 585 910 649 καῖ
932 585 1136 670 παντοδαπῆς
1159 589 1273 671 σοφίας
1282 594 1317 650 27

150 685 342 769 μετειληχὼς
364 685 418 750 καῖ
439 686 569 769 μάλιστα
593 693 649 771 τῆς
662 689 884 770 περιποτέρας,
907 687 979 770 περὶ
1001 687 1057 772 τὴν
1080 689 1198 754 δίαιταν
1221 692 1271 773 ἐγ-

151 789 280 872 κρατής,
315 788 396 853 ὥστε
418 789 472 852 καλ
493 788 531 853 τὰ
553 787 672 872 φυσικὰ
695 795 792 854 ταῖνια
816 791 1045 874 διαφυγγάνειν,
1082 792 1196 874 ἔρυγὰς
1219 793 1273 857 καί

149 891 207 962 τὰς
229 891 381 973 ἐκκρίσεις
402 891 458 963 τὰς
481 890 532 957 διὰ
555 891 716 974 πόματος.
768 894 851 975 ἔλεγε
874 893 909 958 δὲ
931 900 1045 978 χρῆναι
1067 893 1121 960 τδν
1143 895 1271 979 φιλόσο-
1282 903 1468 960 28P1128A

123 995 226 1077 ὅσον,
258 995 288 1058 ελ
306 993 374 1058 οίόν
395 1018 437 1076 τε,
468 994 552 1078 μηδὲ
574 995 729 1060 ἀναπνεῖν.
775 997 853 1080 φασί
876 997 911 1062 δὲ
934 996 1030 1062 αὐτὸν
1052 999 1086 1061 ἓν
1104 997 1317 1083 Ἂντιοχείᾳ29

150 1098 226 1160 ὄντα
249 1092 428 1178 ὄναρἾδεῖν
448 1097 572 1162 νεανίαν
595 1097 716 1172 ξανθὸν
738 1098 795 1182 τὴν
817 1100 921 1183 κόμην
944 1101 1090 1183 εἰρηκότα
1114 1104 1202 1186 αὐτῷ
1225 1104 1272 1174 ὡς

148 1200 207 1263 “lv
233 1199 356 1282 Φρυγίᾳ
377 1200 556 1283 τελευτῆσαί
575 1224 610 1264 σε
633 1201 713 1265 δεῖ.”
758 1201 809 1265 ὅτε
833 1200 890 1266 οὖν
913 1203 1041 1286 ἐπλήγη,
1077 1205 1170 1286 ἤρετο
1199 1203 1272 1276 τοὺς
1282 1213 1317 1268 30

148 1303 309 1386 παρόντας
330 1303 420 1375 ὅπως
443 1304 462 1367 δ
484 1303 581 1375 τόπος
602 1305 744 1368 καλοῖτο·
780 1305 826 1376 ὡς
850 1300 878 1369 δ’
903 1307 1021 1388 ἤκουσε
1048 1305 1189 1388 Φρυγίαν
1211 1331 1270 1371 κα-

149 1406 270 1470 λεῖσθαι
292 1405 397 1479 αὐτόν,
419 1407 590 1488 ἀνέκραξεν
612 1404 665 1471 “d
688 1407 761 1490 ἥλιε,
786 1407 953 1478 ἀπώλεσας
969 1407 1176 1472 Ἰουλιανόν”.
1222 1411 1271 1474 λε’·
1281 1421 1314 1474 31

107 1510 141 1563 10
149 1532 233 1590 γεται
260 1507 295 1572 δὲ
321 1505 390 1572 κατ’
414 1509 512 1593 αὐτὴν
538 1509 595 1591 τὴν
622 1510 746 1593 ἡμέραν
772 1506 849 1575 καθ’
874 1513 914 1594 ἣν
936 1511 1128 1595 ἐτελεύτησεν
1151 1512 1184 1576 ἐν
1202 1512 1271 1577 Ἀν-

147 1611 264 1694 τιοχείᾳ
279 1612 463 1695 γνωσθῆναι
477 1610 532 1676 τὸν
546 1612 688 1676 θάνατον
702 1614 809 1678 αὐτοῦ.
843 1613 909 1676 τινὰ
927 1612 987 1696 γὰρ
1003 1618 1068 1677 τῶν
1082 1619 1138 1697 τῆς
1152 1613 1272 1688 τάξεως
1281 1625 1317 1679 32

148 1719 205 1777 τοῦ
228 1714 327 1778 ἐκεῖσε
350 1714 561 1796 δικαστηρίου,
590 1714 724 1797 Ἕλληνα
747 1717 895 1780 κάκεῖνον
917 1716 970 1781 καί
993 1722 1048 1800 τῆς
1070 1717 1167 1800 αὐτῆς
1188 1717 1270 1801 δρη-

149 1817 256 1888 σκείας
276 1823 324 1899 τῷ
345 1816 523 1900 παραβότη,
560 1818 835 1900 διανυκτερεύοντα
864 1819 935 1901 περὶ
962 1818 1018 1902 τὴν
1046 1818 1194 1902 φυλακὴν
1215 1825 1271 1884 τοῦ

150 1919 278 2002 δρχειλνυ
307 1919 473 2003 συνθήκην
501 1920 644 2002 ἀστέρων
672 1921 706 1984 δν
733 1922 865 2004 οὐρανῷ
893 1921 1073 1986 δεάσασδαι
1102 1921 1271 2004 γράμματα

105 2022 348 2086 15ἒκτυνιοῦσαν
362 2023 491 2105 λέγοντα
514 2022 677 2106 “σήμερον
691 2023 725 2086 ἕν
743 2023 873 2105 Περσίδι
887 2023 1057 2095 Ἰουλιανὸς
1072 2024 1304 2108 δναιρεῖται.”Β

150 2124 382 2208 σημειωδείσης
408 2123 466 2189 οὖν
494 2131 549 2209 τῆς
575 2126 706 2209 ἡμέρας,
740 2125 819 2209 μετὰ
842 2132 937 2191 ταῦτα
962 2127 1109 2210 ἐγνώσθη
1134 2127 1179 2191 ὅτι
1201 2123 1270 2191 κατ’
1280 2141 1316 2195 33

149 2228 272 2311 ἐκείνην
298 2225 355 2311 τὴν
383 2228 505 2311 ἡμέραν
533 2227 681 2312 διῄρητο.
727 2229 781 2292 καί
804 2229 823 2292 δ
845 2228 904 2312 μὲν
925 2229 1090 2312 τριάκοντα
1119 2229 1201 2313 πρὸς
1227 2231 1316 2298 ίνί34

148 2441 246 2509 baeer*
263 2448 310 2496 τοῦ
328 2444 397 2505 (om.
416 2440 452 2509 Ε)
471 2440 574 2510 ὀνείρου
593 2440 642 2497 GE
758 2442 775 2495 9
793 2442 852 2511 περί
871 2444 982 2512 σημείου
1002 2444 1144 2513 δηλοῦντος
1163 2442 1207 2497 τόν
1226 2451 1271 2499 τοῦ

147 2513 306 2582 παραβδτου
323 2513 440 2568 θάνατον
458 2510 482 2568 C

204 2710 218 2762 1
240 2709 270 2763 ii
288 2726 345 2763 orn.
364 2706 408 2763 Di
426 2708 530 2764 Haasii
550 2711 749 2765 annotatione
769 2710 808 2777 (v.
819 2712 900 2775 νεῖ)
920 2710 959 2765 ad
976 2710 1057 2765 hunc
1070 2726 1193 2767 versum
1206 2728 1272 2783 per·

204 2798 309 2849 peram
328 2781 425 2836 relata
496 2787 566 2848 post
584 2780 614 2835 δὲ
632 2798 690 2836 om.
710 2782 755 2836 καί
774 2782 810 2850 D,
830 2782 899 2837 add.
918 2782 970 2840 Dw
1045 2785 1228 2843 παντοδαπους
1247 2782 1271 2836 Β

204 2854 223 2907 2
241 2853 270 2907 δὲ
288 2858 357 2923 post
373 2852 435 2921 περί
453 2852 522 2905 add.
541 2851 663 2922 prDi
775 2853 792 2908 3
811 2858 883 2909 ante
901 2852 996 2922 ἐρυγὰς
1015 2854 1085 2908 add.
1103 2854 1142 2914 ὥς
1158 2855 1272 2923 μάλιστα

205 2924 288 2993 pr,
306 2924 417 2990 μάλιστα
436 2923 461 2976 Ε
531 2924 549 2976 5
566 2924 632 2993 μηδ’
651 2925 675 2978 Ε
747 2926 772 2979 δ’
792 2925 816 2979 Ε
887 2926 904 2979 6
923 2925 1022 2989 ξανδδν
1040 2925 1087 2995 τὴν
1106 2928 1195 2994 κόμην
1213 2947 1271 2980 νεα-

203 2998 263 3049 νίαν
274 2994 351 3060 pr
424 2994 441 3048 ’ί
460 3002 523 3063 γοῦν
535 2993 656 3062 prDi
725 2997 743 3051 8
762 2998 861 3065 ἢκουσε
872 2994 933 3063 AR,
953 2998 1035 3065 ἤκουε
1049 3014 1096 3067 wp
1168 2997 1186 3050 9
1204 2996 1271 3066 ἥλιε]

204 3069 296 3121 immo
308 3067 388 3121 Ἥλιε
496 3068 532 3121 10
548 3067 614 3121 καθ’
631 3067 675 3137 ἣν]
693 3067 721 3121 ἕν
740 3068 758 3137 ἦ
777 3068 801 3121 Β
915 3068 947 3121 11
968 3068 1131 3137 γνωσθῆναι]
1151 3069 1271 3137 γτνίσδαι

204 3137 322 3207 γνωστὸν
340 3138 364 3191 Ε
462 3137 523 3206 τῶν]
543 3138 588 3191 τόν
606 3137 634 3191 Ι)
729 3139 764 3192 12
783 3140 828 3194 καί
848 3146 892 3209 τῆς
910 3140 991 3195 nitori
1009 3142 1156 3207 θρησκείας
1174 3140 1221 3194 bis
1241 3138 1271 3207 C,

205 3211 308 3279 itaque
332 3210 434 3275 priore
459 3209 594 3265 membro
620 3210 719 3266 deleto
743 3216 774 3265 et
798 3213 943 3265 asterisco
967 3211 1007 3265 ed
1024 3212 1105 3265 αὐτοῦ
1124 3212 1221 3281 posito
1241 3211 1272 3264 in

204 3296 301 3351 marg.
321 3279 344 3337 C
363 3280 432 3335 add.
452 3280 532 3351 αὐτῆς
554 3282 606 3336 Wo
681 3282 715 3336 16
734 3285 864 3353 σημείσης
883 3283 907 3337 Ε

150 3487 278 3543 ferebat.
314 3486 350 3540 Iu
378 3488 473 3542 variis
499 3488 669 3557 sapientiae
698 3486 864 3558 disciplinis
892 3491 1040 3554 versatus,
1068 3486 1214 3557 imprimis
1241 3478 1318 3540 inti

149 3560 251 3613 minus
269 3559 408 3629 cognitis,
431 3559 496 3612 vita
513 3564 580 3613 erat
597 3564 659 3613 tam
679 3562 856 3627 temperata,
880 3564 915 3613 ut
934 3559 1024 3613 etiam
1044 3557 1196 3612 naturalia
1215 3558 1273 3612 ista

150 3631 311 3700 effugeret,
331 3630 535 3685 eructationes
555 3634 585 3684 et
602 3630 838 3697 exscreationes,
858 3645 937 3699 quae
951 3645 1005 3699 per
1019 3646 1052 3683 os
1066 3630 1149 3683 dunt.
1187 3622 1318 3684 Dice-28

150 3702 206 3756 bat
224 3702 303 3756 cuim
323 3701 511 3771 philosopho,
529 3702 553 3755 si
574 3702 640 3756 fleri
653 3706 764 3771 posset,
783 3716 822 3755 ue
836 3700 1047 3771 respirandum
1062 3699 1183 3769 quidem
1198 3715 1273 3754 csse.

151 3772 267 3828 Dicunt
279 3787 348 3827 eum
363 3770 541 3828 Antiochiae
553 3788 609 3843 per
621 3788 758 3827 somnum
773 3771 886 3827 vidisse
901 3773 1043 3826 iuvenem
1065 3771 1145 3825 flavo
1165 3764 1318 3841 capi11029

151 3844 316 3899 dicentem:
332 3843 391 3897 “In
404 3843 540 3915 Phrygia
552 3845 607 3899 tibi
626 3849 673 3898 est
689 3842 910 3898 moriendum”.
940 3843 1021 3897 Ictus
1040 3843 1135 3913 igitur
1153 3843 1198 3909 iis,
1222 3842 1273 3912 qui
1283 3836 1319 3890 30

151 3916 289 3981 aderant,
308 3916 433 3985 rogatis,
453 3916 606 3983 quomodo
625 3916 710 3970 iocus
726 3918 898 3981 vocaretur,
919 3930 986 3968 cum
1001 3914 1170 3968 audivisset
1181 3912 1274 3982 Phry·

150 3989 234 4056 giam
252 3988 412 4053 nominari,
431 3987 627 4042 exclamavit:
648 3986 697 4041 “0
716 3986 769 4052 sol,
791 3986 947 4056 perdidisti
967 3984 1148 4040 Iulianum”.
1185 3982 1273 4039 Prae·
1283 3979 1316 4033 31

150 4064 237 4112 terea
254 4059 358 4112 ferunt
375 4058 441 4129 ipso
461 4074 521 4127 quo
541 4059 631 4129 periit
649 4058 698 4112 die
717 4055 897 4112 Antiochiae
916 4058 1010 4112 fuisse
1029 4058 1185 4127 cognitum
1208 4055 1273 4109 eius

152 4130 277 4183 obitum.
313 4128 390 4183 Nam
417 4128 569 4199 quendam
595 4144 750 4200 paganum
778 4128 911 4183 eiusdem
937 4143 1005 4182 cum
1031 4128 1187 4182 desertore
1209 4120 1319 4179 reli-32

151 4201 253 4269 gionis
270 4214 310 4287 ex
330 4200 436 4255 ordine
454 4200 589 4255 iudicum
607 4200 687 4255 iliius
699 4200 766 4285 ioci,
787 4215 853 4254 cum
868 4201 955 4255 iuxta
969 4200 1084 4254 curiam
1099 4197 1273 4262 excubaret,

150 4271 810 4399 titiisstiffiestiterit?
832 4267 1319 4410 ¹¹tiitt⁰it¹i¹ttitittn

151 4420 217 4470 tum
239 4420 286 4471 est
308 4429 378 4469 eum
396 4414 447 4469 illo
469 4414 518 4469 die
536 4416 631 4469 misse
650 4414 852 4469 interiectum.
889 4412 963 4469 Cum
983 4427 1038 4483 per
1056 4410 1157 4466 XXXI
1177 4406 1319 4465 annos34
