3050 4775
355 454 528 514 utnocm
546 453 668 515 NVBIT
686 452 849 513 ROMANO
868 450 1040 512 DIOGENI.
1205 450 1258 511 687

138 640 253 724 πόρρω
275 640 376 723 μόνον
398 639 452 704 καί
473 646 537 711 τοῖς
560 640 689 723 έχθροῖς
711 639 927 722 ἀγχιτέρμονα,
951 637 1028 703 ἀλλά
1051 636 1106 702 καλ
1125 636 1257 701 αὐτὰτὰ

139 743 329 827 ἀγχίθυρα.”
373 743 427 806 καλ
456 743 505 805 inl
532 743 653 813 τούτοις
683 747 748 806 τῶν
780 742 890 825 ὅρκων
921 741 974 805 καλ
1006 747 1062 805 τοῦ
1095 740 1257 824 ἐγγράφου
1267 745 1303 802 tt

136 845 255 929 πολλὴν
278 846 409 909 ἐποιεῖτο
431 845 638 928 καταδρομὴν
660 844 790 909 καὶτὸν
813 844 969 908 τεθνεῶτα
992 845 1121 927 βασιλέα
1140 844 1257 928 ἐκακη-

137 949 231 1032 γόρει,
256 948 302 1019 ὡς
324 947 407 1031 μηδὲ
429 954 484 1011 τοῦ
508 954 599 1031 κοινή
620 950 838 1032 συμφέροντος
853 948 991 1029 θέμενον
1004 947 1166 1031 πρόνοιαν,
1190 944 1256 1012 ἀλλ’

110 1052 173 1117 δέτι
197 1051 383 1133 ζηλοτυπίας
406 1050 585 1132 έκθέσμους
607 1051 725 1133 ὅρκους
748 1048 930 1134 ἀπητηκότα
950 1049 1004 1113 καί
1018 1050 1189 1133 παράνομα
1206 1052 1256 1133 ἔγ·

138 1176 255 1236 γραφα.
299 1153 420 1222 τούτοις
441 1152 514 1222 τοὺς
536 1153 661 1223 πλείους
689 1154 930 1235 συντιθεμένους
957 1152 1102 1235 ἐσχηκὼς
1129 1153 1302 1233 insinuati

137 1257 166 1319 εί
187 1256 222 1319 ἀέ
244 1280 322 1325 τινες
344 1255 398 1319 καλ
420 1254 591 1337 ἀντέλεγον,
615 1256 688 1325 τοὺς
709 1256 769 1337 μέν
790 1255 917 1337 ἀώροις,
939 1253 1013 1324 τοὺς
1029 1251 1057 1318 θ’
1074 1254 1258 1338 ὑποσχέσεσι

137 1358 335 1441 συμψήφους
349 1358 458 1428 πείσας
477 1358 567 1439 αὐτῷ
589 1358 743 1441 γενέσθαι,
768 1356 879 1420 στέλλει
901 1362 940 1439 τῇ
961 1356 1122 1440 βασιλίσσῃ
1143 1357 1178 1421 τὸ
1194 1362 1258 1421 τῶν

137 1462 248 1544 ὅρκων
262 1461 485 1545 χειρόγραφον.
520 1462 540 1544 ή
565 1460 600 1524 ἀὲ
621 1460 733 1524 τούτου
756 1460 916 1542 λαβομένη
940 1460 983 1529 είς
1006 1460 1099 1541 ἔργον
1121 1459 1156 1523 τὸ
1178 1460 1302 1542 pot-at

95 1565 238 1647 Ιολευμα
263 1563 423 1628 ἀπετέλεσε
445 1562 499 1627 καί
522 1564 626 1645 ἄγεται
647 1563 707 1645 μέν
728 1562 783 1625 τὸν
806 1562 936 1645 Διογένη
960 1561 1014 1625 καί
1029 1562 1131 1644 τούτῳ
1147 1562 1294 1636 συζεύ-Ι)

138 1690 254 1749 γνυται,
289 1672 448 1729 κοινοῦται
471 1666 505 1729 ἀὲ
527 1665 584 1748 τήν
605 1668 718 1747 πρᾶξιν
740 1671 787 1746 τῷ
812 1664 1016 1747 πρεσβυτέρῳ
1038 1688 1070 1728 τε
1092 1670 1156 1729 τῶν
1178 1666 1257 1728 υἱῶν

138 1770 192 1834 καλ
213 1777 261 1852 τῷ
283 1768 420 1850 Καίσαρι
441 1768 666 1851 μετακληθέντι
686 1767 770 1851 πρὸς
791 1767 828 1829 τὰ
850 1765 989 1850 βασίλεια
1008 1766 1061 1831 καί
1075 1768 1258 1851 μετασχόντι

104 1893 106 1897 ·
137 1877 201 1935 τῶν
228 1872 388 1955 ὑμεναίων
415 1872 469 1935 καλ
497 1876 562 1934 τῶν
591 1872 765 1953 έπιγαμίων
797 1870 1046 1952 ἀπογευσαμένῳ
1074 1872 1257 1953 κρατήρων·

137 1976 191 2039 καλ
214 1975 233 2037 ὁ
257 1975 405 2057 Διογένης
431 1973 575 2057 βασιλεὺς
603 1973 805 2056 ἀνηγόρευτο,
834 1980 889 2054 τῆς
915 1972 1074 2054 βασιλίάος
1096 1972 1302 2044 Εάὃοκίας28

95 2086 129 2139 15
137 2078 215 2161 μετὰ
237 2084 302 2142 τῶν
324 2078 421 2141 υλέων
444 2078 584 2160 ἀρξάσης
607 2077 657 2141 ini
678 2084 782 2159 μῆνας
804 2074 880 2138 ἑπτὰ
903 2074 957 2138 καλ
979 2075 1101 2158 ἡμέρας
1123 2075 1214 2146 τινάς.

20 2191 128 2246 1V206
223 2180 388 2262 Ῥωμανὸς
411 2179 445 2243 ἀὲ
468 2180 487 2243 ὁ
510 2179 659 2262 Διογένης
681 2185 735 2262 τῆς
762 2182 827 2241 τῶν
846 2177 1015 2261 Ῥωμαίων
1042 2178 1142 2261 ἀρχῆς
1170 2178 1256 2259 γενό-
1271 2182 1307 2245 ll

135 2308 231 2366 μενος
254 2281 407 2367 ἐγκρατής
430 2284 469 2347 οὗ
492 2281 571 2346 κατὰ
594 2282 649 2353 τὰς
672 2282 799 2351 ἐλπίδας
827 2287 882 2364 τῆς
910 2280 1135 2363 βασιλευσάσης
1162 2279 1258 2344 αὐτὸν

138 2533 155 2587 9
173 2534 210 2586 ὅτι
230 2533 358 2602 συνήηνθη
378 2540 410 2602 τῇ
426 2533 541 2603 βασιλίδι
554 2532 675 2601 Εθάοκίᾳ
688 2531 705 2585 ἀ
716 2531 842 2601 Διογένης
855 2530 900 2585 καλ
913 2529 1048 2601 ἀνερρήθη
1069 2528 1092 2586 C
1157 2531 1190 2585 16
1208 2530 1257 2600 βα·

138 2605 220 2658 σιλεία
236 2605 376 2674 Ῥωμανοῦ
400 2612 447 2659 τοῦ
466 2605 605 2674 Διογένους
618 2603 679 2673 AR,
708 2603 791 2657 Rom.
812 2603 944 2673 dioginis
962 2602 986 2656 Β
1005 2618 1084 2657 man.
1103 2604 1257 2657 recentisa

193 2835 747 2908 1ιὰΑΒυρ,ιῆσῆμεγαλοπόλιιΒῦ
865 2835 1010 2906 ἀνοήτοις]
1030 2837 1113 2891 τούτου
1133 2835 1258 2908 Dfflwp)
1327 2843 1331 2851 '

192 2910 358 2963 3τεθνεῶτα
400 2915 446 2964 ost
463 2910 571 2980 βασιλέα
590 2909 691 2979 ΒΕιηι
752 2908 825 2980 ἀμή
845 2909 919 2978 pr
976 2909 1111 2962 κοινοῦΕ
1165 2908 1258 2963 ὅσον·

191 2926 400 3049 τεθειμένουςβ
483 2980 607 3050 εὑρηκὼς
625 2980 673 3034 BC
764 2981 790 3036 6.
810 2982 827 3037 ’ί
845 2981 946 3040 ἐκεῖνος
964 2980 1081 3049 ἀντίλεγε
1100 2981 1217 3033 omissis
1235 2979 1260 3032 ελ

192 3054 227 3106 δέ
243 3073 308 3111 τινες
326 3052 371 3106 καί
390 3051 420 3120 C,
441 3068 516 3107 corr.
537 3059 567 3108 et
586 3052 683 3122 suppl.
703 3051 749 3110 Cw
832 3053 868 3105 10
886 3051 940 3119 τὸν]
959 3051 1008 3120 γὰρ
1028 3051 1055 3104 D
1139 3051 1259 3120 ἀιυγένην

191 3124 275 3194 Iiwp,
288 3125 424 3195 ὅιηιγιὴν
437 3124 469 3193 Ε,
483 3140 512 3179 v.
526 3124 625 3187 ad§8
686 3123 721 3177 12
739 3123 785 3177 καί
799 3125 883 3193 prius
895 3125 1015 3193 punctis
1028 3121 1154 3176 notatD
1213 3142 1258 3188 pr·

191 3216 297 3375 ἱησχςήέ
320 3249 451 3375 (millum
470 3248 619 3317 notatum)
640 3248 677 3317 D,
694 3251 865 3318 percoxerat
885 3248 907 3303 C
1015 3247 1048 3302 13
1066 3247 1193 3317 κρατήρω
1209 3248 1214 3315 Ι
1230 3247 1258 3300 Ι)

278 3337 335 3376 om.
380 3338 427 3392 wp

137 3531 231 3585 multo
251 3536 320 3601 post
338 3546 399 3585 non
417 3536 553 3586 remotae
572 3535 689 3586 tantum
709 3531 887 3601 provinciae
907 3537 937 3586 et
955 3531 1092 3586 hostibus
1113 3531 1258 3585 finitimae

138 3603 289 3673 peribunt,
307 3603 361 3656 sed
376 3604 466 3656 etiam
479 3603 704 3657 suburbanae.”
739 3602 794 3657 His
806 3603 1003 3657 iurisiurandi
1016 3607 1046 3656 et
1062 3603 1257 3672 syngraphae
1267 3597 1302 3652 25

137 3675 404 3744 reprehensionem
423 3689 524 3728 acrem
544 3674 751 3744 subiungebat
770 3680 801 3729 et
819 3679 938 3728 mortuo
961 3675 1028 3743 regi
1049 3673 1257 3740 maledicebat,

139 3746 221 3815 quod
245 3762 307 3801 non
332 3746 520 3816 reipublicae
545 3746 654 3813 studio,
683 3745 736 3800 sed
762 3747 883 3816 privata
911 3745 1062 3814 zelotypia
1091 3750 1257 3800 commotus

138 3819 349 3873 iusiurandum
368 3824 399 3873 ct
414 3817 608 3887 syngraphas
620 3816 740 3886 legibus
754 3817 922 3871 contrarias
942 3817 1103 3885 exegisset.
1141 3816 1257 3881 Quibus
1267 3813 1302 3867 26

139 3904 207 3942 cnm
227 3890 363 3959 plerIque
381 3891 610 3956 assentirentur,
635 3889 671 3942 iis
691 3889 781 3942 ctiam
801 3889 852 3956 qui
872 3889 1117 3957 refragabantur,
1148 3888 1257 3956 partim

137 3961 324 4027 munoribus,
343 3963 453 4031 partim
472 3960 739 4030 pollicitationibus
751 3961 782 4014 in
796 3960 975 4014 sententiam
990 3973 1075 4012 suam
1089 3959 1257 4029 pertractis,

139 4033 267 4101 reginae
292 4031 487 4087 iurisiurandi
516 4031 752 4101 chirographum
778 4032 908 4085 remittit.
950 4030 1017 4095 Quo
1043 4029 1094 4083 illa
1122 4034 1256 4099 accepto,
1267 4025 1302 4082 27

140 4102 297 4157 consilinm
316 4117 405 4158 suum
424 4109 609 4158 exsecutura
628 4118 691 4157 rem
705 4117 773 4157 cnm
787 4102 848 4155 lilio
861 4107 937 4155 natu
949 4102 1064 4155 maiore
1083 4105 1113 4156 at
1126 4099 1257 4155 Caesare

139 4175 171 4227 in
190 4174 307 4243 regiam
327 4176 471 4230 arcessito
491 4174 705 4241 communicatu
724 4175 777 4242 qui
797 4188 865 4226 cum
883 4173 1051 4242 hymenaeo
1071 4171 1258 4225 interfuisset

138 4251 170 4300 et
188 4246 339 4314 nuptiales
358 4251 491 4301 crateres
510 4249 671 4316 gustasset,
700 4245 789 4298 ntrbit
808 4244 858 4297 illa
876 4243 934 4298 Dio
960 4243 1017 4298 eni.
1055 4241 1104 4298 Sic
1128 4242 1177 4296 ille
1201 4257 1256 4296 rex
1266 4241 1302 4295 28

139 4316 319 4384 declaratur,
339 4333 407 4371 cum
426 4317 563 4372 Eudocia
582 4317 708 4385 eiusque
726 4316 779 4368 lilii
799 4329 917 4369 menses
937 4259 990 4369 λἿΙ
1010 4319 1039 4368 et
1059 4315 1123 4368 dies
1142 4314 1258 4383 aliquot

139 4403 172 4441 re
196 4394 328 4443 nassent.

172 4404 195 4458 g
229 4461 271 4516 ll.
307 4460 458 4516 Ronanus
484 4459 652 4516 Droonsss
676 4457 883 4512 Romanorum
912 4457 1037 4528 imperio
1066 4458 1179 4529 potitus
1202 4456 1259 4514 Eu·
