3050 4775
253 428 307 487 ετι
524 430 661 489 zoara
679 430 779 488 nrrn
797 430 897 489 xvia
916 431 941 503 τ,
960 430 1039 503 o-a,
1059 432 1101 491 rs.

253 618 334 695 τρεῖς
357 613 544 696 δραστήριος
567 616 615 678 ὢν
636 615 690 677 καὶ
712 614 748 679 τδ
772 616 854 699 ἦδος
869 616 1010 701 σοβαρὸν
1025 617 1270 700 ἐνδεικνύμενος,
1291 616 1373 701 πρὸς

252 716 381 798 πράξεις
396 716 553 797 ὀξύτατος,
578 721 865 801 στρατηγικώτατος
879 719 916 783 τὰ
940 720 1082 804 πολέμια,
1106 719 1210 802 λόγοις
1231 720 1290 803 μὲν
1313 720 1372 803 σύγ

253 818 436 902 ὡμιληκώς,
468 820 637 903 προσέχων
669 817 697 884 δ’
726 822 832 892 αὐτοῖς
859 822 914 885 καλ
944 822 1017 893 τοὺς
1049 823 1170 887 τούτων
1198 824 1372 905 τροφίμους

49 926 194 983 insius
207 920 515 1005 1οπροσδεχόμενος.
572 922 756 1005 αἰτιώμενος
796 924 830 988 δὲ
864 925 910 989 ὅτι
946 925 1104 1009 τυραννίδι
1143 925 1373 1008 ἐπικεχείρηκεν

250 1022 427 1087 “ὤκνουν”
450 1024 533 1106 ἔλεγε
555 1024 623 1106 “rai
646 1026 813 1109 συνδούλῳ
837 1026 994 1091 δουλεύειν
1016 1028 1070 1092 καί
1092 1032 1157 1091 τῶν
1179 1027 1310 1091 εἰκότων
1324 1027 1399 1111 μὴδ

250 1126 442 1209 τυγχάνειν.”

63 1228 238 1293 w1112168
334 1228 375 1294 ‘O
405 1229 440 1293 ol
470 1230 629 1313 πρόεδρος
657 1230 894 1301 Κωνσταντῖνος
923 1232 942 1295 ό
971 1232 1098 1303 Δοῦκας
1129 1239 1184 1315 τῆς
1215 1232 1371 1315 βασιλείας

247 1332 353 1415 τυχὼν
380 1333 608 1415 ἀπραγμόνως,
639 1334 686 1404 ὡς
712 1336 839 1417 εἴρηται,
872 1333 1008 1405 πολλοὺς
1030 1340 1095 1399 τῶν
1117 1342 1172 1419 τῆς
1194 1335 1369 1417 συγκλήτου

247 1435 365 1518 βουλῆς
395 1435 450 1499 καί
476 1441 532 1501 τοῦ
559 1435 733 1519 δημώδους
758 1436 904 1520 πλήθους
932 1438 975 1507 εἰς
1002 1439 1149 1519 μείζονας
1176 1438 1368 1521 ἀξιωμάτων

221 1536 397 1621 2βαδμοὺς
421 1539 619 1621 προεβίβασε.
664 1538 718 1601 καὶ
741 1539 837 1608 ὅσους
861 1535 889 1603 δ’
914 1540 932 1602 ὁ
955 1538 1127 1622 Κομνηνδς
1150 1540 1291 1623 ἀφείλετο
1314 1539 1369 1610 τὰς
1383 1550 1418 1603 10

248 1640 364 1709 οἰκείας
394 1640 484 1722 τιμάς
518 1638 638 1723 (πολλοὶ
666 1638 695 1704 δ’
720 1640 801 1724 ἦσαν
828 1642 881 1704 καὶ
910 1639 1020 1724 οὗτοι),
1056 1642 1100 1712 είς
1131 1643 1245 1713 ταύτας
1277 1640 1371 1713 αὖθις

248 1741 343 1812 αάτδς
365 1743 504 1813 ἐκείνους
526 1744 783 1827 ἀποκατέστησεν.

177 1850 238 1906 Β3
332 1844 523 1928 Ἐπιβουλῆς
551 1846 586 1907 δὲ
617 1842 685 1909 κατ’
714 1847 812 1910 αὐτοῦ
845 1846 1123 1929 συσκευασδείοης,
1156 1853 1274 1931 μικροῦ
1307 1848 1370 1912 δεῖν

220 1948 367 2029 λέγένετο
398 1950 438 2011 ἂν
469 1948 670 2031 ὑποβρύχιος.
716 1948 756 2032 ἦν
783 1950 842 2032 μὲν
871 1948 930 2031 γάρ
959 1950 992 2013 ἒν
1021 1955 1085 2019 τοῖς
1112 1950 1277 2033 βασιλείοις
1304 1954 1369 2013 τῶν

249 2048 445 2133 Μαγγάνων,
469 2051 644 2133 ἐσκίφαντο
667 2052 702 2115 δὲ
725 2052 756 2115 οἱ
778 2052 1029 2133 συνομοσάμενοι
1053 2052 1100 2122 ὡς
1123 2053 1151 2115 εἰ
1171 2052 1316 2135 θόρυβος
1335 2053 1414 2117 ἒν15

247 2158 285 2237 τῇ
307 2160 362 2237 τῆς
382 2151 508 2223 πόλεως
530 2152 668 2235 γεγονὼς
690 2153 854 2236 ἀγγελδείη
878 2154 966 2235 αὐτῷ
981 2154 1094 2237 ἀγορᾷ,
1118 2155 1228 2217 αὐτίκα
1247 2153 1297 2218 διδ
1313 2160 1367 2238 τῆς

221 2253 410 2339 δδαλάσσης
431 2256 549 2326 ἐκεῖνος
571 2256 768 2319 ἀπελεύσεται
790 2256 872 2339 πρὸς
894 2257 929 2321 τό
951 2258 1033 2339 μέγα
1057 2256 1241 2339 ἀνάκτορον,
1286 2280 1366 2340 προ·

249 2416 265 2471 Ἰ
282 2415 398 2484 βασιλεία
416 2416 616 2470 Κωνσιαντίνου
634 2423 680 2471 τοῦ
699 2417 791 2470 Δούκα
810 2417 907 2482 (δοῦκα
917 2413 955 2482 D)
975 2413 1028 2472 ΑΟ
1102 2416 1136 2471 13
1154 2415 1281 2488 ἐπιβουλὴ
1300 2415 1367 2472 κατὰ

248 2493 294 2542 τοῦ
312 2487 441 2556 βασιλέως
458 2487 503 2541 καί
522 2489 595 2547 ὅπως
613 2488 710 2557 ταύτην
728 2489 852 2557 διέφυγεν
872 2487 919 2543 ΟΕ

301 2628 318 2683 4
337 2629 532 2698 ἀποδεχόμενος
552 2629 718 2700 BCEwpDi
811 2637 878 2700 posi
896 2630 1092 2700 ἀποδεχόμενος
1111 2630 1181 2686 add.
1200 2631 1322 2700 σώφρων
1340 2653 1367 2684 τε

302 2703 371 2764 (om.
390 2700 450 2769 BC)
470 2701 499 2756 τὰ
516 2702 583 2770 πρός
601 2703 689 2771 εὐνήν.
707 2703 805 2771 λέγεται
825 2704 874 2772 γάρ
892 2723 955 2756 ποτε
972 2711 1081 2772 νοσῆσαι
1102 2701 1162 2772 (γὰρ
1180 2705 1292 2772 νοσῆσαί
1306 2723 1368 2757 ποτε

303 2770 362 2840 BC)
381 2780 426 2842 τῆς
444 2774 529 2832 οἰκίας
547 2773 703 2842 ἀποδημῶν,
723 2775 769 2827 καί
785 2774 858 2844 παρὰ
877 2781 930 2828 τῶν
949 2775 1047 2842 ἰατρῶν
1065 2775 1171 2844 γυναικί
1182 2783 1289 2843 μιγῆναι
1302 2775 1368 2842 πρὸς

302 2845 446 2912 θεραπείαν
468 2852 513 2912 τῆς
535 2847 614 2899 νόσου
636 2847 838 2914 προτρέπεσθαι,
865 2845 909 2900 τόν
928 2845 958 2900 tt
974 2847 1013 2915 μὴ
1032 2846 1192 2914 ἀνασχέσθαι
1212 2845 1286 2914 ἓιὲρα
1303 2847 1369 2915 πλη·

302 2916 389 2970 σιτίσαι
407 2915 477 2984 παρὰ
496 2915 543 2984 τὴν
562 2917 686 2970 σύνοικον
704 2917 857 2987 Bcsslwpl,
878 2933 905 2970 V·
926 2919 1021 2988 praef.
1101 2915 1150 2986 ὅτι]
1169 2919 1186 2970 ό
1204 2917 1231 2970 D
1315 2918 1367 2970 ἀπι-

301 2989 458 3055 κεχείρηκεν
477 2986 603 3057 prDt',
621 2989 805 3057 ἐπικεχείρηκε
823 2989 886 3056 ΑΙ),
907 3005 935 3042 v.
947 2988 986 3042 ad
996 2987 1070 3042 ΧΙΙΙ
1080 2987 1132 3055 1‚5
1204 2989 1276 3060 δμίγ
1297 2996 1367 3043 ante
1416 3038 1419 3042 ,

303 3066 356 3113 τῶν
375 3057 423 3114 BC
500 3060 516 3113 i
535 3058 565 3112 δὲ
581 3061 710 3128 πρόεδρος
728 3061 763 3128 Α,
782 3061 911 3129 πρόεδρος
930 3059 960 3114 δὲ
978 3059 1059 3130 Em),
1077 3062 1208 3129 πρόεδρος
1227 3063 1313 3114 τοίνυν
1331 3059 1367 3127 Ι),

301 3131 431 3199 πρόεδρος
451 3129 476 3184 R
548 3132 646 3189 δούκας
665 3130 739 3199 Οὒὶ,
760 3147 787 3185 v.
808 3131 847 3185 ad
866 3130 950 3185 XVII
970 3131 1011 3200 14,
1032 3131 1067 3186 24
1149 3133 1181 3186 ll
1201 3132 1247 3186 καί
1267 3147 1323 3186 om.
1343 3131 1367 3184 B

337 3201 413 3261 οὗτος
433 3202 460 3254 Ι)
539 3200 587 3270 εἷς]
606 3203 651 3256 καί
670 3202 697 3255 Ι)
783 3204 815 3256 12
833 3203 932 3262 ε’κεΐνος
951 3201 975 3256 Β
1055 3203 1264 3274 ἀπεκατέστησεν
1283 3202 1318 3271 Ι),
1338 3219 1367 3256 v.

302 3273 342 3327 ad
361 3273 460 3327 XVIII
477 3273 504 3338 b,
523 3274 540 3328 9
652 3273 686 3328 14
701 3275 706 3341 Ι
722 3275 890 3344 ὕποβρίφους
909 3273 937 3328 Ι)
1053 3275 1086 3328 lb
1105 3275 1322 3344 συνωμοσάμενοι
1342 3272 1367 3329 0

303 3344 337 3398 16
346 3351 391 3412 τῆς
402 3345 530 3399 alterum
541 3360 598 3398 om.
608 3343 636 3398 D
704 3346 738 3400 ΙΙ
748 3346 915 3400 ἀπελεύσεται
925 3348 1057 3415 ἀκρατῶν
1067 3345 1114 3402 BC
1189 3346 1229 3400 17.
1241 3363 1268 3416 p.
1279 3345 1339 3415 ss'lb,
1351 3347 1365 3398 1

301 3417 481 3486 πρσωκονόμη
501 3417 530 3470 τό
548 3415 573 3470 δ’
592 3415 620 3470 Ι)

249 3591 339 3641 nnus,
352 3578 475 3647 ingenio
490 3579 656 3647 arroganti,
675 3578 706 3632 in
716 3579 810 3633 rebus
823 3577 967 3647 gerendis
981 3577 1164 3646 celerrimus,
1184 3579 1227 3633 rei
1241 3577 1367 3633 bellicae

249 3649 455 3719 peritissimus,
474 3649 506 3704 in
525 3649 630 3703 litteris
649 3666 711 3703 non
730 3649 852 3718 quidem
873 3655 1021 3716 vorsatus,
1047 3649 1101 3704 sed
1120 3650 1288 3704 litterarum
1307 3655 1367 3704 sta·

206 3720 240 3774 10
250 3721 353 3774 diosus
372 3725 402 3775 et
425 3720 583 3775 doctorum
605 3736 720 3774 amans.
757 3721 832 3776 Cum
856 3722 884 3776 ei
903 3722 991 3791 regni
1011 3721 1162 3777 affectatio
1186 3722 1366 3787 obiceretur,

248 3791 482 3846 “Dubitabam”
500 3793 598 3861 inquit
620 3793 788 3847 “conservo
808 3794 923 3848 servire
943 3807 1042 3862 neque
1061 3794 1141 3847 iusta
1161 3793 1338 3862 consequl.''

338 3863 363 3918 8.
400 3863 527 3917 Praesos
548 3862 787 3919 Coas‘rnarmvs
807 3863 914 3919 Dvcas
938 3864 1064 3933 imperio
1083 3863 1166 3919 nullo
1192 3864 1304 3930 labore,
1332 3870 1367 3920 ut

250 3935 364 3988 dictum
384 3941 437 4002 est,
468 3937 580 4004 potitus
605 3936 715 3989 multos
742 3937 886 3990 senatorii
912 3935 1026 3990 ordinis
1051 3939 1082 3990 et
1107 3935 1244 4005 plebeiae
1266 3936 1366 3990 condi·

222 4005 340 4060 ilionis
359 4006 398 4060 ad
412 4007 534 4061 altiores
547 4007 729 4076 dignitatum
741 4007 858 4076 gradus
872 4008 987 4075 evexit;
1007 4011 1099 4076 atque
1113 4009 1203 4061 etiam
1216 4011 1367 4076 quotquot

250 4077 423 4133 Comneuus
446 4078 612 4132 honoribus
635 4078 789 4148 spoliarat,
819 4079 871 4148 qui
891 4079 977 4133 mulii
1000 4079 1132 4146 luerunt,
1161 4077 1192 4132 in
1214 4079 1367 4149 integrum

248 4149 387 4204 restituit

222 4220 240 4274 3
320 4219 427 4291 Neque
446 4236 519 4275 vero
537 4221 665 4276 multum
685 4223 769 4289 aluit,
799 4223 871 4292 quin
891 4237 946 4292 per
964 4221 1089 4276 insidias
1110 4221 1366 4291 submergeretur.

222 4290 326 4347 lNarn
351 4308 419 4346 curn
443 4293 474 4346 in
493 4291 674 4363 Manganieo
694 4295 807 4362 palatio
832 4297 947 4362 ageret,
976 4295 1125 4348 coniurati
1147 4293 1265 4347 ratione
1284 4295 1367 4362 inita,

251 4364 277 4418 si
296 4363 443 4418 tumultus
461 4365 492 4418 in
511 4365 578 4418 foro
601 4364 721 4419 urbano
739 4371 823 4418 ortus
845 4367 1046 4432 nuntiaretur,
1075 4379 1143 4419 eum
1162 4365 1239 4418 mari
1258 4366 1289 4418 in
1308 4380 1368 4419 ma·

223 4433 343 4507 bgnam
361 4436 479 4506 regiam
498 4436 598 4490 statim
614 4438 813 4490 transiturum
827 4451 901 4505 esse,
921 4441 1072 4505 curarant,
1091 4442 1126 4490 ut
1138 4437 1225 4506 regia
1238 4437 1368 4492 triremis
