3050 4775
336 471 473 532 ronsm.
512 463 726 531 rnnonoltn
746 474 876 529 avenn
897 458 1103 530 canonino.
1227 472 1280 528 aaa

158 658 285 741 λογικῆς
306 658 448 729 παιδείας
470 659 515 741 μὴ
540 658 729 740 ἀλογήσασα.
776 658 854 721 ὅδεν
876 657 930 721 καί
953 656 1181 739 συγγράμματα
1202 656 1279 719 ε’κεί-
1292 664 1326 717 18

158 786 215 844 νης
238 763 430 843 εὑρίσκονται
453 763 671 833 εὖπαιδενσίας
693 762 831 844 χαρίτων
853 762 912 825 οὐκ
928 761 1055 843 ἄμοιρα.
1102 758 1156 822 καί
1178 760 1198 841 ἡ
1221 757 1325 840 μέν19
1345 765 1368 819 Β

38 894 41 899 ·
149 866 245 929 ὀὕτω
269 866 389 929 διέθετο
412 864 449 927 τό
472 862 549 928 καθ’
574 864 687 946 ἑαυτὴν
702 864 756 927 καί
772 864 985 944 άτευκτήσασα
1001 861 1155 945 βασιλέως
1171 860 1279 944 φθαρ-

157 973 215 1030 τοῦ
242 974 289 1049 τῷ
316 968 507 1050 παμβασιλεῖ
530 967 643 1049 ἑαυτὴν
666 966 894 1049 ἐμνηστεύσατο
918 964 1059 1028 καλόντί
1083 968 1197 1046 γεηρᾶς
1220 964 1278 1045 βα-

131 1069 271 1140 5σιλείας
300 1069 356 1152 τὴν
382 1070 571 1152 ἐπουράνιον
594 1069 808 1152 ἐκληρώσατο.
855 1070 873 1131 ό
896 1067 1039 1150 βασιλεὺς
1063 1066 1096 1129 δὲ
1124 1064 1325 1149 Θεόφιλοςὲθ

158 1173 215 1253 τὴν
241 1171 417 1255 Θεοδώρου
439 1174 542 1255 ἑαυτῷ
565 1173 730 1246 συνοικίζει
752 1171 806 1235 καὶ
829 1172 912 1253 ὁμοῦ
935 1171 1049 1253 ταύτην
1071 1168 1125 1232 καί
1148 1176 1194 1251 τῷ
1223 1192 1278 1251 γα-

158 1275 263 1358 μηλίῳ
286 1272 433 1357 στεφάνῳ
455 1277 509 1338 καὶ
539 1284 585 1357 τῴ
611 1275 765 1358 βασιλικῷ
790 1280 901 1336 ταινιοῖ
926 1272 1091 1355 διαδήματι
1123 1272 1177 1335 καὶ
1207 1270 1280 1343 τοὺς

123 1452 130 1462 ·
158 1377 283 1459 γάμους
304 1378 387 1441 τελεῖ.

249 1479 457 1567 Δικαιοσύνην
489 1480 524 1544 δὲ
554 1480 670 1562 μετιὼν
701 1486 764 1549 τοῖς
797 1478 957 1542 ἀδικοῦσιν
986 1476 1025 1560 ἦν
1053 1476 1197 1559 ἐπαχθὴς
1227 1475 1322 1541 nolli

112 1581 314 1663 ιοκολαστὴς
341 1584 448 1647 αὐτῶν
476 1583 695 1667 ἀπαραίτητος.
743 1582 874 1664 ἑκάστης
901 1579 958 1643 οὖν
985 1580 1165 1663 ἑβδομάδος
1188 1578 1280 1663 ἀπῄει
1289 1588 1324 1642 22

160 1682 211 1747 διὰ
233 1691 287 1767 τῆς
310 1685 430 1767 ἀγορᾶς
452 1688 587 1769 ἔφιππος
609 1685 687 1767 μετὰ
712 1684 907 1767 δορυφορίας
929 1683 1091 1765 βασιλικῆς
1114 1683 1157 1753 είς
1177 1680 1231 1745 τόν
1246 1682 1280 1744 ἐν

158 1785 353 1869 Βλαχὲρναις
375 1795 430 1869 τῆς
452 1788 608 1850 δεοτόκου
631 1787 716 1851 ναόν.
763 1788 792 1849 εἷ
813 1786 873 1867 γὰρ
896 1786 949 1849 καὶ
969 1791 1035 1855 ταῖς
1050 1786 1150 1856 θείαις
1164 1784 1279 1848 εἰκόσιν
1288 1794 1323 1849 23

158 1888 250 1970 τιμὴν
273 1890 332 1953 οὒκ
356 1890 474 1972 ἔνεμεν,
502 1890 578 1953 ἀλλά
602 1898 705 1973 γετῷ
728 1896 846 1972 σωτῆρι
868 1887 999 1970 Χριστῷ
1021 1887 1074 1950 καὶ
1097 1894 1133 1969 τῇ
1157 1886 1312 1970 dromi-C

158 2014 225 2073 τορι
247 1994 345 2055 πίστιν
368 1993 477 2074 ἐτήρει,
501 1993 547 2062 ὡς
564 1993 673 2073 ἔλεγεν.
718 1991 822 2054 ἀπιὼν
837 1988 894 2053 οὖν
910 1990 963 2053 καί
979 1990 1063 2053 οὕτω
1080 1989 1280 2072 δημοσιεύων
1290 2001 1325 2054 24

113 2110 148 2164 15
159 2100 306 2177 παρεῖχεν
329 2094 440 2157 ἑαυτὸν
463 2101 525 2165 τοῖς
545 2101 728 2176 προσιοῦσιν
743 2093 926 2173 εὐπρόσιτον
942 2092 994 2155 καί
1009 2092 1080 2174 περί
1095 2096 1159 2154 τῶν
1174 2090 1280 2155 ὠνίων

160 2197 321 2279 ἐφρόντιζε
335 2197 390 2260 καί
405 2197 496 2268 ὅπως
510 2198 641 2261 ἕκαστον
655 2198 777 2261 τούτων
792 2196 997 2277 πιπράσκεται
1009 2194 1280 2276 ἐπολυπραγμόνει

159 2298 214 2363 καί
237 2300 439 2363 ἐπυνθάνετο.
485 2299 538 2363 καί
557 2301 585 2362 εί
597 2300 716 2363 πολλοῦ
730 2322 796 2363 τινα
812 2297 1052 2380 πιπρασκόμενα
1069 2297 1201 2379 εὕρισκε,
1225 2294 1323 2363 adalb

158 2403 298 2485 ἔπαρχον
320 2403 392 2484 περὶ
413 2401 525 2466 τούτου
542 2403 684 2485 ἀνέκρινε
698 2402 752 2467 καί
768 2405 788 2486 ἢ
804 2401 1052 2484 καταγινώσκων
1068 2401 1166 2464 αὐτοῦ
1182 2400 1279 2464 ἔπαυε

158 2649 176 2705 9
194 2651 267 2711 ὅπως
284 2649 344 2719 περί
362 2649 423 2711 τοὺς
442 2649 600 2711 ἀδικοῦντας
620 2651 733 2706 διέκειτο
750 2651 920 2722 όθεόφιλος.
939 2650 985 2706 καί
1003 2651 1075 2710 ὅπως
1092 2655 1138 2720 τῆς
1154 2649 1279 2720 τῦδηνίας

157 2729 211 2777 τῶν
229 2723 317 2778 ὠνίων
335 2723 489 2793 ἐφρόντιζεν
508 2721 530 2777 O

211 2956 319 3010 Μαῖα
336 2956 454 3026 χαρίτων
467 2954 536 3009 add.
550 2955 596 3010 καί
608 2954 683 3027 pr
737 2956 756 3010 4
774 2954 869 3026 ἑαυτὴν
879 2953 1005 3026 prDt'‚
1024 2953 1146 3024 ίαντῷΑ
1201 2953 1218 3009 5
1236 2953 1279 3010 οὗ·

210 3028 302 3096 ράνιον
320 3027 344 3080 Β
416 3027 434 3080 6
452 3029 591 3097 εἱξςοικίζει
612 3027 634 3081 Β
716 3029 733 3082 9
752 3029 874 3098 ἐπαχθὴς
893 3027 926 3094 O,
945 3044 1022 3082 corr.
1042 3043 1080 3082 ox
1099 3027 1223 3096 ἐπαχθείς
1242 3025 1277 3091 Α,

210 3099 335 3168 ἐπαχθείς
354 3099 427 3169 Ewp
502 3101 533 3152 ll
552 3101 693 3170 βασιλικῆς
712 3115 768 3153 om.
787 3099 811 3153 Ο
885 3100 918 3153 13
937 3099 987 3152 οὐκ
1005 3100 1091 3168 ’ἔνειμε
1109 3099 1186 3168 τιμὴν
1204 3099 1256 3151 Ew

211 3171 246 3224 16
263 3171 419 3240 ἐφρόντιζον
438 3170 474 3238 D,
493 3171 645 3239 ἐφρόντιζεν
664 3171 751 3237 Dffl,
769 3187 799 3224 v,
812 3170 852 3225 ad
865 3169 1000 3237 Xllll,b
1074 3171 1106 3225 17
1125 3169 1231 3223 πολλῶν

212 3243 246 3297 18
264 3243 365 3297 τούτων
384 3241 457 3312 pr
531 3242 622 3311 αὐτοῦ]
642 3243 735 3297 τούτου
755 3242 828 3312 Ewp
1092 3259 1094 3264 ·

157 3477 324 3532 litterarum
349 3492 410 3531 non
438 3475 586 3546 neglecta.
625 3475 713 3532 Unde
738 3482 769 3530 et
792 3477 905 3546 scripta
929 3477 994 3531 eius
1017 3476 1219 3544 reperiuntur,
1247 3475 1279 3528 in
1291 3477 1324 3530 18

158 3550 269 3618 quibua
288 3564 388 3618 neque
414 3548 583 3602 doctrinam
609 3563 709 3616 neque
737 3551 868 3617 gratiam
893 3548 1055 3602 desideres.
1093 3547 1130 3600 Et
1157 3549 1201 3602 eie
1228 3546 1279 3600 illa
1291 3548 1324 3602 19

157 3637 206 3675 rea
234 3636 306 3675 suas
335 3620 557 3674 administravit
585 3625 614 3673 ct
642 3620 761 3674 mortali
789 3634 862 3690 rege
886 3619 1031 3673 frustrata
1054 3619 1120 3688 regi
1147 3619 1279 3672 omnium

156 3694 269 3764 nupsit,
288 3707 343 3762 pro
356 3696 478 3746 terreno
497 3706 594 3761 regno
613 3691 743 3745 caeleste
767 3693 880 3746 sortita.
917 3689 983 3744 Rex
1003 3705 1076 3744 vero
1096 3689 1280 3758 Theophilus
1290 3691 1325 3744 20

157 3764 349 3819 Theodoram
378 3763 466 3817 simul
494 3768 525 3816 et
552 3761 679 3832 nuptiali
706 3777 820 3816 corona
844 3767 874 3816 et
895 3762 981 3830 regio
1002 3761 1173 3815 diademate
1192 3765 1281 3815 ornat

157 3837 342 3906 nuptiasque
361 3834 503 3888 celebrat.
1032 3859 1036 3866 -
1095 3885 1096 3888 Ἴ

247 3906 325 3969 Quia
343 3905 593 3959 iustitiaecultor
612 3910 686 3969 erat,
706 3920 832 3974 gravem
846 3920 879 3958 ae
899 3909 928 3958 et
949 3901 1169 3958 inexorabilem
1189 3901 1322 3958 dadin-21

158 3978 322 4048 quentibna
350 3977 525 4047 praebebat.
563 3975 697 4046 Singulis
724 3977 819 4044 igitur
842 3975 1083 4030 hebdomadibus
1107 3987 1200 4042 eques
1225 3976 1324 4043 peril

158 4054 258 4104 iorum
287 4063 355 4102 cum
382 4048 562 4103 satellitibus
589 4049 682 4116 regiis
710 4048 739 4100 in
770 4047 875 4101 aedem
905 4045 1049 4116 deiparae
1071 4043 1280 4099 Blacherniam

157 4122 229 4175 ibat
276 4119 339 4174 Etsi
370 4121 449 4174 enim
478 4120 589 4173 divinis
615 4121 676 4173 ima
700 4119 801 4172 inibus
834 4119 978 4172 honorem
1010 4133 1072 4170 non
1104 4115 1279 4186 praebebat,
1289 4119 1324 4173 23

157 4193 307 4246 servatori
335 4197 436 4246 tamen
467 4189 584 4246 Christo
617 4197 647 4244 et
677 4134 726 4244 δεῖ
750 4191 839 4243 matri
858 4205 892 4244 se
910 4189 999 4243 iidem
1019 4202 1143 4242 servare
1162 4187 1279 4256 prolite-

157 4265 258 4318 batur.
295 4262 370 4318 Cum
390 4268 492 4317 autem
511 4263 554 4317 sio
572 4263 604 4315 in
624 4260 744 4331 publico
765 4267 948 4326 versaretur,
973 4260 1069 4313 l'aoilis
1098 4263 1163 4312 erat
1194 4259 1325 4316 aditadd

158 4349 323 4406 rerumque
341 4333 493 4389 venalium
514 4349 617 4387 curam
637 4333 771 4387 habebat
789 4337 819 4387 et
841 4334 947 4402 quanti
972 4344 1113 4400 quaeque
1132 4331 1278 4397 venirent,

159 4405 467 4476 cnrioaeindagabat.
505 4405 620 4471 Quodsi
636 4420 697 4476 qua
715 4420 828 4475 magno
848 4405 997 4471 venirent,
1016 4403 1172 4474 praelecto
1192 4401 1230 4456 de
1242 4402 1324 4460 iisab

158 4480 347 4554 interrogato
369 4478 417 4534 vel
438 4479 649 4550 magistratum
669 4478 849 4553 abrogabat,
877 4478 902 4534 si
921 4481 1084 4550 peccasset,
1114 4475 1162 4530 vel
1181 4476 1279 4532 obiur-
