3050 4775
224 381 280 440 488
515 380 651 440 zoNAR.
671 379 770 438 EPlT.
788 382 858 438 XVI
876 382 921 450 22,
942 381 1054 438 15-23.

225 571 375 649 ασιιισμῴ
390 562 462 638 τοὺς
472 562 665 650 Ἀγαριγνοὺς
680 564 886 648 ἀπωσάμενα
901 565 1008 629 ἄδειαν
1022 565 1183 648 παρέσχον
1193 571 1240 648 τῷ
1251 587 1344 645 στρα-

224 675 311 751 τηγῷ
339 668 472 752 ἐμβῆναι
499 668 542 738 είς
573 665 629 750 τὴν
661 667 847 752 στρατηγίδα
879 667 989 751 τριήρη
1021 666 1077 732 καλ
1107 668 1193 732 οὕτω
1224 672 1345 749 φυγεῖν.

18 775 104 832 w111
111 775 162 832 lbi
182 775 216 833 16
225 767 290 834 ἀλλ’
315 770 375 852 οὐχ
398 769 483 834 οὕτω
506 768 559 834 καί
585 776 632 853 τῷ
655 769 770 852 Βόρόᾳ
796 769 900 852 Φωκᾷ
926 775 973 852 τῴ
999 771 1065 834 τῶν
1092 769 1218 853 σχολῶν
1249 770 1345 852 όομε-

224 871 321 955 στίκῳ
344 871 526 956 συνηνιήκει
548 868 585 936 τὰ
608 869 689 954 πρὸς
711 871 785 944 τοὺς
806 869 910 954 ἐῴους
927 871 1131 954 Ἄγαρηνούς,
1158 878 1346 955 στρατηγικῇ

225 974 260 1038 ύέ
282 979 373 1060 τέχνῃ
396 974 449 1040 καί
477 973 618 1058 ἐμπειρίᾳ
645 973 718 1046 τοὺς
744 971 827 1056 πρὸς
853 973 991 1044 ἐκείνους
1018 972 1179 1057 πολέμους
1210 973 1374 1038 durarit-b

187 1082 320 1158 Βμενος
350 1075 443 1140 ἄστεά
474 1101 507 1141 τε
531 1075 631 1140 πολλὰ
659 1077 788 1141 ἐκείνων
815 1076 957 1159 ἀφείλετο
984 1075 1038 1140 καί
1063 1075 1101 1140 td
1130 1075 1346 1160 προστυχόντα

225 1177 308 1242 λείαν
330 1178 457 1244 έιίύετο.

182 1287 216 1344 17
308 1279 351 1346 ’O
372 1305 406 1365 γε
428 1281 493 1366 μὴν
518 1287 574 1346 τοῦ
600 1283 755 1367 βασιλέως
783 1281 852 1354 υλός
871 1279 1036 1364 Ῥωμανὸς
1065 1281 1109 1353 εἰς
1135 1281 1255 1364 ἄνδρας
1282 1281 1344 1365 iiie

224 1383 318 1448 τελεῖν
339 1385 496 1468 ἠργμένος
518 1385 553 1460 ἐξ
575 1385 723 1468 ἀγενείων
745 1383 800 1450 καί
822 1385 866 1456 εἰς
887 1383 1001 1449 ἑαυτὸν
1022 1383 1078 1468 τὴν
1100 1384 1244 1458 ἐξουσίαν
1257 1407 1345 1466 περι-

224 1491 350 1570 αγαγεῖν
365 1487 571 1572 ίμειρόμενος,
595 1488 787 1572 ἐπιβουλεύει
800 1493 838 1571 τῇ
862 1489 932 1572 ζωῇ
954 1491 1010 1551 τοῦ
1031 1487 1160 1569 πατρός,
1183 1509 1344 1569 συμπρατ-
1357 1501 1393 1554 10

223 1589 338 1674 τούσιγς
360 1590 524 1673 αὐτῷκαὶ
546 1597 600 1676 τῆς
628 1596 773 1675 γαμετῆς,
804 1590 859 1655 καί
889 1588 1056 1673 φαρμάκῳ
1083 1588 1261 1673 ύιγλητηρλῳ
1289 1588 1346 1672 τὴν

225 1691 393 1776 ἐπιβουλὴν
416 1694 656 1776 συνεσκεύασαν,
687 1695 705 1757 ὃ
728 1693 879 1764 λαθόντες
901 1690 1110 1774 καύαρτηρίῳ
1132 1690 1249 1774 πόματι
1271 1705 1383 1760 συν-Ι)
1398 1705 1492 1760 lvii

182 1800 217 1856 18
225 1793 388 1876 εκέρασαν,
413 1795 491 1878 ὅπερ
515 1795 639 1878 ἔμελλεν
662 1796 681 1860 ό
703 1795 911 1878 αὐτοκράτωρ
933 1799 1022 1858 πιεῖν.
1069 1793 1137 1877 ἄρτι
1159 1791 1194 1858 όέ
1209 1791 1345 1876 όούῆναι

224 1895 339 1977 μέλλω
366 1897 409 1967 εἷς
436 1896 528 1961 πόσιν
555 1903 602 1980 τῷ
623 1898 744 1981 βασιλεῖ
763 1894 814 1961 εἴτ’
838 1897 875 1961 ἐκ
896 1896 1049 1980 προνοίας
1071 1897 1129 1960 εἴτε
1150 1896 1287 1978 τυχαίως
1308 1894 1345 1959 τό

225 1997 320 2060 πλέον
343 1997 504 2082 ἐκκέχυτο,
526 1998 561 2063 τὸ
585 1999 620 2064 ύέ
641 2000 841 2084 περιλειφθὲν
864 2000 968 2082 ὀλίγον
990 2000 1028 2062 ὂν
1042 1997 1096 2063 καλ
1111 1998 1199 2080 παρὰ
1214 2003 1269 2062 τοῦ
1285 1999 1343 2081 βα-
1355 2010 1390 2065 15

226 2099 336 2170 σιλέως
361 2101 464 2164 node
491 2101 619 2174 ὀδύναις
643 2102 703 2186 μὲν
730 2101 826 2167 αύιὸν
848 2102 902 2166 καί
924 2100 1072 2166 κινύύνου
1095 2101 1210 2184 φόβοις
1231 2101 1271 2166 ού
1293 2125 1345 2184 με·

225 2207 315 2285 κροῖς
336 2203 526 2288 περιέβαλεν,
560 2204 598 2268 οὗ
625 2205 731 2286 μέντοι
753 2203 807 2269 καί
830 2205 976 2268 κίνύυνον
998 2202 1143 2286 ἐποίησεν
1165 2203 1253 2286 αύτῷ
1274 2201 1347 2286 περὶ

13 2309 163 2366 P11196A
183 2311 216 2367 19
225 2302 281 2389 τὴν
296 2304 392 2390 ζωήν.
437 2307 516 2378 τέως
532 2304 561 2370 d'
578 2304 636 2370 οὗν
651 2305 746 2372 αύτὸν
763 2307 927 2391 ύυσχερῶς
941 2306 1139 2390 όιαπέφευγε.
1179 2311 1226 2390 τῷ
1239 2329 1345 2369 πέντε·

225 2406 403 2489 καιύεκάτῳ
427 2404 455 2472 ‹i'
480 2408 613 2491 ἐνιαυτῷ
634 2416 689 2493 τῆς
711 2410 809 2474 αὐτοῦ
827 2408 983 2491 βασιλείας
998 2408 1033 2473 ἐν
1045 2414 1093 2491 τῷ
1106 2413 1163 2472 τοῦ
1175 2406 1344 2492 Ὀλύμπου

165 2456 204 2587 X}
226 2509 292 2593 ὄρει
315 2506 407 2583 οὗτος
435 2510 566 2596 ἐξῆλθεν
589 2512 608 2576 ό
629 2512 783 2595 βασιλεύς,
815 2512 902 2596 λόγῳ
932 2510 992 2596 μὲν
1022 2512 1071 2576 ἵνα
1099 2515 1166 2583 ταῖς
1191 2516 1256 2576 τῶν
1283 2512 1350 2577 ἐκεῖ
1355 2520 1391 2578 20

226 2741 244 2796 8
261 2742 299 2795 ὅτι
319 2740 336 2794 ό
353 2746 398 2796 τοῦ
416 2741 547 2812 βασιλέως
565 2741 622 2802 υίός
637 2741 774 2812 Ῥωμανός
791 2742 967 2813 ἐπεβούλευσε
986 2749 1024 2811 τῷ
1041 2743 1124 2812 πατρί
1139 2740 1187 2799 GE

280 2958 297 3011 3
315 2963 352 3025 τῷ
371 2962 443 3012 anie
461 2962 514 3011 τῶν
534 2972 590 3012 om.
604 2954 655 3013 ΟΒ
727 2957 746 3011 4
764 2956 832 3017 ίώας
852 2956 888 3025 D,
908 2973 985 3013 corr.
999 2956 1051 3016 Dw
1123 2958 1140 3011 6
1156 2956 1222 3027 πρός
1235 2960 1346 3026 τυχόντα

281 3027 317 3095 D,
337 3043 413 3083 corr.
432 3026 484 3087 Dw
574 3028 591 3083 9
609 3028 655 3082 καί
675 3044 732 3083 om.
752 3027 780 3082 D
871 3028 906 3083 14
923 3028 970 3083 τίν’
989 3029 1025 3100 p*
1117 3028 1151 3084 lb
1168 3029 1215 3083 ἐκέ
1232 3050 1278 3083 vro
1297 3028 1346 3083 Bu

282 3097 436 3163 17όΙ),ού
450 3114 526 3155 corr.
540 3098 591 3159 Dw
666 3100 699 3154 18
711 3100 847 3169 ύυςχερῶς
858 3099 976 3155 αύτόνΟ
1048 3100 1207 3169 ύιαπέφτυγτ
1247 3098 1347 3171 wpDi,

280 3171 452 3241 διαπέφευγεν
470 3169 505 3239 A,
525 3186 553 3227 v.
573 3170 613 3225 ad
631 3170 704 3225 XIII
724 3172 748 3240 l,
767 3170 785 3225 λ’)
857 3172 893 3227 20
909 3172 964 3240 ὄρει
985 3211 1064 3227 .....
1083 3171 1201 3232 σύιοςΕ

227 3387 400 3456 praetoriae
420 3387 550 3441 triremis
569 3386 822 3442 conscendendae
838 3393 869 3443 et
881 3388 976 3458 fugae
989 3387 1163 3442 facultatem
1178 3386 1249 3441 duci
1263 3402 1347 3458 prae·

184 3456 373 3512 libuissent.
410 3458 551 3529 Ceterum
575 3457 692 3513 Bardae
710 3458 836 3526 Phocus,
865 3458 1037 3514 scholarum
1063 3458 1255 3526 domesticus,
1284 3474 1348 3514 rem

227 3528 314 3583 aliter
332 3529 428 3599 gessit
447 3534 553 3584 contra
578 3530 741 3584 orIentales
759 3527 936 3601 Agareuos3
965 3530 1016 3599 qui
1046 3545 1114 3584 cum
1142 3529 1254 3585 bellum
1282 3537 1349 3585 arte

227 3601 423 3725 imperatoria
436 3601 593 3671 periteque
606 3600 839 3727 agintinistrrtret,
857 3601 966 3656 multas
980 3600 1117 3657 hostibus
1129 3601 1221 3656 urbes
1235 3601 1348 3657 ademit

229 3686 371 3725 eovra
410 3686 531 3727 uaene
572 3686 789 3728 racaueas.

184 3742 217 3797 17
316 3740 356 3797 At
374 3688 456 3813 rggis
472 3686 734 3811 (iliiiuspRomanus,
762 3760 802 3799 ex
821 3743 949 3799 imberbi
974 3746 1034 3798 iam
1058 3745 1106 3798 vir
1130 3745 1238 3811 factus,
1267 3750 1349 3814 pote·

228 3814 313 3868 statii
332 3813 371 3868 ad
391 3830 423 3869 se
442 3814 609 3870 trahendae
628 3815 795 3886 cupiditate
808 3814 960 3870 adductus
974 3816 1055 3871 vitae
1068 3816 1171 3885 patris,
1190 3816 1349 3871 adiutantc

227 3898 333 3953 uxore,
361 3885 529 3952 insidiatur,
559 3886 779 3943 medicamento
803 3888 957 3957 purganti,
986 3886 1069 3956 quod
1093 3888 1258 3958 imperator
1276 3886 1348 3942 bau·

183 3956 218 4010 18
228 3959 330 4011 sturue
343 3962 416 4025 erat,
431 3960 531 4012 toxico
546 3958 622 4013 clam
636 3958 775 4013 admisto.
811 3956 871 4014 Sed
885 3958 942 4012 boc
956 3973 1086 4024 veneno,
1100 3973 1168 4012 cum
1182 3959 1248 4029 regi
1262 3958 1349 4013 offer·

227 4032 319 4095 retur,
348 4029 413 4084 sive
438 4028 584 4085 divinitus
610 4030 676 4085 rive
698 4044 772 4085 casu
792 4030 916 4084 fortuito
935 4030 1068 4084 maxima
1087 4044 1126 4083 ex
1146 4034 1232 4099 parte
1251 4030 1347 4084 effuse

228 4103 258 4153 et
276 4100 398 4171 exiguo,
425 4100 507 4171 quod
526 4102 728 4171 superfuerat,
754 4101 871 4168 hausto,
891 4100 1047 4156 doloribus
1066 4100 1187 4169 quidem
1206 4106 1237 4155 et
1255 4107 1348 4156 terro-

227 4170 311 4226 ribus
331 4172 533 4242 periculorum
552 4171 635 4226 haud
653 4173 757 4243 parvis
777 4188 832 4227 rex
851 4176 897 4227 est
916 4172 1114 4241 conflictatus,
1142 4174 1224 4227 vitae
1246 4177 1348 4227 tamen

184 4241 217 4295 19
229 4242 397 4311 discrimen,
421 4256 604 4313 quamquam
626 4258 727 4314 aegre,
752 4244 858 4298 evasit.
895 4242 985 4297 Anno
1005 4248 1107 4298 autern
1127 4244 1214 4315 regni
1233 4242 1296 4299 XV.
1314 4245 1348 4299 in

228 4313 345 4384 Olympi
365 4320 497 4369 montem
517 4314 564 4368 hic
583 4329 638 4369 rex
658 4330 800 4387 egressus
819 4320 872 4381 est,
901 4330 955 4384 per
976 4316 1108 4384 speciem
1126 4315 1269 4386 precibus
1286 4330 1347 4371 mc·

228 4384 393 4440 nachorum
414 4394 521 4441 contra
534 4384 695 4456 Agarenos
714 4401 781 4443 sese
799 4386 946 4455 armandi,
965 4401 1034 4441 cum
1053 4402 1163 4442 revera
1181 4386 1212 4441 id
1230 4391 1347 4458 ageret,
