3050 4775
357 442 533 510 ululante
553 452 812 512 CALAPHATES
830 455 894 510 FlT
914 454 1073 513 CAESAR.
1222 458 1275 514 597

157 635 328 718 ἁμάρτημα
359 632 436 719 παρ’
465 637 595 701 ἐκείνων
628 637 724 708 ἄλλος
754 662 787 701 τε
818 639 945 713 ἐδέξατο
978 638 1103 710 ἐντολὰς
1134 640 1188 703 καὶ
1218 645 1274 704 τοῦ

0 750 5 786 t
32 743 80 798 IV
95 742 147 797 144
157 739 353 822 ἀφροδισίων
380 740 569 823 ἀπέχεσθαι·
601 742 693 804 ἔνθεν
719 765 766 804 τοι
788 742 842 805 καί
865 742 1019 813 διαδόσεις
1042 743 1172 807 ἐποιεῖτο
1195 750 1301 827 χρη·6

155 841 267 923 μάτων
296 842 425 905 πολλῶν
455 842 510 906 καὶ
541 849 665 925 σεμνεῒα
697 844 860 927 ᾠκοδόμει
890 845 945 908 καὶ
972 846 1016 915 είς
1043 843 1275 929 Θεσσαλονίκην

156 943 289 1027 ἀπῆλθε,
321 950 378 1007 τοῦ
405 946 583 1009 καλλινίκου
609 948 772 1030 μάρτυρος
794 947 974 1031 Δημητρίου
1004 948 1154 1031 δεόμενος
1176 950 1225 1013 ἵνα
1248 973 1274 1012 τι

129 1048 211 1110 θεοῦ
236 1048 364 1118 πάθους
395 1048 472 1133 εὐρη
505 1048 659 1130 ἀλέξημα·
691 1056 738 1131 τῷ
767 1048 801 1113 δὲ
830 1049 883 1113 καί
905 1049 1000 1120 νόσος
1021 1050 1150 1133 ὐδερικὴ
1174 1054 1306 1132 προσ-Ο

155 1151 282 1232 εγὲνετο.
328 1151 375 1222 ὡς
398 1149 456 1215 οὐν
479 1151 583 1221 οὕτως
603 1152 714 1234 ἔχοντα
736 1151 791 1216 τὸν
813 1151 952 1233 ἀδελφὸν
975 1152 1061 1236 ἐώρα
1080 1151 1301 1236 δἸωάννης,7

156 1251 259 1323 δείσας
279 1253 352 1335 περὶ
374 1260 411 1337 τῇ
433 1254 571 1337 βασιλείᾳ
593 1253 639 1336 μὴ
661 1253 785 1334 ἀθρόον
799 1252 955 1323 θανόντος
969 1258 1024 1317 τοῦ
1041 1254 1275 1336 αὐτοκράτορος

154 1354 204 1419 ἐπὶ
229 1361 267 1439 τῇ
291 1355 371 1439 Ζωῇ
398 1356 520 1439 γένηται
549 1356 596 1426 ὡς
623 1355 816 1438 κληρονόμῳ
844 1356 949 1438 αὐτῆς,
981 1356 1152 1420 κάντεῦθεν
1179 1356 1274 1426 αὐτός

152 1481 184 1520 τε
210 1457 264 1522 καί
290 1457 326 1521 τό
355 1460 445 1540 γένος
477 1458 552 1523 ὅλον
583 1459 627 1528 είς
658 1458 879 1539 ἒξολόθρευσιν
912 1460 1043 1541 γένηται,
1076 1460 1189 1541 μέτεισι
1220 1458 1274 1522 τὸν

111 1564 144 1618 10
154 1561 372 1643 αὐτοκράτορα
400 1561 586 1644 πιθανότησι
613 1561 667 1625 καὶ
688 1561 790 1624 πείθει
811 1560 865 1625 τὸν
888 1561 1077 1645 ἀδελφιδοῦν
1100 1562 1196 1625 αὐτοῦ
1218 1560 1273 1625 τὸν

153 1664 282 1746 Μιχαὴλ
303 1665 563 1747 προχειρίσασθαι
587 1663 742 1745 Καίσαρα,
775 1664 814 1727 ἵν’
837 1664 972 1747 ἔφεδρος
994 1665 1040 1747 εἴη
1067 1671 1105 1747 τῇ
1133 1671 1187 1747 τῆς
1212 1665 1271 1746 βα-

153 1766 265 1837 σιλείας
287 1767 379 1849 ἀρχῇ.
425 1766 491 1830 ἐπεὶ
514 1766 549 1829 δὲ
569 1773 625 1849 τῆς
646 1764 812 1849 βασιλείας,
844 1767 891 1837 ὡς
914 1768 1039 1849 εἴρηται,
1071 1768 1299 1850 κληρονόμον8

153 1868 209 1951 τὴν
231 1868 330 1951 Ζωὴν
351 1869 429 1952 ᾔδει,
461 1869 575 1951 μέτεισι
596 1869 755 1952 κάκείνην,
787 1869 841 1933 καὶ
863 1870 983 1952 μητέρα
1006 1869 1062 1952 τὴν
1084 1872 1195 1953 εὐγενῆ
1216 1875 1272 1935 τοῦ

153 1971 322 2053 δυσγενοῦς
344 1972 597 2035 ἀναπλάττουσιν.
643 1972 744 2054 ἄμφω
771 1971 831 2054 γὰρ
854 1972 899 2036 τὼ
923 1972 1053 2054 ἀδελφὼ
1077 1972 1299 2055 διαλεχθὲνιε9

108 2082 142 2136 15
152 2074 232 2158 αὐτῇ
257 2073 329 2155 περί
355 2074 466 2138 τούτου
495 2074 669 2157 εἰσποιητὸν
696 2076 809 2157 ταύτης
831 2075 885 2139 τὸν
908 2073 1038 2158 Μιχαὴλ
1060 2074 1130 2139 υίδν
1152 2075 1270 2157 ὀνομά-

152 2178 266 2251 ζουσιν.
311 2178 331 2259 ὴ
356 2174 391 2240 δὲ
411 2172 484 2259 μήτ’
509 2177 658 2240 ἀπεπτεῖν
684 2178 854 2261 θαρροῦσα
877 2183 941 2247 τοῖς
964 2178 1093 2242 ἐκείνων
1114 2177 1271 2259 θελὴμασι
1282 2181 1492 2239 10DW111191

151 2279 205 2343 καί
226 2280 331 2350 ἄλλως
353 2279 484 2350 εὔκολος
507 2277 588 2343 οὐσα
610 2279 742 2362 καλιὴν
764 2280 896 2363 γνώμην
918 2280 1081 2362 εὐάγωγος
1096 2282 1269 2344 κατένευσε.

151 2382 205 2446 καί
231 2383 440 2467 συνήθροιστο
466 2381 526 2466 μὲν
551 2383 594 2453 είς
615 2380 669 2446 τδν
692 2382 726 2446 ἕν
748 2382 943 2466 Βλαχέρναις
964 2383 1054 2448 θεῖον
1075 2382 1153 2447 ναὸν
1175 2384 1195 2466 ὴ
1220 2409 1269 2466 γε·
1281 2389 1314 2442 11

151 2485 262 2566 ρουσία
285 2485 322 2548 ἔκ
344 2485 612 2568 προκηρύγματος
633 2486 688 2549 καί
710 2487 741 2550 οἱ
762 2487 953 2570 πληροῦντες
975 2485 1031 2570 τὴν
1052 2486 1138 2560 τάξιν
1159 2485 1271 2570 δὴτὴν

150 2696 168 2750 5
185 2699 224 2751 δτι
242 2699 287 2753 καί
305 2698 394 2767 ὐδίρφ
412 2697 564 2766 περιέπεσεν
583 2699 600 2750 ό
615 2698 739 2767 βασιλεὺς
756 2699 868 2768 Μιχαὴλ
888 2697 935 2754 GE
1000 2698 1033 2754 18
1051 2701 1089 2752 δτι
1108 2700 1124 2752 ό
1141 2699 1270 2767 Καλαφά-

149 2789 196 2838 της
214 2769 326 2840 Μιχαὴλ
344 2773 414 2834 (om.
424 2769 460 2837 E)
478 2770 625 2839 οἱοθετὴθη
645 2779 676 2839 τῇ
692 2771 831 2840 βασιλίσσῃ
852 2772 898 2826 καί
913 2772 1017 2839 Καῖσαρ
1035 2769 1202 2840 ἀνηγορεύθη
1222 2769 1270 2826 OE

204 2975 220 3027 1
239 2975 319 3035 ἄλλος
337 2975 364 3028 τὲ
381 2975 444 3043 παρ’
464 2975 575 3029 ἐκείνων
594 2973 642 3029 BC
723 2973 831 3043 ὖεῦροι
850 2972 898 3029 BC
970 2973 1017 3043 τῷ]
1039 2975 1054 3028 ό
1072 2973 1098 3027 D
1171 2975 1270 3042 8κλη·

203 3048 315 3114 ρονόμος
333 3046 358 3100 Β
450 3047 484 3101 10
501 3048 656 3114 πιθανότητι
674 3045 727 3100 ΒΕ
817 3045 904 3100 αὐτῶν
922 3044 970 3100 BC
1062 3046 1094 3098 11
1114 3054 1146 3116 τῇ
1165 3062 1222 3100 om.
1242 3045 1270 3100 D

205 3118 239 3171 12
257 3117 327 3188 ἀρχὴ
347 3117 412 3186 (sic)
431 3118 458 3171 A
541 3119 575 3172 13
593 3118 718 3172 κάκεῖνον
736 3116 764 3170 D
848 3117 881 3170 14
900 3115 937 3170 τὼ
955 3115 1066 3184 ἀδελφὼ
1085 3115 1212 3187 prDt',
1231 3126 1269 3186 τῷ

201 3189 311 3258 ἀδελφῷ
324 3189 380 3243 AD
453 3190 487 3244 15
505 3190 563 3243 υἱὸν
582 3188 677 3244 om.B
750 3189 783 3243 17
802 3187 934 3258 εὐαγωγδς
954 3187 1018 3258 ιτἿι
1038 3189 1141 3243 invitis
1156 3187 1217 3256 AB,
1240 3205 1268 3242 v.

201 3259 286 3316 XVII
305 3261 348 3329 18,
367 3261 384 3315 ’λ
456 3261 491 3316 18
509 3262 527 3330 ὴ
545 3263 670 3330 γερουσία
689 3276 746 3316 om.
766 3258 793 3313 D

149 3457 321 3512 confessum
340 3471 409 3512 eum
428 3458 489 3512 alia
504 3459 544 3512 ab
557 3459 593 3512 iis
606 3459 771 3528 praecepta
784 3457 946 3527 accepisse,
966 3461 1030 3510 tum
1043 3459 1077 3512 ut
1089 3471 1123 3511 re
1136 3471 1269 3512 venerea

149 3528 324 3583 abstineret.
346 3528 538 3600 Quapropter
551 3529 678 3584 multum
691 3529 841 3597 pecuniae
855 3528 1004 3598 erogabat
1016 3531 1047 3582 et
1059 3543 1162 3583 sacras
1175 3527 1295 3583 aedes6

149 3601 327 3655 exstruebat
349 3605 379 3655 et
400 3600 439 3654 ad
458 3600 604 3654 inclutum
622 3607 788 3667 martyrem
807 3599 994 3654 Demetrium
1014 3601 1268 3669 peregrinabatur

149 3670 402 3739 Thessalonicam,
431 3671 510 3725 iliius
533 3673 604 3725 mali
628 3671 837 3741 depulsionem
863 3686 966 3738 orans3
996 3685 1103 3725 verum
1129 3671 1168 3724 ad
1193 3671 1267 3726 iliud

149 3743 240 3796 etiam
263 3742 398 3812 hydrops
421 3744 554 3797 accessit.
593 3742 679 3806 Quas
702 3757 770 3796 oum
794 3745 888 3797 frater
907 3743 972 3797 eius
991 3741 1121 3796 Ioannes
1141 3741 1293 3810 videret?

149 3815 274 3882 veritus,
302 3830 340 3868 ne
363 3814 546 3884 imperatore
570 3815 670 3868 subito
694 3815 843 3867 exstineto
862 3814 1021 3882 imperium
1040 3814 1080 3866 ad
1100 3813 1179 3868 Zoen
1201 3815 1267 3868 iure

149 3885 331 3939 hereditario
350 3885 471 3952 rediret,
498 3887 623 3955 ipseque
643 3899 711 3939 eum
731 3889 795 3938 tota
813 3885 928 3938 familia
946 3885 1174 3954 exstirparetur,
1200 3900 1266 3955 pro·

149 3956 301 4010 habilibus
318 3957 420 4010 verbis
438 3957 614 4025 imperatori
634 3956 805 4025 persuadet,
825 3962 859 4010 ut
877 3961 1019 4025 nepotem
1039 3971 1078 4010 ex
1097 3971 1201 4010 sorore
1216 3956 1266 4010 Mi·

149 4028 282 4082 chablem
308 4026 468 4082 Caesarem
492 4028 623 4098 appellet
647 4029 678 4080 in
703 4043 800 4096 regno
826 4042 1051 4094 successurum
1080 4027 1166 4081 euius
1194 4027 1293 4097 quia8

149 4098 209 4153 Zob
233 4098 320 4153 heres
348 4105 421 4164 erat,
448 4105 483 4154 ut
509 4098 621 4153 dietum
647 4104 700 4165 est,
729 4099 810 4152 iilam
834 4113 957 4168 quoque
980 4103 1046 4153 arte
1064 4103 1181 4152 tractat.
1219 4097 1266 4152 Ita

148 4174 316 4224 matronam
340 4170 472 4224 nobilem
491 4176 618 4225 matrem
637 4169 779 4239 ignobilis
798 4171 885 4239 pueri
904 4170 1031 4239 fingunt.
1068 4168 1166 4223 Ambo
1185 4169 1292 4223 enimi)

148 4242 259 4295 fratres
278 4256 315 4295 ea
335 4241 373 4295 de
392 4255 425 4296 re
444 4257 512 4295 eum
531 4241 581 4295 illa
602 4241 741 4295 collocuti
758 4240 934 4295 Michaelem
954 4242 1020 4295 sius
1038 4241 1131 4293 filium
1150 4240 1265 4310 adopti·

147 4326 221 4365 vum
239 4313 404 4366 nominant.
440 4313 484 4366 Ea
504 4328 577 4366 vero
597 4327 677 4381 quae
696 4327 753 4366 nee
772 4313 981 4366 voluntatibus
996 4327 1100 4366 eorum
1115 4312 1264 4381 refragari
1277 4311 1310 4365 10

148 4383 276 4437 auderet
298 4389 329 4436 et
353 4383 487 4452 alioquin
510 4385 607 4438 facilis
630 4398 665 4436 ac
691 4383 857 4437 tractabitis
882 4388 969 4448 esset,
997 4383 1112 4436 annuit.
1150 4381 1306 4437 Senatull

147 4455 243 4524 igitur
256 4461 286 4512 et
298 4455 342 4520 iis,
357 4455 409 4524 qui
422 4457 597 4510 comitatum
609 4455 728 4524 regium
743 4454 875 4525 expient,
887 4455 919 4509 in
933 4453 1142 4509 Blacherniam
1157 4454 1264 4508 aedem
