3050 4775
272 398 322 457 tta
541 396 676 457 ZONAR.
698 394 795 455 EPIT.
816 394 886 454 XlV
906 400 947 467 10,
966 396 1080 466 as-tt,
1100 394 1125 454 7.

225 586 290 647 98ἃ
313 583 433 666 μαδὼν
457 582 475 645 ὁ
498 581 641 665 βασιλεὺς
665 583 697 643 ἐν
720 589 875 665 συμφορᾷ
898 582 1065 663 ἐποιήσατο
1083 578 1137 643 καῖ
1151 579 1206 643 τὸν
1220 578 1279 662 μὲν
1294 577 1390 661 Μαρ-

270 692 353 749 τῖνον
375 686 431 769 τὴν
455 686 638 768 στρατηγίαν
662 684 814 766 ἀφείλετο,
840 683 997 766 Ἀρχελάῳ
1021 682 1055 745 δὲ
1078 682 1176 765 αὐτὴν
1191 682 1391 760 ἐνετυλντευσε,

227 790 325 853 illuni
346 789 427 870 πρὸς
442 787 616 870 Ὁρμίσδον
639 787 779 857 σπονδὰς
801 788 892 850 ἔδετο
908 784 1012 856 αὐθις.
1058 786 1094 849 ἐκ
1111 784 1145 848 δὲ
1160 792 1214 868 τῆς
1230 784 1281 848 διὰ
1295 789 1392 847 ταῦτα

114 901 221 956 1’1172
236 892 371 973 Αλύπης
394 892 481 973 νόσῳ
504 890 651 972 φρενίτιδι
673 892 919 973 περιπέπτωκεν,
943 889 1028 971 ἤλγει
1050 888 1085 951 δὲ
1107 888 1162 951 καί
1183 886 1256 957 τοὺς
1277 887 1390 957 πόδας.

227 994 416 1076 Βθάγιοιρῶν
443 994 548 1075 μέντοι
575 999 670 1075 γονῆς
697 992 823 1072 οἰκείας,
856 992 942 1073 ἔφθη
970 990 1023 1054 τὸν
1045 991 1168 1073 κόμητα
1191 994 1256 1053 τῶν
1279 989 1419 1063 linari-5

227 1108 260 1160 31
270 1097 368 1178 βίτων
391 1095 530 1178 Τιβέριον
554 1094 816 1177 υἱοποιησάμενος
838 1093 892 1156 καῖ
907 1093 1053 1175 Καίσαρα
1077 1094 1222 1157 ἀνειπών.
1268 1091 1392 1162 ἀνειλεῖς

273 1197 307 1261 δὲ
337 1204 392 1281 τῆς
424 1198 519 1261 νόσου
551 1198 804 1280 προσεκαλέσατο
831 1196 884 1260 τὸν
910 1196 1106 1279 πατριάρχην
1131 1195 1286 1277 Εὐτύγων
1317 1194 1391 1277 (δο-

272 1300 381 1371 νόντος
404 1299 464 1381 γὰρ
486 1305 542 1362 τοῦ
565 1300 628 1363 ἀπὸ
652 1300 866 1383 σχολαστικῶν
883 1298 1042 1379 Ἰωάννου,
1064 1298 1157 1362 πάλιν
1180 1296 1273 1369 αὐτος
1295 1298 1390 1361 ἔπαν-
1403 1299 1430 1353 D
1443 1300 1488 1354 ΙΙΙ
1501 1307 1525 1349 :

273 1404 358 1485 ήχδη
378 1402 431 1465 καί
454 1403 497 1471 είς
517 1401 572 1466 τὸν
594 1402 716 1484 δρόνον
739 1394 933 1484 ἀποκατέστη
956 1400 1010 1465 τὸν
1033 1401 1271 1485 ἀρχιερατικόν),
1294 1423 1390 1465 συνα-

139 1517 263 1573 willae
272 1506 406 1588 ὐροίοας
433 1503 468 1568 δὲ
494 1504 547 1567 καί
575 1504 631 1586 τὴν
659 1504 832 1587 σύγκλητον
855 1503 909 1566 καὶ
929 1503 985 1567 τδν
1006 1504 1126 1587 κλῆρον
1148 1511 1203 1587 τῆς
1225 1504 1391 1586 ἐκκλησίας
1402 1517 1437 1570 10

229 1621 264 1675 32
273 1607 400 1691 βασιλέα
423 1606 477 1671 τόν
498 1607 642 1688 Τιβέριον
664 1606 885 1690 ἀνηγόρευσεν,
909 1602 957 1669 ἀπ’
982 1606 1132 1687 ἀκροάσει
1153 1607 1282 1669 πάντων
1304 1606 1394 1688 αὐτῷ

274 1710 484 1791 ἐντειλάμενος
506 1709 543 1772 τὰ
565 1708 646 1792 πρὸς
669 1709 747 1772 θεὸν
770 1710 917 1790 εὐσεβεῖν,
940 1707 1013 1779 τοὺς
1035 1708 1199 1791 ὑπηκόους
1214 1709 1392 1791 εὐεργετεῖν,

273 1812 346 1883 τοὺς
361 1812 591 1894 ἀδικουμένους
607 1812 750 1893 ἐκδικεῖν,
773 1817 837 1881 τοῖς
852 1812 1051 1893 στρατιώταις
1065 1811 1111 1894 μὴ
1127 1810 1282 1875 ἐνδιδόναι
1299 1811 1393 1875 πλεο-

241 1922 399 1995 Βνεκτεῖν,
430 1914 476 1997 μὴ
504 1915 586 1996 μέγα
614 1914 664 1976 ἐπὶ
691 1921 729 1997 τῇ
756 1913 918 1995 ἁλουργίδι
940 1920 1079 1995 φρονεῖν,
1111 1919 1175 1984 τοῖς
1206 1914 1393 1997 εὐποροῦσιν

275 2017 443 2081 ἀπολαύειν
476 2022 540 2079 τῶν
574 2016 700 2080 οἰκείων
736 2016 962 2097 ἀνεπιφθόνως
994 2022 1209 2099 παραχωρεῖν,
1246 2022 1310 2087 ταῖς
1346 2016 1392 2098 μὴ
1404 2030 1439 2084 15

275 2122 399 2202 ἔχουσιν
421 2119 467 2189 ὡς
491 2120 623 2201 δύναμις
645 2119 802 2201 ἐπαρκεῖν,
826 2119 881 2202 τὴν
903 2119 1046 2201 βασιλίδα
1069 2119 1123 2182 καὶ
1144 2121 1259 2201 πριβην
1280 2119 1393 2201 κυρίαν

230 2224 372 2291 unauna
403 2221 631 2305 προσηκόντως
663 2226 762 2305 τιμᾶν.
817 2227 912 2284 ταῦτα
943 2223 1135 2305 παραινέσας
1165 2220 1219 2285 καί
1250 2222 1392 2303 συμβου-

275 2325 386 2396 λεύσας
409 2324 427 2386 ὁ
452 2324 614 2395 Ἰουστῖνος
635 2331 681 2407 τῷ
710 2324 845 2408 Τιβερίῳ
868 2324 887 2386 ό
908 2323 968 2408 μὲν
991 2324 1116 2400 ἐξέλιπε.

276 2483 471 2609 ἲιηῖνηρρηὲις
493 2484 612 2553 Τιβερίου
632 2482 678 2537 καί
697 2483 800 2555 τελευτὴ
816 2484 958 2538 ’Ῑουοτίνσυ
976 2483 1053 2539 ACE
1127 2484 1161 2539 18
1179 2499 1207 2539 V.
1221 2499 1339 2556 argum.
1352 2483 1393 2538 ad

399 2596 406 2623 ι

332 2700 346 2751 1
365 2697 391 2766 ἃ]
406 2699 421 2750 ὃ
432 2697 459 2750 Ι)
532 2697 792 2765 ἳίμπεπίστευκεθ
864 2699 881 2752 3
899 2695 1027 2767 δρμίσδάν
1036 2696 1117 2753 AOw
1130 2704 1170 2765 (v.
1181 2699 1220 2754 ad
1251 2699 1393 2768 .177,14),

330 2769 510 2894 δρμίσδαναηι
590 2769 699 2894 Χησδὰς
718 2769 754 2893 ἓ,
775 2785 851 2894 corz.
870 2769 922 2894 Illw
959 2771 1039 2894 2485
1056 2772 1131 2840 ἔφθη
1149 2715 1276 2841 Βυρδί,
1294 2772 1347 2841 ἔφη
1366 2769 1394 2824 Α

331 2842 572 2979 ὐλύζὶῖῖιςωδω
613 2856 733 2981 ιοψλίει
750 2843 899 2980 {effipia
912 2858 988 2966 {ian
1007 2839 1393 2984 nlff'o“t3{‘”“²'3{“333{rf3

330 2991 388 3038 κεῖν
407 2982 498 3059 BDu'⁴
591 2984 625 3036 14
643 2992 675 3052 τῇ
694 2999 750 3038 otu.
771 2983 798 3035 D
881 2983 1016 3052 ἁλουργίδι
1036 2981 1071 3051 A,
1089 2985 1225 3052 ἀλσυργῖδι
1244 2983 1280 3051 D,
1299 2985 1394 3053 ἁλουρ-

331 3056 382 3125 γίδι
401 3054 475 3123 pr
514 3051 527 3122 ',
547 3069 576 3108 v.
595 3055 634 3108 ad
654 3053 723 3108 XIV
743 3055 804 3122 l,2
911 3063 1019 3124 φρονεῖν
1037 3054 1163 3126 prDi,
1183 3054 1302 3126 φροξνῶν
1319 3055 1347 3109 A

367 3127 488 3218 εὐπόροις
508 3125 532 3181 Ο
623 3125 657 3179 15
675 3126 864 3216 ἀνεπιφδγίνως
884 3141 941 3214 qm.
959 3125 984 3179 B
1046 3126 1393 3218 u18posts’ts'lmeatiti.

330 3199 737 3323 ffss‘mmdfffi‘fgalgm
757 3199 834 3261 (δεκα
852 3218 897 3251 και
916 3200 973 3266 τρία
991 3197 1023 3265 Β,
1042 3219 1086 3266 ετη
1100 3219 1124 3266 ιγ
1146 3195 1179 3266 C)
1193 3197 1318 3270 prDr,
1337 3215 1394 3252 ont.

385 3312 391 3337 r
412 3285 440 3322 V·
459 3285 478 3322 a
641 3309 648 3335 ι

235 3405 365 3462 astricto
386 3404 506 3458 obviam
528 3405 571 3458 ire
590 3421 652 3460 non
675 3419 758 3458 auso.
798 3402 841 3457 Ea
860 3418 933 3459 vero
952 3419 1007 3458 rex
1027 3405 1196 3474 aegerrime
1215 3403 1283 3458 tulit
1301 3410 1394 3474 atque

279 3478 317 3529 im
322 3478 438 3545 perium
449 3475 577 3531 Martino
588 3476 771 3544 abrogatum
784 3477 815 3528 in
827 3474 1007 3530 Archelaum
1021 3476 1147 3531 contulit
1160 3479 1191 3530 et
1208 3490 1315 3546 pacem
1325 3491 1394 3531 cum

235 3545 440 3604 29H0rmisda
451 3548 529 3600 lecit.
558 3547 669 3602 Verum
689 3561 727 3601 ex
739 3561 923 3601 eomaerore
941 3548 972 3600 in
983 3547 1311 3616 phrenitidemincidit3
1330 3553 1396 3602 erat

235 3619 370 3676 boetiam
384 3618 514 3687 pedibus
524 3633 625 3688 aeger.
646 3617 681 3671 Et
691 3619 764 3687 quia
775 3618 885 3672 liberos
897 3633 959 3672 non
973 3618 1113 3683 babebat,
1132 3620 1196 3673 iam·
1205 3628 1296 3676 antea
1309 3618 1396 3674 'libe-

235 3695 269 3749 31
280 3693 358 3745 rium
369 3691 575 3744 excubitorem
587 3690 725 3746 comitem
737 3689 913 3758 adoptatum
922 3689 1083 3745 Caesarem
1092 3691 1269 3760 appellarat.
1289 3689 1394 3745 Morbo

280 3764 375 3832 igitur
384 3761 536 3829 liberatus,
556 3761 702 3816 arcessito
718 3761 891 3829 patriarcba
901 3761 1048 3829 Eutychio
1058 3762 1139 3828 (nam
1150 3767 1270 3816 mortuo
1280 3761 1395 3816 Ioanne

281 3833 500 3888 exscholastieo
520 3833 665 3887 reductus
685 3833 786 3886 luerat
804 3836 834 3885 et
853 3832 883 3884 in
903 3833 1086 3900 pontificiam
1106 3832 1208 3888 sedem
1227 3834 1394 3902 restitutus)

281 3909 311 3960 et
336 3909 444 3959 senatu
469 3908 561 3972 atque
585 3904 666 3958 clero
689 3904 836 3958 ecclesiae
858 3911 1027 3958 convocato
1046 3904 1202 3958 Tiberium
1220 3919 1325 3974 regem
1343 3920 1395 3975 ap·

236 3977 272 4032 32
281 3975 372 4047 pellat
391 3977 480 4044 eique
503 3976 643 4030 omnibus
667 3975 863 4029 audientibus
885 3975 1018 4042 mandat,
1047 3981 1082 4029 ut
1109 3975 1199 4030 deum
1229 3978 1279 4046 pie
1307 3976 1394 4044 colat,

279 4055 315 4103 ut
333 4047 476 4101 subiectis
495 4047 674 4112 benefaciat,
694 4051 729 4100 ut
740 4047 852 4099 iniuria
862 4062 1022 4116 oppressos
1035 4047 1176 4115 vindicet,
1195 4063 1235 4102 ne
1252 4048 1396 4102 militibus

281 4119 403 4190 quidvis
427 4119 560 4172 audendi
587 4119 737 4172 licentiam
757 4118 879 4184 tribuat,
907 4133 947 4171 ne
965 4133 1102 4189 purpura
1121 4119 1273 4186 efferatur,
1301 4123 1337 4173 ut
1355 4118 1396 4173 di-

280 4191 394 4245 vitibus
414 4205 470 4244 sua
497 4205 530 4245 rs
555 4189 696 4244 familiari
725 4190 801 4242 citra
824 4190 969 4243 invidiam
988 4189 1110 4244 fruendi
1136 4189 1189 4244 det
1206 4195 1396 4260 potestatem,

280 4269 316 4317 ut
325 4263 513 4334 pauperibus
526 4277 581 4331 pro
593 4261 709 4315 viribus
720 4267 887 4324 succurrat,
905 4266 940 4315 ut
952 4262 1098 4331 reginam,
1117 4261 1270 4316 dominam
1281 4261 1396 4316 dudum

237 4337 377 4400 utinam,
396 4334 588 4387 convenienti
608 4333 722 4387 bonore
735 4332 853 4387 alliciat.
890 4333 975 4398 Quae
988 4349 1055 4387 cum
1068 4333 1228 4388 Traianum
1244 4333 1397 4388 docuisset

282 4413 312 4463 et
332 4407 504 4475 monuisset,
524 4405 656 4460 lustinus
676 4405 758 4460 obiit.
