3050 4775
319 449 531 516 uicissem
550 456 771 514 aaracrras
789 454 840 512 nr
860 442 1112 513 pascuosae.
1226 452 1278 511 εστ

158 642 237 724 μήτε
260 647 319 725 γῆν
341 642 439 725 ἔχοντι
461 643 540 725 μήτε
562 642 658 723 τέλος,
682 640 736 704 καλ
758 639 794 704 τὸ
817 639 889 710 τοὺς
912 640 946 713 ἐξ
968 638 1101 721 ἀπόρων
1117 638 1206 709 ὅπως
1223 638 1367 719 bvj-2613

157 767 234 806 ποτε
256 745 299 814 εἷς
321 744 471 825 εὐπορίαν
493 744 732 826 μετενεχθέντος
755 744 901 826 χρήματα
926 742 1131 823 ἀπαιτεῖσθαι,
1159 742 1205 811 ῶς
1228 742 1278 805 εὖ·

158 844 249 927 ρετὰς
264 846 451 928 θησαυρῶν,
474 846 528 909 καὶ
551 845 586 909 τὸ
609 844 681 915 τοὺς
695 850 760 909 τῶν
775 850 863 927 νηῶν
878 845 1032 927 κτητσρας
1047 843 1280 925 ἀναγκάζεσθαι
1289 850 1324 907 27

159 954 217 1031 γῆν
249 948 399 1012 ὠνεῖσθαι
431 948 495 1011 ἀπὸ
526 954 582 1011 τοῦ
615 948 780 1030 άημοσίοιι,
814 948 1009 1031 ἀνθρώπους
1038 942 1107 1010 οὗθ’
1136 946 1192 1027 ὅ,τι
1220 945 1281 1008 ἐστὶ

131 1057 296 1132 5γεωργία
320 1051 541 1132 γινώσκοντας·
574 1050 629 1114 καλ
655 1056 747 1114 τοῦτο
777 1051 826 1114 ἐπὶ
848 1054 912 1113 τῶν
935 1050 968 1113 ἐν
990 1055 1054 1119 τοῖς
1076 1049 1212 1131 θέμασιν
1235 1048 1280 1110 οἰ-

158 1153 302 1216 κούντων
317 1153 507 1235 ναυκλήρων
523 1154 646 1235 ἐγίνετο.
678 1159 741 1224 τοῖς
758 1153 786 1216 θ’
804 1154 837 1217 έν
853 1150 1179 1215 Κιονσταντινουπόλει
1193 1154 1281 1233 νηῶν
1290 1159 1325 1213 28

158 1256 304 1338 κτήτορσι
325 1256 542 1338 προσερρίπτει
565 1255 625 1318 ἀνὰ
649 1255 776 1319 δώδεκα
800 1256 904 1337 λίτρας
919 1254 1051 1337 ἑκάστης
1066 1254 1208 1337 χρυσίου,
1231 1254 1280 1315 ἵνα

158 1358 254 1422 τάκον
284 1359 455 1442 καταβάλοι
486 1367 534 1441 τῷ
566 1359 721 1442 ἀημοσίῳ,
753 1364 818 1421 τῶν
850 1358 954 1422 ἄλλων
985 1359 1098 1440 βαρῶν
1125 1360 1190 1419 τῶν
1218 1360 1281 1425 τοῖς

158 1460 277 1531 πλοίοις
304 1462 508 1544 ἐπικειμένων
536 1462 689 1525 ἐπέκεινα.
735 1462 789 1524 καὶ
817 1464 873 1532 οὓς
897 1457 924 1525 δ’
950 1463 989 1523 ἂν
1012 1460 1114 1542 ἔμαθε
1136 1462 1201 1522 τῶν
1224 1458 1280 1540 ἕμ-
1290 1467 1326 1522 29

117 1563 271 1644 Ιθπόρων
287 1566 307 1645 ἢ
324 1564 537 1647 ἐργαστηρίων
556 1565 795 1646 προϊσταμένων
817 1564 944 1627 πολλῶν
967 1564 1121 1645 εὐπορεῖν,
1146 1560 1281 1623 στέλλων

160 1666 310 1749 ἀφῃρεῖτο
337 1666 374 1729 τὰ
401 1668 557 1750 χρήματα,
588 1666 760 1730 πολλοστόν
783 1691 808 1729 τι
831 1667 929 1749 μέρος
955 1665 1084 1735 ἐκείνοις
1107 1664 1180 1748 ἑῶν,
1213 1663 1280 1727 οἷον

158 1768 212 1830 καλ
235 1768 288 1831 ἐπί
306 1793 362 1832 τινι
383 1771 486 1853 πράτη
509 1771 632 1852 κηρίων
655 1770 826 1851 εἰργάσατο.
871 1767 992 1852 μαθὼν
1019 1766 1078 1850 γὰρ
1101 1766 1156 1830 τὸν
1178 1766 1279 1849 ἄνδρα
1289 1776 1325 1831 30
1344 1775 1366 1831 0

159 1872 278 1934 ἐκεῖνον
300 1872 411 1954 κύριον
432 1870 509 1935 εἶναι
531 1873 704 1955 χρημάτων
721 1872 848 1936 πολλῶν
863 1872 1093 1954 μεταπέμπεται
1109 1868 1205 1932 αὐτὸν
1227 1868 1281 1932 καὶ

158 1973 289 2043 ((ἒττίθες
315 1975 401 2037 σου”
427 1975 507 2057 φησί
530 1974 608 2055 “τι“γν
635 1980 723 2057 χεῖρα
753 1981 790 2057 τῇ
822 1974 946 2057 κεφαλῇ
977 1996 1042 2056 μου
1074 1971 1128 2035 καλ
1160 1972 1281 2053 ὄμοσον

116 2091 150 2144 15
159 2071 227 2139 κατ’
252 2076 349 2158 αὐτῆς
369 2076 470 2140 πόσον
493 2100 542 2140 σοι
564 2078 693 2159 χρυσίον
716 2077 809 2140 eorl?²
852 2082 907 2139 τοῦ
932 2076 966 2140 ἀὲ
988 2076 1174 2158 βιασθέντος
1188 2078 1280 2137 τοῦτο
1291 2084 1324 2139 31

158 2186 286 2262 ποιῆσαι
308 2179 362 2242 καί
384 2180 559 2261 ὀμόσαντος
582 2179 694 2243 ἑκατὸν
716 2180 797 2261 ἔχειν
826 2180 939 2262 λίτρας,
973 2178 1138 2262 ἐνεχθῆναι
1168 2178 1281 2252 ταύτας

158 2282 419 2364 παρατελαίσατο.
465 2283 511 2353 ὡς
534 2280 592 2346 οὗν
608 2282 833 2366 ἐκομίσθησαν,
856 2282 918 2345 “οῧ
934 2282 1022 2365 χρεία
1039 2303 1087 2345 σοι
1103 2281 1326 2347 τοσοθτου”32

159 2382 225 2449 εἷπε
247 2384 422 2469 “paveam'’
467 2385 544 2450 δέκα
572 2391 649 2468 γοῦν
671 2384 775 2469 λίτρας
798 2384 886 2468 αὐτῷ
909 2384 1078 2469 ἐπιτρέψας
1099 2383 1205 2470 λαβεῖν
1226 2386 1326 2458 τάς33

159 2486 271 2559 λοιπὰς
293 2486 387 2559 αὐτὸς
411 2487 605 2571 ᾠκειώσατο,
638 2486 820 2571 ὁμοδίαιτον
843 2487 939 2552 αὐτὸν
961 2493 1127 2572 τηνικαῦτα
1150 2512 1281 2573 πεποιη-

214 2725 232 2780 3
250 2733 303 2780 τῶν
322 2741 380 2782 om.
393 2725 470 2783 CDE
523 2727 719 2797 ἀναγκάζεσθαι
739 2744 796 2783 om.
810 2727 891 2797 Ewp,
912 2728 1027 2797 coegit:
1050 2729 1102 2784 Wo
1115 2729 1164 2782 lai.
1220 2727 1284 2782 biv

216 2814 273 2852 om.
291 2797 320 2852 D
429 2800 446 2854 7
464 2799 568 2868 ἑκάστῳ
587 2800 661 2871 pr
774 2800 791 2854 8
809 2799 959 2868 καταβάλλῃ
980 2799 1061 2869 Ewp,
1080 2799 1236 2870 καταβάλοιε
1255 2799 1282 2852 D

250 2870 724 2953 rdvalterumom.D,suppl.Dw
779 2870 986 2941 bisadovllwp
1042 2871 1283 2940 1οπροϊσταμένων

216 2956 273 2995 om.
293 2940 316 2997 C
389 2944 421 2995 ll
441 2943 497 2996 οῖον
515 2942 641 3013 prDt,
660 2945 689 2998 οἳ
704 2942 731 2996 Α
805 2943 840 2996 12
858 2943 953 3011 κηρίον
969 2945 974 3008 Ι
990 2943 1055 3006 (sio)
1074 2943 1100 2996 A
1173 2942 1208 2996 18
1226 2941 1283 2996 εἶπε

215 3011 326 3083 Apr,
339 3014 392 3082 ἔφη
404 3013 430 3066 D
502 3013 550 3067 οὖν
564 3015 596 3078 Ε,
609 3013 639 3068 δὲ
655 3014 683 3067 Ι)
755 3015 829 3083 αὐτῷ
842 3013 985 3083 ἐπιτρέψας
998 3012 1109 3084 Apr,
1122 3013 1282 3084 ἐπιστρέψας

214 3083 287 3138 αὐτῶ
306 3084 342 3151 D,
361 3085 504 3155 ἐπιτρέψας
522 3085 595 3139 αὐτῶ
614 3085 675 3155 Dw,
694 3086 768 3140 αὐτῶ
786 3086 974 3156 ἐπιτρέψαντος
994 3084 1017 3139 Ε

161 3317 275 3372 fundos
294 3333 393 3387 neque
416 3318 531 3374 reditus
554 3319 718 3374 habebant.
754 3318 802 3375 Ab
821 3321 858 3374 iis
878 3320 967 3375 etiam
988 3319 1038 3388 qui
1059 3317 1284 3388 quomodocun·
1294 3318 1329 3374 26

122 3431 125 3435 J
163 3404 223 3458 que
241 3405 259 3444 e
278 3391 466 3460 pauperibus
487 3391 596 3446 divites
618 3399 789 3459 evaserant,
818 3399 972 3460 tamquam
997 3391 1156 3446 thesauros
1180 3405 1285 3460 reppe-

162 3461 280 3530 rissent,
301 3463 462 3530 pecuniam
482 3463 565 3532 exigi
584 3463 679 3517 iussit.
717 3461 883 3518 Naucleros
903 3477 995 3532 agros
1015 3477 1115 3517 emere
1130 3477 1149 3515 a
1162 3461 1329 3532 publicol'l

162 3533 273 3602 coegit,
301 3533 437 3588 homines
456 3534 504 3588 vel
524 3534 597 3604 quid
616 3543 695 3588 esset
714 3534 903 3604 agricultura
923 3535 1108 3604 ignorantes,
1134 3533 1226 3602 idque
1245 3533 1285 3586 ad

162 3603 366 3672 provinciales
385 3605 545 3659 naucleros
564 3606 716 3675 pertinuit.
754 3605 812 3669 Qui
831 3610 933 3659 autem
948 3603 1032 3675 cpoli
1048 3603 1210 3674 degebant,
1230 3603 1330 3674 prodii

163 3675 293 3744 singulis
312 3676 443 3729 naribus
463 3675 621 3732 duodenas
640 3677 707 3731 auri
723 3676 816 3731 libras
829 3677 901 3730 lisca
915 3691 969 3747 pro
984 3690 1078 3730 usura
1092 3677 1286 3745 pensitabant

164 3745 245 3800 ultra
265 3754 368 3801 cetera
387 3762 490 3814 onera,
516 3762 596 3816 quae
614 3748 745 3802 navibus
764 3748 989 3802 incumbebant.
1026 3746 1190 3802 Praeterea
1209 3747 1330 3816 quos29

164 3817 213 3871 vel
232 3823 417 3873 mercatores
437 3819 484 3872 vel
506 3820 691 3874 cilicinarum
711 3821 873 3889 magistros
892 3820 1073 3889 pecuniosos
1096 3832 1163 3873 esse
1188 3823 1285 3884 norat,

164 3889 200 3942 iis
219 3891 352 3942 maxima
371 3895 458 3959 parte
477 3889 619 3959 adempta
638 3892 840 3960 perexiguum
861 3889 1005 3959 quiddam
1025 3889 1224 3959 relinquebat,
1251 3894 1287 3942 ut

165 3959 286 4014 cuidam
309 3975 467 4015 cereorum
491 3961 641 4016 venditori
667 3963 745 4015 iecit.
784 3963 878 4026 Quom
899 3977 967 4015 cum
985 3976 1118 4030 magnae
1138 3961 1286 4030 pecuniae
1296 3961 1331 4015 30

165 4046 232 4086 esse
251 4031 406 4086 dominum
425 4033 628 4102 cognovisset,
647 4035 825 4088 arcessitum
844 4047 936 4086 manu
955 4032 1034 4086 illius
1053 4047 1108 4086 suo
1129 4031 1220 4101 capiti
1236 4032 1286 4083 im-

165 4104 265 4173 posita
284 4104 416 4157 iuratum
436 4103 537 4158 dicere
554 4105 662 4173 coegit,
683 4109 830 4173 quantum
845 4106 911 4158 auri
926 4103 1059 4158 haberet.
1097 4103 1150 4156 Illo
1165 4107 1286 4157 centum
1295 4102 1329 4157 31

165 4175 259 4228 libras
278 4174 335 4228 hoc
354 4176 552 4229 iureiurando
572 4175 643 4229 dato
662 4177 839 4243 affirmante,
859 4175 1009 4230 hominem
1029 4175 1166 4228 hortatus
1180 4178 1233 4240 est,
1253 4178 1294 4225 ut

166 4260 219 4300 eas
243 4245 374 4300 afferret.
413 4245 529 4310 Quibus
557 4247 657 4301 allatis
674 4246 766 4301 “Non
789 4248 842 4301 tibi
868 4261 944 4316 opus
968 4245 1036 4300 est”
1060 4246 1158 4314 inquit
1178 4244 1331 4298 “tant032

166 4316 273 4385 auro”,
293 4322 323 4372 et
338 4316 442 4372 decern
456 4317 540 4372 libris
553 4319 581 4372 ei
594 4317 705 4373 relictis
718 4320 784 4388 ipse
797 4319 930 4388 reliquas
943 4318 1001 4371 sibi
1020 4316 1187 4371 vindicavit
1207 4331 1287 4370 eum·
1296 4315 1331 4370 33

166 4403 227 4460 que
250 4403 326 4444 suae
349 4403 473 4444 mensae
496 4390 635 4444 adhibuit
657 4392 827 4462 nonaginta
852 4391 935 4444 libris
959 4390 1025 4445 auri
1049 4403 1143 4444 unum
1168 4388 1287 4458 regium

167 4461 330 4536 prandium
349 4478 411 4518 non
430 4469 539 4538 sponte
556 4470 732 4520 mercatum.
