3050 4775
220 377 273 435 296
496 378 633 438 sousa.
652 378 751 437 amr.
771 378 826 438 XV
844 380 887 451 12,
906 380 1020 451 21-13,
1038 380 1064 438 6.

61 564 210 623 sullas
221 564 287 627 ἀντὶ
309 571 363 648 τῆς
385 564 542 648 βασιλείου
562 566 673 650 στολῆς
687 566 889 649 μοναζούοης
905 566 1007 649 άμψια
1023 565 1153 648 μέλανα,
1181 560 1341 647 Θεοδότην

219 666 285 730 τινά
308 668 580 751 κουβικουλαρέαν
598 669 716 739 ἐκεῖνος
731 670 872 751 ἠγάγετο,
897 669 1083 751 Αύγούσταν
1099 669 1216 750 στέψας
1231 668 1337 751 αύτήν.

175 774 211 829 22
309 770 373 833 Καὶ
404 771 484 834 κατὰ
515 780 580 835 των
604 772 752 855 Ἀράβων
784 772 1021 854 ἐπιστρατεύσας
1052 772 1202 854 τρόπαων
1233 772 1339 853 ἵστησι.

175 876 210 931 23
218 880 275 937 τοῦ
296 876 402 956 μέντοι
426 874 615 956 Καρδάμου,
648 876 685 937 ὃν
708 875 727 939 ὁ
749 874 842 957 λόγος
865 882 929 939 τῶν
953 873 1150 956 Βουλγάρων
1173 874 1341 956 ἐγνώρισεν

220 976 370 1060 ἀρχηγόν,
400 977 524 1060 ψάρους
550 978 754 1049 ἀπαιτοῦντος
782 978 870 1061 αύτῷ
892 977 1044 1041 τελεῖσθαι
1066 975 1153 1059 παρὰ
1173 976 1367 1058 Ῥωμαίωνδ

219 1079 365 1161 καὶπερὶ
388 1080 510 1143 τούτων
539 1081 803 1163 διαπεμψαμένου
829 1079 911 1163 πρὸς
939 1079 993 1143 τὸν
1024 1084 1209 1163 κρατοῦντα,
1241 1080 1261 1162 ἢ
1285 1078 1341 1161 τὴν

224 1180 357 1264 Θρᾴκην
379 1182 452 1265 άχρι
473 1189 529 1266 τῆς
550 1183 675 1255 πόλεως
699 1184 899 1254 ἀπειλοῦντος
927 1182 1104 1266 ληίσασάαι,
1137 1184 1256 1252 ἐκεῖνος
1284 1181 1340 1245 κά-

219 1307 302 1365 προν
324 1284 505 1365 ὑποζυγίων
528 1292 574 1368 τῴ
595 1285 755 1369 βαρβάρῳ
783 1286 966 1367 ἀπέστειλεν,
996 1285 1163 1356 ἐπιστείλας
1185 1285 1273 1367 αὐτῷ
1296 1285 1341 1348 ὅτι

220 1386 347 1469 “γε’ρων
369 1386 399 1451 ελ
418 1388 472 1451 καί
493 1388 539 1470 μὴ
555 1389 710 1472 κοπιάσῃς
727 1389 864 1453 ἐνταῦθα
881 1388 1066 1471 ἐρχόμενος·
1092 1387 1156 1471 ἐγὼ
1173 1388 1207 1451 δὲ
1222 1388 1342 1471 μᾶλλον

175 1490 211 1546 94
220 1489 386 1572 ἐλεύσομαι
408 1490 458 1553 ἐπὶ
480 1491 549 1555 σε’.”
593 1491 647 1553 καί
669 1491 780 1555 αι’πίκα
799 1490 853 1561 τὰς
865 1490 1045 1574 Ῥωμαϊκὰς
1068 1491 1223 1573 ἀάροίοας
1246 1490 1340 1555 δυνά·
1353 1498 1387 1551 10

220 1616 288 1674 μεις
311 1593 402 1677 ἀπῄει
428 1594 507 1657 κατά
532 1593 738 1675 Βουλγάρων,
767 1592 821 1657 καί
844 1594 905 1677 ἤδη
929 1594 1059 1677 πλησίον
1082 1594 1226 1676 ἀλλήλων
1255 1617 1341 1677 γενο-

220 1697 328 1777 μένων
359 1703 424 1761 ταίν
456 1697 696 1779 στρατευμάτων
722 1697 777 1760 καλ
804 1702 858 1759 τοῦ
885 1697 1040 1779 βασιλέως
1069 1698 1111 1765 εἰς
1133 1696 1240 1779 μάχην
1262 1719 1341 1779 προ-

187 1799 420 1881 Βκαλουμὲνου
452 1798 525 1869 τοὺς
555 1798 749 1881 βαρβάρους,
783 1800 801 1863 δ
832 1798 1006 1881 Κάρδαμος
1033 1796 1090 1862 σὺν
1121 1804 1185 1869 τοῖς
1219 1798 1343 1869 οἰκείοις

177 1904 213 1958 25
223 1900 442 1971 ἀποδειλιάσας
470 1900 676 1983 στρατεύμασι
704 1898 809 1984 ψυχάς
831 1903 940 1984 ᾤχετο.
987 1899 1064 1964 ἀλλὰ
1087 1900 1141 1964 καὶ
1163 1902 1194 1965 οῖ
1209 1898 1344 1983 Ἄραβες

223 2002 304 2067 κατὰ
327 2008 381 2066 τοῦ
400 2003 550 2086 Ἄμορίου
573 2004 775 2087 χωρήσαντες
799 2004 892 2068 οὐδέν
915 2028 941 2066 τι
964 2004 1057 2086 ἔσχον
1080 2002 1161 2087 πρὸς
1183 2002 1239 2087 τὴν
1253 2002 1387 2066 πόλιν15

224 2105 386 2189 ἀνύσιμον,
409 2106 493 2169 λείαν
517 2105 551 2170 δὲ
572 2105 720 2189 λαβόντες
742 2108 951 2189 ὑπέστρεψαν.

224 2345 241 2400 4
260 2346 297 2400 ὅτι
316 2344 384 2402 κατά
402 2345 567 2418 Βουλγάρων
585 2348 601 2401 δ
616 2344 740 2418 βασιλεὺς
758 2344 957 2416 ἐξεστράτευσεν
977 2345 999 2403 C

278 2570 540 2640 2ιιουβιιιουλορίαν
557 2569 637 2625 AOD
656 2569 791 2640 Theoph.
812 2571 825 2624 I
844 2587 872 2640 p.
892 2571 953 2638 470,
973 2572 998 2637 2,
1026 2572 1251 2642 κουβικουλαρίαν
1270 2571 1343 2642 pr

277 2643 295 2696 3
314 2643 359 2706 καὶ
377 2640 437 2709 ΑΕ,
456 2641 511 2696 εἶτα
530 2641 603 2711 pr
719 2649 774 2696 τῶν
792 2641 903 2714 Apr,
923 2650 968 2712 τῆς
986 2641 1028 2697 Di
1140 2644 1297 2712 στρατεύσας
1318 2642 1344 2696 D

278 2712 296 2767 4
313 2714 330 2767 δ
347 2729 404 2768 om.
424 2712 488 2782 νὴ)
507 2712 610 2767 invitis
628 2711 682 2767 AR
765 2715 783 2768 6
801 2715 892 2768 τούτου
911 2715 985 2784 pr
1059 2715 1277 2784 διαπεμψάμενος
1296 2715 1345 2768 vel

279 2784 499 2853 διαπεμψάμενον
512 2784 535 2837 Β
607 2785 625 2839 8
642 2785 788 2839 ἀπέστειλεν
800 2784 870 2841 RDi
888 2789 927 2850 (v.
940 2785 1144 2852 auxilius),
1163 2785 1296 2840 άπύσττιλτ
1309 2785 1344 2854 Α,

278 2856 418 2910 ε’πιστειλεν
437 2855 487 2921 w*,
506 2856 651 2910 ἐπέστειλεν
671 2855 706 2925 ρ*
767 2858 801 2910 10
819 2857 891 2912 ε’πισὲ
909 2856 943 2925 Α,
962 2858 1004 2911 ἐπὶ
1023 2857 1052 2912 σὲ
1070 2855 1170 2925 RlDi),
1188 2858 1260 2912 ἕπίσε
1278 2855 1344 2928 w*p

281 2928 310 2981 ll
331 2929 453 2995 πλησίων
471 2927 499 2981 Ι)
572 2927 607 2980 12
624 2929 662 2988 τίς
679 2929 769 2996 μάχην
789 2945 846 2984 om.
866 2928 891 2984 Ο
962 2929 1194 2997 προςιιαλουμίνου
1211 2928 1247 2994 D,
1267 2944 1344 2983 cortu

280 2998 331 3056 Dw
381 2999 415 3053 13
434 3004 502 3068 post
519 2999 672 3069 βαρβάρους
690 2999 759 3053 add.
779 3001 816 3060 είς
833 3001 949 3068 πόλεμον
968 3001 1000 3068 O,
1020 3001 1060 3054 ad
1080 3001 1205 3054 bellum:
1230 3001 1344 3055 Wolat.

281 3071 315 3124 14
332 3071 519 3139 στρατεύμασιν
538 3071 721 3130 ἀποδειλιάσας
741 3071 813 3140 Ewp
903 3072 937 3126 lb
955 3071 1022 3126 κατὰ
1042 3088 1097 3126 orn.
1118 3071 1155 3136 D,
1175 3073 1272 3142 suppl.
1294 3071 1344 3130 Dw

311 3142 442 3212 Ἄμωρίου
462 3141 595 3212 Theoph.
616 3141 629 3195 I
648 3157 676 3212 p.
695 3143 757 3211 470,
777 3141 812 3196 22
901 3142 968 3212 πρὸς
986 3143 1033 3214 τὴν
1051 3144 1127 3197 πάλιν
1145 3144 1223 3212 ἔσχον
1242 3143 1266 3198 0

226 3402 295 3441 cum
313 3402 392 3441 uxor
411 3392 551 3441 ornatum
570 3388 689 3458 regium
712 3389 810 3442 invita
833 3405 901 3444 cum
926 3390 1015 3460 nigro
1040 3390 1220 3444 vestimento
1244 3405 1344 3444 mona·

225 3459 299 3512 stico
325 3463 547 3525 commutasset,
575 3457 762 3514 Theodotam
786 3460 939 3530 quandam
964 3460 1180 3514 cubiculariam
1209 3461 1296 3516 duxit
1316 3467 1346 3516 et

225 3529 378 3599 augustali
398 3545 511 3583 corona
530 3531 658 3584 ornavit.

127 3593 215 3648 2223
315 3600 388 3656 Cura
403 3599 556 3665 Arabibus
569 3617 714 3670 prospere
728 3602 890 3669 dImicavit,
907 3602 1055 3658 Cardamo
1069 3617 1153 3668 vero,
1173 3619 1262 3672 quem
1277 3601 1344 3658 Bul·

224 3687 369 3741 garorum
389 3673 554 3742 principem
574 3673 668 3726 luisse
691 3673 973 3740 demonstravimus,
1002 3689 1069 3728 cum
1094 3675 1203 3742 legatis
1229 3674 1268 3728 ad
1293 3675 1344 3728 im·

225 3751 396 3812 peratorem
416 3745 512 3798 missis
532 3744 722 3812 postulasset,
740 3751 774 3798 ut
795 3745 908 3799 tributa
920 3747 977 3800 sibi
991 3762 1010 3798 a
1021 3744 1163 3799 Romanis
1179 3745 1344 3814 ponderen-

225 3822 282 3880 tur,
313 3815 444 3869 minatus
466 3830 508 3879 se,
536 3815 561 3868 si
580 3821 776 3884 negarentur,
805 3815 965 3870 Thraciam
984 3816 1140 3886 usquead
1160 3816 1274 3886 Cpolim
1295 3834 1344 3887 po-

225 3885 400 3954 pulaturum
425 3903 499 3952 esse,
525 3891 659 3940 stercora
678 3887 879 3942 iumentorum
901 3889 979 3941 misit
998 3887 1109 3942 additis
1128 3887 1241 3956 litteris,
1262 3889 1344 3958 quod

224 3972 319 4012 senex
337 3963 424 4022 esset,
445 3957 597 4011 molestias
610 3959 725 4012 itineris
738 3959 797 4012 huc
811 3959 941 4012 faciendi
956 3959 983 4012 ei
997 3975 1058 4013 non
1072 3975 1138 4014 csse
1152 3959 1344 4028 sarbeundas3

180 4023 295 4082 2411am
308 4030 409 4098 potius
423 4044 456 4082 se
469 4029 567 4098 ipsum
581 4029 620 4081 ad
635 4045 702 4083 eum
717 4045 783 4083 csso
798 4035 968 4084 venturum.
1005 4029 1050 4084 Ac
1063 4030 1206 4085 Romanis
1221 4031 1344 4100 legioni-

226 4101 283 4154 bus
300 4101 400 4154 statim
421 4101 533 4154 coactis
552 4107 712 4170 postquam
733 4107 838 4154 contra
858 4101 1007 4170 Bulgaros
1028 4104 1182 4170 proiectus
1202 4107 1254 4169 cst,
1275 4101 1344 4157 Car·

225 4171 341 4238 damus,
370 4186 437 4224 curn
464 4173 617 4225 exercitus
641 4173 671 4225 in
697 4173 867 4241 propinquo
894 4179 995 4230 essent
1014 4179 1044 4227 et
1063 4189 1117 4228 rex
1138 4173 1285 4228 barbaros
1304 4174 1343 4228 ad

179 4239 360 4311 25pugnam
381 4247 533 4309 evocaret,
557 4257 625 4296 cum
644 4244 707 4296 suis
726 4245 821 4312 copiis
841 4245 964 4298 territus
983 4247 1088 4314 lugam
1109 4246 1197 4313 cepit.
1234 4243 1293 4300 Sed
1313 4250 1344 4299 et

224 4312 342 4438 &robes
363 4311 519 4368 Amorium
543 4315 682 4386 aggressi
705 4330 738 4370 re
762 4317 884 4383 infecta,
914 4316 1029 4388 pracda
1057 4315 1216 4371 dumtaxat
1244 4322 1343 4386 capta,

246 4385 437 4440 lacesserunt
