3050 4775
249 426 303 483 314
558 423 693 482 ZONAR.
714 424 812 482 ΕΡΙΤ.
832 423 886 483 XV
905 426 947 495 17,
966 422 1062 483 8-20.

222 611 320 685 θεοὺς
348 612 401 678 καί
426 614 531 697 μέντοι
560 612 613 677 καί
639 614 751 697 ήνωσε.
798 610 927 676 καὶτὸν
950 611 1018 676 υίόν
1042 608 1076 675 δὲ
1103 608 1369 691 Θεοιγύλακτονό

248 716 391 799 βασιλεὺς
419 714 511 787 οὗτος
537 723 592 800 τῆς
618 717 781 800 βασιλικῆς
807 717 922 800 ήξίωσε
945 715 1088 798 κλήσεως
1111 714 1167 778 καί
1187 714 1217 777 ol
1239 711 1290 776 διὰ
1313 718 1369 776 τοῦ

205 819 240 875 10
248 821 443 902 πατριάρχου
474 820 612 903 διάδημα
635 820 809 901 περιέθετο.
856 818 918 883 εἰτα
941 818 1021 882 κατὰ
1044 816 1243 899 Βουλγόρων
1265 818 1368 899 ληιζο-

248 924 356 1005 μένων
377 922 433 1005 τήν
460 920 623 1004 Θρᾳκτβαν
649 928 766 1005 μοῖραν
798 920 1031 1003 ἐκστρατεύσας,
1064 920 1267 984 στασιάσαντα
1299 918 1368 982 κατ’

249 1026 346 1088 αὐτοῦ
374 1030 439 1089 τῶν
465 1026 634 1108 ταγμάτων
664 1025 740 1106 τινά,
774 1024 821 1095 ὡς
848 1023 901 1087 καί
930 1026 973 1095 εἰς
995 1024 1100 1107 ὕβρεις
1122 1029 1267 1107 χωρήσω
1289 1021 1395 1085 narni

215 1125 284 1191 Βτδ
305 1129 478 1210 προφανές,
502 1127 606 1208 λόγοις
627 1128 785 1209 μειλιχίοις
805 1126 858 1191 καί
874 1127 992 1209 δώροις
1007 1126 1179 1209 φιλοτίμοις
1193 1125 1406 1208 κατηύνασεΙ)
1420 1126 1467 1183 lll
1478 1130 1522 1185 37

206 1230 302 1293 11καί
330 1232 374 1301 εἰς
401 1230 438 1294 τὰ
470 1230 607 1312 βασίλεια
640 1230 852 1305 ἔπανέζευξεν.
898 1230 1092 1294 ἀνακαινίσαι
1125 1228 1159 1293 δὲ
1191 1227 1370 1311 ζητούντων

248 1332 375 1397 πολλῶν
397 1333 453 1416 τήν
475 1332 555 1396 κατὰ
578 1338 642 1397 τῶν
665 1337 787 1397 σετττῶν
810 1332 943 1397 εἰκόνων
957 1332 1082 1415 μανίαν,
1105 1330 1188 1403 τινὰς
1204 1330 1370 1413 συλλαβὼν

248 1436 302 1498 καὶ
316 1436 451 1518 μετρίως
469 1459 540 1506 πως
563 1436 771 1519 αἰκισάμενος,
796 1430 835 1499 δι’
859 1435 965 1499 αὐτῶν
987 1434 1041 1499 καὶ
1062 1433 1135 1506 τοὺς
1152 1432 1279 1504 λεκτοὺς
1294 1456 1369 1496 κατ-

206 1538 239 1593 12
248 1538 380 1621 επτόησε
402 1538 455 1602 καὶ
477 1539 661 1603 παύσασθαι
686 1538 910 1620 παρεσκεύασε.
955 1538 1098 1622 μοναχὸν
1128 1537 1164 1601 δέ
1190 1560 1254 1600 τινα
1278 1536 1368 1600 εὐλα-
1383 1545 1415 1599 10

248 1641 334 1724 βεύας
362 1643 441 1725 τάχα
471 1642 590 1725 σκηνήν
615 1642 850 1724 ἐνδεικνύμενον
872 1640 1019 1724 εὑρηκὼς
1042 1639 1146 1705 εἰκόνα
1170 1646 1225 1723 τής
1247 1640 1369 1725 όεομή-

248 1768 341 1825 τορσς
363 1746 568 1827 ἀποξέσαντα,
592 1752 647 1828 τῆς
669 1745 813 1828 γλώσσης
836 1744 987 1827 ἀφείλετο.

205 1847 239 1903 ¹3
345 1848 420 1911 Τῶν
438 1847 622 1931 Ἀγαρηνῶν
654 1848 688 1911 δὲ
718 1848 775 1930 τὴν
802 1847 887 1931 ἑῴαν
913 1846 1007 1917 oddae
1034 1847 1237 1930 ληιζομένων,
1265 1845 1371 1909 ότῶν

249 1949 442 2013 ἀνατολικῶν
476 1950 647 2033 στρατηγὸς
679 1951 697 2014 ό
724 1950 887 2033 Ἀρμένιος
920 1950 1013 2013 Λέων
1046 1950 1165 2019 τούτοις
1197 1947 1370 2030 συμβαλὼν

248 2052 348 2116 ἀνεῖλέ
375 2076 408 2116 τε
434 2052 506 2135 περί
534 2053 698 2136 δισχιλίους
726 2053 779 2117 καί
806 2054 920 2124 ἵππους
942 2051 996 2116 καί
1019 2052 1099 2115 ὅπλα
1124 2053 1166 2121 εἰς
1188 2050 1312 2134 πλῆθος
1335 2051 1369 2124 ἐξ
1382 2060 1413 2115 it

164 2154 186 2213 C
206 2154 240 2209 14
251 2156 357 2219 αὐτῶν
378 2155 657 2239 ἐλαφυραγτόγησε.
703 2154 857 2238 Κροῦμσς
881 2156 915 2219 δὲ
931 2156 949 2219 ό
964 2160 1028 2219 τῶν
1043 2154 1242 2236 Βουλγάρων
1259 2154 1369 2235 ἄρχων

251 2257 509 2341 διεπρεσβεύσατο
532 2257 614 2341 πρὸς
635 2258 689 2323 τὸν
710 2258 846 2342 βασιλέα,
870 2259 996 2342 εἰρήνην
1012 2259 1115 2340 ζητῶν
1131 2257 1180 2321 ἐπὶ
1195 2256 1369 2338 συνθήκαις

250 2470 263 2524 1
278 2473 316 2524 ότι
329 2472 437 2541 ἔστεψεν
450 2473 466 2526 ό
473 2470 584 2541 Μιχαὴλ
598 2470 728 2541 (βασιλεὺς
736 2473 771 2536 Ε)
782 2471 826 2526 τόν
837 2471 895 2525 υἱόν
907 2471 988 2526 αὐτοῦ
1001 2471 1188 2540 Θεοφύλακτον
1199 2469 1247 2524 GE
1301 2468 1318 2522 ’ἰ
1331 2471 1369 2523 δτι

249 2542 309 2603 τοὺς
322 2542 389 2597 κατὰ
401 2551 454 2598 τῶν
467 2543 550 2610 ἁγίων
562 2544 676 2597 εἰκόνων
692 2545 739 2608 (εἰς
752 2542 797 2603 τὰς
809 2544 883 2612 ἁγίας
895 2545 997 2602 εἰκόνας
1012 2543 1046 2607 Ε)
1066 2541 1279 2608 νεανιευομένους
1298 2543 1368 2604 (νεα-

248 2615 431 2682 νιευσαμένους
451 2615 484 2674 Ε)
503 2615 614 2683 ᾐκίσατο
633 2614 681 2669 ΟΕ
774 2614 808 2668 13
827 2615 888 2682 περὶ
906 2621 960 2668 τῶν
975 2615 1125 2682 Ἆγαρηνῶν
1145 2612 1192 2667 ΟΕ
1278 2611 1311 2665 16
1330 2614 1368 2666 ότι

248 2688 265 2738 ό
281 2694 335 2739 τῶν
350 2686 513 2754 Βουλγόρων
531 2687 625 2754 ἅρχων
642 2689 699 2755 ᾔτει
719 2687 842 2746 σπονδάς.
862 2687 879 2738 ό
896 2685 925 2740 δὲ
942 2685 1064 2756 βασιλεὺς
1081 2687 1098 2740 ἃ
1116 2685 1215 2743 ἐκεῖνος
1228 2683 1312 2752 ἐζήτει
1329 2683 1368 2752 μὴ

247 2759 357 2826 πληρῶν
372 2757 541 2827 παρῃτήσατο
558 2759 727 2812 σπείσασθαι·
746 2758 792 2812 κατ’
814 2759 842 2811 σί
852 2758 1002 2828 Βούλγαρσὶ
1020 2756 1087 2812 κατὰ
1104 2757 1282 2826 Μεσημβρίας
1300 2754 1368 2826 ἰχώ-

247 2849 333 2900 ρησαν
350 2829 396 2883 καὶ
414 2829 442 2883 τό
461 2829 525 2884 ἄστυ
544 2829 614 2884 ellos
633 2829 656 2884 C

300 3025 326 3079 4.
345 3025 363 3080 5
381 3025 440 3079 κατ’
458 3025 540 3081 αὐτοῦ
560 3029 626 3095 post
645 3023 702 3080 τινὰ
721 3025 748 3078 D
824 3024 841 3078 5
859 3025 896 3084 εἰς
915 3023 989 3094 pr
1009 3023 1143 3092 Tlteoph.
1163 3023 1177 3078 Ι
1197 3041 1223 3094 p.
1243 3023 1304 3088 495,
1323 3023 1367 3090 25,

302 3113 358 3151 out.
372 3095 443 3150 Alii
513 3097 531 3151 9
548 3104 606 3156 πῶς
619 3097 691 3166 ch
767 3097 799 3150 12
818 3096 933 3165 γλώττης
947 3095 969 3148 Β
1043 3097 1076 3149 13
1096 3095 1126 3148 δὲ
1140 3095 1281 3166 όγαρηνῶν
1294 3096 1366 3162 pr

300 3166 655 3310 ήήῆήηςςχιῧοέρὲδῡντρῦὶ,
675 3169 823 3237 δυςχιλίους
844 3167 943 3238 AEwp
1065 3167 1106 3221 15.
1126 3166 1159 3221 16
1177 3167 1206 3231 ἕξ
1224 3167 1312 3222 αὐτῶν
1330 3167 1367 3227 εἰς

220 3432 238 3486 9
249 3437 442 3490 concordiam
455 3437 617 3507 redigeret,
630 3437 723 3506 idque
736 3438 872 3506 perfecit.
892 3437 999 3491 Filium
1011 3437 1271 3507 'theophylactum
1282 3437 1368 3506 regio

205 3503 239 3557 10
248 3509 370 3562 nomine
383 3508 543 3578 dignatum
556 3525 575 3562 a
589 3508 761 3578 patriarcha
776 3507 947 3563 diademate
961 3507 1131 3563 ornandum
1145 3509 1272 3562 curavit.
1299 3507 1370 3562 Post

248 3578 442 3646 expeditione
456 3585 597 3649 suscepta
608 3585 714 3634 contra
724 3578 883 3650 Bulgaros,
898 3581 949 3648 qui
963 3579 1122 3633 Thraciam
1134 3579 1369 3648 populabantur,

249 3650 430 3718 quibusdam
441 3651 614 3719 legionibus
625 3651 783 3718 seditiosis,
797 3667 815 3704 a
826 3652 937 3720 quibus
947 3657 1052 3721 aperte
1065 3650 1231 3704 maledictis
1241 3653 1370 3705 incesse-

249 3723 346 3786 batur,
367 3723 507 3791 benignis
526 3722 665 3790 alloquiis
679 3728 708 3777 et
722 3722 902 3776 liberalitate
921 3723 1047 3792 placatis
1060 3724 1091 3777 iu
1105 3723 1221 3792 regiam
1235 3723 1368 3776 revertit.

205 3790 236 3842 11
249 3791 322 3847 Cum
343 3797 444 3847 autem
461 3795 545 3846 multi
560 3795 708 3848 insaniam
722 3801 829 3847 contra
843 3794 1033 3848 venerabiles
1052 3795 1201 3862 imagines
1218 3807 1369 3847 renovare

249 3864 415 3929 studerent,
429 3865 610 3932 quibusdam
625 3865 849 3934 comprehensis
863 3872 892 3919 ct
904 3865 1096 3918 mediocriter
1109 3865 1241 3918 multatis
1252 3870 1369 3918 cetoros

205 3932 238 3986 12
249 3937 356 3988 animis
369 3936 506 3990 demissis
519 3953 537 3989 a
551 3936 637 3990 simili
658 3941 770 3990 conatu
790 3936 943 4002 deterruit,
964 3943 993 3990 ct
1006 3937 1153 3990 monacho
1168 3935 1295 4001 cuidam,
1317 3937 1369 4005 qui

249 4007 448 4061 ostentandae
467 4009 595 4061 forsitan
619 4008 739 4078 pietatis
764 4023 857 4060 causa
878 4007 1022 4077 deiparae
1041 4008 1203 4076 imaginem
1225 4011 1368 4074 eraserat,

249 4079 383 4146 linguam
402 4079 557 4146 praecidit

204 4147 238 4202 13
337 4148 488 4217 Agoranis
508 4164 613 4203 rursus
626 4150 779 4204 Orientem
795 4151 986 4203 vastantibus
1001 4148 1198 4203 Orientalium
1212 4148 1284 4215 dux,
1303 4147 1367 4203 Leo

248 4219 419 4288 Armenius,
448 4222 606 4274 commisso
631 4221 744 4289 proelio
764 4220 803 4274 ad
828 4221 888 4274 duo
912 4221 994 4274 milia
1018 4220 1133 4284 cecidit,
1157 4220 1258 4274 multis
1282 4221 1368 4289 equis

205 4290 238 4344 14
249 4298 279 4345 ot
298 4292 400 4360 spolils
420 4293 539 4361 potitus
578 4290 706 4347 Crurnus
725 4299 837 4356 autem,
860 4291 1061 4360 bulgarorum
1086 4292 1234 4361 princeps,
1259 4291 1368 4360 legatis

249 4363 287 4416 ad
308 4377 410 4431 regem
436 4365 532 4417 missis
557 4379 661 4433 pacem
685 4363 791 4416 iisdem
817 4363 1040 4417 conditionibus
1065 4363 1179 4432 petivit,
1208 4378 1287 4432 quac
1311 4363 1368 4416 sub

249 4433 420 4494 Theodosio
439 4433 638 4507 Atramyteno
663 4441 693 4490 et
713 4433 866 4490 Germano
885 4435 1058 4508 patriarcha
1078 4449 1240 4491 concessae
1259 4441 1368 4491 esseut.
