3050 4775
422 378 506 438 KRH
525 378 671 438 OBITVS.
709 379 999 443 PATRIARGHAE.
1235 381 1270 440 57

147 566 394 650 όἊλίξανόρος
416 567 496 634 κατὰ
524 569 580 654 τὴν
606 570 742 653 ἑσπέραν
769 570 889 655 ἐκείνην
916 571 958 644 είς
986 571 1021 637 τὸ
1048 571 1270 656 θυσιαστήριον

148 671 303 737 εἰσελθὼν
331 675 385 738 καί
411 680 517 757 πρηνῆ
544 675 734 758 καταβαλὼν
761 675 874 740 ἑαυτὸν
902 677 1004 740 ἔόέετο
1033 683 1089 742 τοῦ
1116 678 1195 742 θεοῦ
1224 679 1268 762 μὴ

147 785 382 862 παραχωρῆσαι
405 778 460 841 τόν
481 779 587 852 λύκον,
609 779 664 844 τὸν
679 779 803 862 Ἄρειον
827 781 958 864 θηλαόή,
992 783 1034 852 εἷς
1056 780 1112 864 τὴν
1134 782 1271 866 ποίμνην

148 882 248 944 αι’ποῦ
276 882 423 946 εἰσελθεῖν
445 883 487 964 “ῆ
516 883 571 965 ἐμὲ
598 883 752 965 πρότερον
778 890 833 967 τῆς
856 886 943 967 ζωῆς
966 885 1153 949 άπόλυσον”
1175 886 1267 968 ἔλεγε.

120 980 245 1048 5ταῦτα
269 986 457 1065 περιπαθῶς
479 987 628 1069 ἠντιβόλει
651 986 708 1051 σὺν
732 987 891 1070 δάκρυσιν.
937 989 1041 1052 ἔωθεν
1060 987 1117 1052 οὗν
1133 989 1201 1071 ἄρτι
1214 983 1321 1073 τῆςΠ·
1344 981 1377 1037 13

148 1088 288 1152 συνόδου
304 1089 526 1172 συνισταμένης
541 1089 691 1172 όἌρειος
706 1090 799 1174 ἀπῄει
813 1091 894 1173 μίγα
911 1096 1050 1174 φρονῶν.
1097 1091 1151 1156 καί
1166 1091 1269 1156 ἀπιὼν
1281 1086 1314 1140 19

148 1191 284 1256 νθττεται
305 1191 362 1275 τὴν
384 1193 518 1272 γαστέρα
539 1191 621 1274 πρὸς
643 1195 781 1276 ἔκκρισιν
797 1194 914 1265 κοιλίας
929 1195 982 1258 καί
997 1195 1147 1265 κύστεως.
1186 1189 1356 1277 ιταρ-2οΒ

148 1294 293 1365 εκκλίνσς
318 1320 350 1359 τε
376 1302 431 1379 τῆς
458 1296 536 1360 όόοῦ
565 1298 735 1361 κεκάθικεν
762 1297 1076 1380 ἀποσκυβαλίσασθαι
1104 1298 1138 1362 τὸ
1166 1299 1267 1380 περίτ-

147 1415 258 1478 τωμα·
293 1399 482 1482 συνεξερριίη
506 1399 541 1463 δὲ
563 1407 601 1483 τῇ
624 1400 738 1482 κόπρῳ
761 1399 814 1464 καί
837 1399 873 1464 τὰ
898 1401 1012 1483 ἔγκατα
1037 1407 1092 1464 τοῦ
1122 1401 1268 1482 θειλαίου,

106 1497 262 1583 Ῑθβιαίως
283 1501 521 1585 άπορρήξαντος
543 1502 599 1586 τὴν
621 1505 719 1587 ζωήν.

235 1602 277 1667 ‘O
296 1606 402 1685 μέντοι
423 1607 618 1690 πατριάρχης
636 1606 842 1687 Ἀλέξανόρος
864 1608 960 1671 εἴκοσι
989 1606 1070 1689 πρὸς
1092 1607 1188 1689 τρισίν
1211 1609 1268 1690 ἀρ·
1279 1615 1311 1669 21

147 1706 349 1789 χιερατειίσας
380 1708 538 1780 ἐνιαυτοὺς
569 1711 738 1792 μετήλλαξε
769 1709 825 1793 τὴν
859 1712 957 1792 ζωήν,
992 1710 1045 1774 καί
1080 1710 1267 1794 ἀντεισήχθη

147 1808 237 1891 παρὰ
259 1814 324 1873 τῶν
346 1811 537 1892 ὀρθοόόξων
559 1815 602 1884 είς
623 1813 678 1876 τὸν
700 1813 821 1894 θρόνον
835 1820 890 1896 τῆς
908 1813 1269 1884 Κωνσταντινουπόλεως

149 1911 282 1983 Παῦλος
305 1913 324 1976 6
347 1913 550 1997 όμολογητής.
602 1915 787 1980 ἐπανελθὼν
811 1913 839 1979 θ’
864 1917 883 1980 6
906 1915 1124 1986 Κωνστάντιος
1146 1916 1181 1989 ἐξ
1199 1915 1314 1980 ’As-22

105 2011 139 2066 15
149 2017 283 2097 τιοχείας
312 2016 476 2099 μεθίστησι
505 2023 561 2081 τοῦ
593 2017 716 2099 θρόνου
746 2016 842 2082 αὐτὸν
869 2020 922 2083 καί
954 2019 1184 2101 άντυιαθίοτησι
1214 2018 1270 2083 τὸν

148 2117 366 2200 Νικομηθείας
393 2118 556 2204 Εὐσέβιον,
592 2122 776 2204 αλρεσιώτην
798 2122 920 2203 Ἀρείου
947 2121 1145 2203 τυγχάνοντα.
1192 2121 1211 2184 6
1235 2119 1314 2186 6623

147 2222 239 2302 ἅγιος
261 2219 392 2292 Παῦλος
418 2230 467 2304 τῷ
496 2223 588 2305 πάπᾳ
615 2229 670 2307 τῆς
692 2224 819 2308 Ῥώμης
850 2224 1039 2305 προσελθὼν
1063 2223 1184 2304 Ἰουλίῳ
1216 2225 1270 2288 καλ

147 2319 203 2387 ὑπ’
220 2323 318 2389 αὐτοῦ
341 2327 384 2396 είς
405 2325 460 2390 τὸν
482 2326 603 2409 θρόνον
625 2327 782 2399 καταστὰς
797 2326 1161 2397 Κωνσταντινουπόλεως
1176 2325 1302 2399 aione

146 2426 214 2491 ὑπὸ
237 2425 458 2492 Κωνσταντίου
482 2429 626 2494 όιώκεται
649 2431 702 2495 καί
724 2431 843 2502 σταλείς
871 2430 1040 2512 ὑπερόριος
1067 2429 1131 2494 ὑπὸ
1149 2430 1269 2511 Ἀρεια-

148 2640 167 2692 5
185 2640 306 2709 περὶτῆς
325 2644 382 2703 (τοῦ
401 2642 470 2696 add.
489 2643 524 2703 Ε)
539 2643 638 2712 Ἀρείου
658 2645 809 2713 διαφθορᾶς
828 2644 875 2699 GE
969 2646 1001 2700 11
1020 2643 1079 2711 περὶ
1098 2650 1271 2712 πατριαρχῶν

148 2710 199 2767 CE
272 2714 307 2767 19
325 2715 363 2766 ὅτι
382 2715 399 2767 6
415 2714 585 2774 Μακεδόνιος
603 2716 632 2769 τὸ
649 2723 728 2783 σῶμα
750 2724 796 2771 τοῦ
818 2718 933 2785 μεγάλου
953 2717 1152 2772 Κωνσταντίνου
1170 2717 1208 2775 είς
1227 2716 1271 2769 τὸν

148 2784 214 2837 ναὸν
232 2792 278 2839 τοῦ
296 2786 371 2853 ἁγίου
389 2786 547 2855 μετήνεγκεν
563 2787 696 2841 Ἄκακίου.
720 2787 799 2847 αὖθις
818 2788 848 2843 δὲ
865 2790 1074 2848 ὁΚωνστάντιος
1092 2789 1129 2848 είς
1146 2786 1190 2841 τόν
1208 2786 1272 2841 ναόν

149 2864 205 2910 τῶν
224 2856 308 2926 ἁγίων
325 2856 480 2911 ἀποστόλων
497 2858 561 2912 atti
578 2861 752 2927 μετεκόμισεν
770 2857 793 2915 O

204 3053 329 3121 Ξπρηνὴ
348 3052 374 3107 Α
393 3059 541 3108 mutatum
562 3056 600 3108 ab
621 3055 687 3108 ead.
706 3071 786 3109 man.
805 3056 837 3109 in
855 3054 944 3123 πρινὴ,
972 3054 1058 3123 πρηνῆ
1079 3056 1111 3123 Ε,
1141 3064 1220 3124 ,τρανῆ
1238 3056 1270 3121 Β,

203 3125 285 3193 ,τρινὴ
305 3126 340 3189 Ι),
360 3135 449 3196 πρηνῆ
468 3124 637 3195 (λθιτυᾪῦί
697 3126 714 3180 6
735 3132 806 3181 ante
825 3128 840 3180 6
859 3127 928 3180 add.
947 3127 992 3181 καὶ
1011 3126 1084 3195 pr
1152 3128 1170 3180 8
1187 3128 1250 3194 περί
1262 3156 1271 3165 -

205 3218 287 3263 τευμα
305 3196 381 3257 Dwn
476 3197 493 3250 9
512 3200 641 3265 συνερρύη
664 3197 686 3251 C
788 3199 821 3252 11
841 3204 912 3252 ante
931 3198 1013 3265 τρισίν
1034 3198 1103 3251 add.
1123 3206 1175 3257 τοῖς
1194 3199 1270 3267 pr

205 3269 240 3323 ll
258 3269 350 3323 πάτπα
363 3268 416 3322 DE
486 3269 645 3337 προσελθὼν
664 3271 749 3324 initio
770 3286 847 3325 vers.
869 3286 924 3325 om.
943 3269 965 3325 C
1039 3270 1073 3324 18
1091 3270 1271 3330 ἀποκαταστὰς

205 3339 281 3409 pr
353 3350 425 3394 ante
442 3340 522 3400 αὖθις
540 3340 610 3394 add.
629 3342 676 3395 καὶ
693 3340 767 3411 Bwp

148 3551 246 3599 traret
264 3546 339 3599 “ant
356 3561 405 3601 me
424 3547 528 3615 prius”
547 3547 645 3615 inquit
663 3548 700 3600 ”e
721 3548 784 3601 vita
804 3547 903 3600 tolle”.
941 3546 1025 3600 Haeo
1051 3548 1161 3599 anxius
1187 3546 1270 3600 obse·
1286 3540 1316 3593 17

150 3618 259 3670 orabat
278 3632 346 3670 eum
366 3618 504 3672 lacrimis.
541 3617 630 3671 Mane
648 3620 743 3682 igitur
762 3618 889 3672 concilio
908 3619 967 3671 ism
992 3622 1160 3671 convocato
1181 3614 1270 3670 Arius
1283 3612 1316 3663 18

150 3689 227 3742 abiit
246 3688 325 3741 elato
344 3689 453 3743 animo.
492 3688 592 3758 Atque
611 3690 641 3743 in
661 3691 728 3758 ipsa
747 3691 798 3742 via
812 3694 918 3743 venire
935 3694 1101 3758 torquetur,
1121 3693 1155 3742 nt
1169 3689 1270 3742 alvum
1284 3684 1316 3734 19

151 3764 182 3812 et
202 3760 335 3812 vesicam
355 3767 549 3826 exonerarem
573 3761 730 3814 declinans
750 3760 788 3814 de
809 3761 859 3813 via
878 3760 963 3822 sedit,
983 3764 1016 3813 ut
1036 3764 1201 3813 evacuaret
1221 3754 1317 3813 err-‘20

152 3835 349 3895 crementum,
374 3831 427 3885 sed
447 3831 630 3886 effluxerunt
648 3848 711 3885 una
731 3848 798 3885 cum
820 3836 954 3885 stercore
973 3832 1039 3899 ipse
1058 3832 1201 3884 intestina
1221 3830 1271 3885 lio·

152 3902 241 3956 minis
259 3902 340 3955 illius
358 3904 467 3969 miseri,
487 3904 529 3956 ita
548 3908 582 3956 nt
601 3904 750 3957 violenter
770 3904 942 3971 privaretur
962 3903 1032 3955 vita.

241 3973 419 4027 Patriarelre
437 3979 537 4029 autem
557 3974 733 4028 Alexander
756 3990 809 4043 per
829 3974 938 4042 viginti
964 3979 994 4027 et
1014 3978 1075 4026 tres
1100 3968 1314 4026 secerdotio2l

152 4048 276 4099 functus
298 4060 397 4099 annos
419 4051 547 4099 mortem
575 4061 643 4099 euni
672 4047 735 4098 vito
764 4046 969 4109 eommutavit,
999 4046 1027 4097 in
1058 4045 1144 4098 euius
1172 4044 1270 4096 locum

152 4117 268 4169 accitus
288 4121 333 4170 est
351 4116 391 4169 ab
411 4116 588 4171 orthodoxis
607 4117 645 4170 ad
663 4118 765 4171 sedem
779 4116 1143 4183 Constantinopolitanam
1158 4114 1271 4167 Paulus

152 4189 317 4241 consessor.
354 4186 394 4241 At
412 4203 553 4242 reversus
570 4187 764 4243 Constantius
779 4186 939 4241 Antiochia
959 4187 1040 4255 pellit
1060 4186 1132 4239 sede
1152 4200 1219 4238 euni
1240 4186 1270 4237 in
1281 4181 1317 4233 ³2

152 4262 280 4327 eiusque
300 4259 398 4313 locum
418 4262 497 4312 accit
515 4259 708 4313 Nicomediae
722 4260 894 4319 Errsebinm.
915 4263 1095 4311 sectatorem
1106 4254 1179 4309 Arii.
1211 4254 1270 4310 Sed
1282 4253 1316 4305 93

152 4328 181 4384 S.
201 4329 316 4383 Paulus
334 4345 402 4383 eum
422 4346 532 4400 papam
552 4330 667 4384 Romae
686 4332 809 4384 adiisset
830 4330 939 4383 lulium
959 4330 998 4382 ab
1018 4343 1116 4397 eoque
1139 4327 1201 4381 sedi
1229 4342 1270 4380 re-

152 4403 276 4457 stitutus
300 4407 379 4457 esset
399 4401 761 4475 Constantinopolitanae,
793 4402 893 4458 denuo
913 4416 932 4454 a
952 4399 1127 4459 Constantio
1151 4398 1272 4475 pellitur
