3050 4775
262 382 314 437 180
557 376 693 437 ZONAR.
713 377 812 436 EPIT.
830 376 900 435 XIV
920 379 961 448 11,
979 375 1076 435 7-20.

187 571 214 625 D
234 564 309 627 sini
337 564 393 647 τὴν
424 564 585 648 Ἂρμενίαν
613 568 718 646 χωρεῖ.
765 568 856 625 τοῦτο
885 563 928 632 εἰς
957 561 1070 625 δειλίαν
1098 560 1225 643 ἐνέβαλε
1250 558 1288 623 τὰ
1316 560 1383 623 ἐκεῖ

259 665 427 748 Ῥωμαίων
449 666 676 749 στρατεύματα·
702 664 875 748 διαλεχθείς
898 665 932 728 δὲ
951 665 1071 734 τούτοις
1086 664 1105 725 ὁ
1120 666 1271 747 σφέτερος
1285 687 1378 745 στρα-

260 769 353 851 τηγὸς
376 770 499 851 δάρσος
522 770 636 831 ἅπασιν
656 768 825 850 ἐνεποίησε,
849 766 903 829 καὶ
918 766 973 848 τὴν
988 765 1070 848 πρὸς
1084 766 1258 849 Ὀρμίσδαν
1272 766 1380 849 μάχην

234 873 444 955 9ὑπέατησαν.
490 872 543 933 καὶ
571 872 664 954 μέχρι
691 872 750 952 μέν
779 893 861 939 τινος
891 876 957 939 ταῖς
988 870 1025 932 ἐκ
1056 868 1159 942 τόξων
1191 870 1380 951 κεχρημένοι

260 974 368 1057 βολαῖς
397 973 532 1037 ἐδόκουν
559 974 746 1055 ὑπερτερεῖν,
779 978 843 1035 τῶν
865 971 1032 1053 Ῥωμαίων
1057 976 1124 1041 ταῖς
1151 972 1256 1036 ἀσπίσι
1282 983 1406 1037 κατα-5

218 1076 470 1159 ΙΟηοραγνύντιον
497 1075 627 1145 ἑαυτοὺς
653 1075 707 1137 καὶ
728 1073 774 1157 μὴ
799 1074 1050 1147 ἀντεπεξιόιτανν.
1095 1074 1161 1137 ἐπεὶ
1184 1070 1212 1137 δ’
1237 1076 1380 1156 ἔγνωσαν

262 1180 292 1240 oi
306 1178 454 1261 Ῥωμαῖοι
470 1178 531 1261 ἤδη
548 1177 745 1241 κεκενῶσθαι
759 1177 815 1247 τὰς
837 1178 996 1259 φαρέτρας
1017 1182 1082 1247 τοῖς
1104 1177 1260 1259 ἐναντίοις,
1284 1200 1379 1259 συνη-

261 1281 403 1351 σπικότες
425 1280 568 1362 ἀλλήλαις
591 1279 644 1343 καὶ
667 1280 875 1352 ἀλαλάξαντες
897 1279 1039 1342 ἐνυάλιον
1057 1279 1197 1362 ἐπῆλθον
1211 1285 1276 1349 τοῖς
1291 1278 1378 1359 Πέρ-

219 1390 329 1453 11σαις
351 1382 430 1447 κατὰ
454 1382 619 1465 συστάδην,
644 1382 835 1465 ἀγχεμάχοις
857 1382 965 1451 ὅπλοις
980 1381 1095 1452 αὐτοὺς
1110 1381 1310 1465 ἀμυνόμενοι.
1350 1384 1384 1444 οἳ

262 1486 337 1549 οὐδὲ
367 1484 449 1567 πρὸς
477 1484 581 1567 βραχὺ
608 1484 664 1566 τὴν
691 1484 796 1566 ὁρμὴν
823 1484 929 1546 αὐτῶν
957 1484 1179 1565 ὑπομείναντες
1206 1485 1379 1567 τρέπονται,
1393 1496 1426 1547 10

261 1588 315 1651 καὶ
337 1589 535 1671 ἀναιροῦνται
557 1586 616 1670 μὲν
639 1588 669 1649 οἱ
683 1586 820 1657 πλείους·
843 1586 879 1649 τὸ
895 1586 930 1649 δὲ
945 1586 1155 1669 στρατόπεδον
1170 1587 1276 1650 αὐτῶν
1292 1587 1379 1668 διαρ-

218 1692 401 1765 lendenar-
426 1690 479 1753 καὶ
502 1692 522 1772 ἡ
545 1689 604 1771 μὲν
626 1689 768 1773 βασιλικὴ
788 1695 843 1751 τοῦ
859 1689 1032 1772 Ὁρμίσδου
1055 1689 1156 1773 σκηνὴ
1179 1690 1234 1752 καὶ
1256 1692 1276 1772 ἡ
1299 1690 1380 1752 ἀπο-

120 1793 357 1875 Ρ1113Ασκευὴ
382 1794 501 1857 ἐκείνου
528 1798 614 1856 πᾶσα
637 1792 690 1855 καὶ
713 1794 743 1855 οἱ
772 1792 935 1875 ἐλέφαντες
962 1800 1008 1874 τῷ
1035 1791 1156 1873 βασιλεῖ
1175 1789 1380 1874 ὑπεξῄρηντο,

219 1896 298 1958 13τὰ
322 1892 350 1959 δ’
375 1894 452 1957 ἄλλα
481 1901 543 1964 τοῖς
570 1896 769 1977 στρατιώταις
791 1895 953 1977 εἰάθησαν.
1000 1893 1054 1957 καὶ
1077 1895 1107 1956 οἱ
1129 1894 1278 1977 Ῥωμαῖοι
1299 1893 1381 1975 πρὸς

261 1998 298 2061 τὰ
322 1998 468 2080 ένδότερα
492 2004 546 2080 τῆς
566 1996 721 2079 Περσίδος
744 1998 912 2079 ἐχώρησαν
933 1996 988 2060 καὶ
1010 1998 1121 2081 χώραν
1142 1996 1262 2079 πολλὴν
1285 1997 1381 2079 αὐτῆς
1392 2010 1425 2063 15

220 2106 253 2160 14
262 2100 431 2183 ἐληίσαντο.
477 2099 545 2161 τότε
572 2100 626 2163 καὶ
649 2098 683 2162 td
705 2105 770 2162 τῶν
793 2099 986 2183 Βλαχερνῶν
1008 2100 1136 2182 λοετρὸν
1159 2100 1340 2183 οἰκοδομεῖν
1362 2098 1381 2161 ό

267 2204 410 2287 Τιβέριος
432 2204 549 2285 ἤρξατο
572 2202 626 2265 καὶ
648 2201 784 2273 πολλοὺς
806 2202 902 2272 ναοὺς
926 2201 979 2265 καὶ
1001 2202 1173 2285 δημοσίους
1189 2204 1308 2284 οὔιους,
1331 2204 1381 2275 ξε-

262 2306 366 2375 νῶνάς
394 2329 476 2389 φημι
504 2304 558 2367 καὶ
586 2310 801 2390 γηρωκομεῖα,
834 2306 1029 2369 ἀνενεώσατο
1052 2304 1106 2367 καλ
1128 2303 1182 2367 τὸν
1205 2303 1381 2389 Χρυσατρί-

263 2501 298 2640 (lii
321 2498 536 2642 wrm&
559 2507 611 2554 τῶν
635 2500 798 2570 Βλαχερνῶν
819 2500 891 2569 παρὰ
917 2502 1038 2570 Ίὶβιρίου
1062 2500 1262 2569 οίκοδομεΐσδαι
1285 2499 1382 2569 ἤρξατο

274 2593 321 2626 ινιτ
416 2587 428 2625 t

318 2767 330 2818 1
352 2763 463 2834 ἀνέβαλε
483 2763 517 2830 Ι),
538 2779 614 2819 corr.
633 2763 685 2820 Dw
770 2764 921 2834 ‘iripmrir
939 2763 1011 2833 Ewp
1093 2763 1258 2832 depalatur
1276 2761 1381 2831 Owlh',

316 2836 444 2904 ἀρμίσδαν
463 2835 514 2888 ΑΕ
586 2837 611 2888 4.
631 2835 648 2888 τ’)
665 2836 756 2905 βολαῖς
775 2837 934 2904 κεχρημένοι
954 2835 981 2888 Ι)
1053 2835 1071 2889 5
1090 2840 1161 2889 ante
1179 2836 1293 2889 ἐδόκουν
1312 2834 1381 2889 add.

316 2909 344 2960 οί
360 2907 473 2974 ῥωμαῖοι
494 2906 567 2976 pr
676 2913 744 2976 posi
762 2908 910 2976 ὑπερτερεῖν
930 2922 997 2961 cum
1017 2906 1071 2960 AR
1092 2907 1228 2960 distinxit
1247 2907 1275 2960 Β
1281 2907 1334 2959 ·W

317 2981 332 3035 7
352 2980 379 3032 οἱ
395 2978 508 3046 ῥωμαῖσι
528 2994 585 3032 om.
605 2977 628 3031 Ο
710 2978 889 3046 κεκενῶσθαι]
907 2979 953 3032 καί
969 2980 974 3044 Ι
989 2979 1124 3032 κινῶσδαι
1143 2978 1167 3031 Ε
1239 2986 1292 3037 τοῖς
1309 2978 1381 3031 ε’ναν-

316 3051 379 3110 τίοις
398 3049 508 3119 AEwp,
525 3058 579 3108 τοῖς
596 3051 703 3118 πέρσαις
721 3049 756 3115 R,
776 3052 804 3102 οί
819 3051 911 3118 πέρσαι
930 3048 953 3105 C
1069 3049 1225 3118 Βάλλήλοις
1244 3065 1301 3103 om.
1321 3047 1345 3103 Ο

351 3130 404 3181 τοῖς
421 3122 529 3188 πέρσαις
548 3120 657 3190 AEwp,
675 3120 762 3180 αὐτοῖς
782 3120 807 3176 Ο
893 3122 923 3174 11
943 3120 991 3189 μὲν
1011 3137 1067 3175 om.
1088 3119 1115 3173 D
1202 3120 1235 3174 12
1253 3121 1381 3188 όρμίσδου

316 3191 421 3258 011111,
439 3193 569 3260 ὀρμίσάαυ
588 3192 639 3246 ΑΕ
731 3193 764 3245 14
782 3193 827 3246 καί
845 3194 873 3246 σι’
889 3191 951 3260 ΑΒ,
970 3195 998 3245 ei
1013 3192 1044 3245 δὲ
1060 3189 1171 3262 w*th'
1257 3194 1291 3246 18
1309 3198 1381 3245 anie

316 3285 386 3332 φημι
407 3263 476 3317 edd.
495 3285 522 3316 τε
540 3263 568 3316 D
640 3273 812 3332 χηρωκομεῖο
830 3263 884 3318 AR
903 3267 943 3328 (v.
963 3263 1003 3317 ad
1015 3261 1069 3317 XV
1084 3263 1126 3332 14,
1136 3263 1191 3328 25),
1210 3270 1381 3334 χηροκωμιῖα

317 3335 347 3402 C,
366 3343 529 3404 νηροκομιῖα
548 3333 676 3404 prDz',
696 3332 864 3406 ’1116011111
883 3351 911 3405 p.
931 3334 992 3403 251,
1013 3335 1045 3389 li

235 3527 344 3580 liniam
362 3526 493 3596 invedit;
513 3542 593 3596 quae
612 3543 660 3581 res
674 3531 821 3582 terrorem
834 3527 960 3581 incussit
978 3527 1122 3581 Romanis
1140 3527 1183 3580 ibi
1198 3527 1380 3596 legionibus,

263 3597 316 3652 sed
336 3597 422 3652 ducis
441 3599 488 3652 sui
508 3599 610 3653 verbis
629 3601 737 3653 animis
757 3600 891 3652 omnium
910 3599 1040 3668 receptis
1058 3612 1199 3668 pugnare
1218 3611 1286 3651 eum
1305 3597 1380 3651 Har·

235 3669 359 3722 ilmisda
378 3685 440 3723 nou
460 3669 685 3725 dubitaverunt.
722 3671 768 3724 Ae
788 3671 934 3739 quamdiu
947 3670 1059 3724 Persae
1077 3670 1197 3738 sagittis
1206 3669 1380 3736 utebantur,

262 3741 435 3810 superiores
462 3756 528 3796 esse
554 3741 746 3807 videbant-ur,
775 3757 843 3796 eum
866 3741 995 3795 Romani
1020 3741 1122 3811 clipeis
1147 3755 1180 3794 se
1206 3741 1280 3794 obse
1301 3741 1381 3794 irent

219 3812 253 3864 10
263 3826 363 3880 neque
390 3817 496 3866 eontra
524 3814 609 3867 irent.
648 3812 706 3867 Sed
727 3829 794 3866 eum
819 3813 1103 3866 animadvertissent
1123 3811 1252 3866 Romani
1296 3827 1380 3865 ersus

263 3883 421 3952 pharetras
432 3885 490 3936 iarn
502 3884 686 3951 exhausisse,
700 3884 804 3954 clipeis
814 3884 948 3938 densatis
958 3888 988 3938 et
1001 3884 1132 3937 elamore
1141 3883 1249 3938 bellico
1259 3883 1379 3938 sublato

220 3954 251 4007 11
264 3953 330 4007 illos
349 3955 528 4008 invaserunt
547 3957 639 4009 hastis
659 3961 689 4009 st
709 3955 820 4025 gladiis
840 3957 977 4009 eominus
995 3970 1059 4008 reru
1079 3959 1230 4023 gerentes
1263 3953 1340 4008 Tum
1359 3956 1380 4008 ii

263 4040 320 4079 nee
337 4024 377 4078 ad
392 4027 537 4096 exiguum
552 4031 669 4095 tempus
680 4042 786 4081 eorum
798 4028 911 4096 impetu
926 4026 1053 4081 tolerate
1066 4026 1099 4079 in
1108 4026 1215 4095 fugem
1227 4027 1308 4080 versi
1321 4025 1381 4095 ple·

218 4097 252 4150 12
262 4097 349 4166 rique
365 4097 486 4164 eadunt,
508 4099 673 4166 castrisque
688 4097 813 4167 direptis
825 4099 945 4166 regium
956 4096 1137 4152 Harmisdae
1149 4097 1381 4152 tabernaculum

262 4173 291 4223 et
305 4169 401 4222 omnis
414 4171 480 4222 eius
493 4169 628 4239 supellex
642 4175 672 4223 et
686 4170 837 4238 elephanti
851 4171 917 4238 regi
930 4169 1109 4238 seliguntur,
1123 4174 1225 4224 cetere
1237 4168 1380 4224 militibus

218 4240 252 4294 13
262 4254 414 4294 concessa.
449 4240 486 4294 Et
498 4239 626 4294 Romani
642 4241 672 4294 in
687 4241 818 4295 Persidis
831 4241 975 4294 interiora
988 4242 1142 4310 progressi
1155 4241 1247 4310 leuge
1258 4239 1381 4309 lateque

219 4311 252 4364 14
263 4309 393 4380 praedes
413 4317 549 4380 egerunt.
588 4311 675 4365 Tune
694 4311 835 4366 Tiberius
860 4312 986 4366 balneas
1004 4311 1200 4365 Blachernias
1218 4311 1381 4365 aedificare

262 4385 362 4454 eoepit
375 4389 404 4437 et
418 4383 526 4437 multas
540 4389 569 4438 et
580 4399 682 4438 sacras
697 4389 727 4439 et
740 4385 877 4454 publicas
890 4385 982 4438 aedes
995 4385 1185 4454 instauravit,
1204 4391 1238 4438 ut
1251 4385 1380 4455 hospitia
