3050 4775
425 460 561 521 aaaxn
579 462 718 523 OBITVS
737 463 789 522 ET
807 462 963 524 emeli.
1200 464 1253 524 uu

135 647 308 731 δεξαμένου
332 647 387 733 τὴν
409 649 567 732 βασιλείαν
590 650 688 733 αὐτῷ,
717 649 771 713 καί
793 650 888 732 υἱέος,
917 651 955 714 ὃν
978 650 1096 721 ἐκεῖνος
1118 656 1172 734 τῆς
1194 653 1252 734 βα-

135 751 246 821 σιλείας
262 752 405 833 ἠξίωσεν.
452 753 555 823 οὕτως
578 752 672 816 οὐδέν
694 756 758 817 τῶν
782 753 997 835 ἀνθρωπίνων
1019 753 1155 836 μόνιμον
1179 754 1254 818 οὐδὲ
1265 760 1299 814 14

134 854 248 936 πάγων
271 854 346 918 οὐδὲ
368 854 476 918 πιστόν
498 880 530 919 τε
552 856 606 919 καὶ
628 857 766 939 βέβαιον,
790 855 855 919 ἀλλ’
880 856 992 919 ἄπιστα
1010 855 1111 920 πάντα
1127 855 1181 920 καί
1196 857 1253 921 κύ-

134 958 196 1040 βου
218 956 338 1039 μᾶλλαν
362 958 442 1040 ῥᾷον
464 958 690 1041 μετατιθέμενα
713 957 767 1021 καὶ
789 958 1088 1042 μεταρρυττούμενα.

109 1071 126 1125 5
218 1058 280 1123 Ἦν
302 1055 330 1123 δ’
348 1060 366 1123 ὁ
383 1060 473 1143 ἀνήρ,
498 1062 546 1123 ἵνα
569 1060 623 1125 καὶ
645 1059 699 1123 τὸν
721 1060 840 1143 τρόπον
862 1062 983 1125 ἐκείνου
1007 1062 1103 1144 δῆλον
1124 1062 1255 1146 θείημεν
1266 1069 1300 1125 15

136 1166 199 1231 τοῖς
229 1160 388 1243 μετέπειτα
421 1162 541 1225 καὶτὸ
570 1162 653 1247 ἦθος
681 1168 745 1234 τοῖς
773 1163 934 1246 όψιγόνσις
960 1166 1292 1249 χαραιπιγρίσαιμεν,1)

136 1261 209 1328 οὔθ’
234 1265 442 1348 ύτιεροπτικύς
473 1290 505 1330 τε
536 1266 589 1329 καί
621 1266 749 1341 ἀλαζὼν
777 1268 849 1331 οὔτε
876 1266 941 1350 μὴν
969 1266 1044 1341 ὀξὺς
1071 1269 1115 1339 είς
1136 1268 1254 1350 θυμόν,

136 1362 201 1429 ἀλλ’
233 1366 308 1431 ούόὲ
336 1368 510 1451 χρημάτων
538 1370 639 1451 ἥττων
671 1365 740 1433 οὐθ’
771 1370 852 1451 ἄγαν
884 1370 1143 1453 ἐρασιχρήματσς,
1174 1370 1255 1434 ὥστε

136 1470 307 1552 βούλεσθαι
329 1471 562 1554 καταχωννύειν
585 1470 663 1535 αὐτὰ
686 1471 740 1535 καί
762 1471 926 1554 ταμιεύων,
950 1467 988 1535 ἵν’
1004 1471 1065 1537 εἶεν
1082 1473 1171 1555 αὐτῷ
1192 1474 1254 1557 θη-

91 1586 126 1640 10
137 1571 249 1655 σαυρολ
272 1574 485 1656 κεκρυμμένοι
508 1573 562 1637 καί
584 1574 719 1657 ὑπόγαια
736 1576 892 1658 χρήματα,
916 1575 994 1638 ὅθεν
1010 1574 1085 1638 miii
1100 1575 1255 1646 θανόντος

136 1675 260 1739 πλεῖστα
283 1674 371 1758 παρὰ
386 1681 451 1746 τοῖς
465 1677 601 1759 ταμείοις
616 1677 803 1761 εὑρέθησαν,
825 1676 908 1759 πρὸς
922 1677 1009 1741 ἔλεον
1023 1678 1254 1762 εύκατάφορος,
1266 1686 1299 1741 16

136 1776 218 1859 πρὸς
249 1777 378 1842 κόλασιν
406 1778 466 1842 ούκ
496 1778 684 1862 ὀξύρροπος,
719 1780 845 1863 μέτριος
872 1778 907 1841 τὸ
934 1778 1027 1862 ἦθος,
1062 1780 1254 1864 εὐπρόσιτος,

14 1893 58 1949 1v
72 1880 218 1965 259πρός
239 1879 295 1964 τὴν
319 1881 436 1944 δίαιταν
460 1881 520 1945 οὐκ
544 1880 727 1965 ἀκόλαστος,
762 1883 822 1945 σιἰκ
852 1883 939 1945 οἴνου
968 1883 1157 1965 ἡττώμενος,
1191 1890 1255 1955 τοῖς

138 1983 292 2067 ἕναρέτως
318 1985 420 2067 βιοῦσι
448 1986 617 2067 προσέχων
642 1984 696 2048 καί
725 1984 897 2068 ἀπονέμων
922 1986 1023 2068 τιμήν,
1058 1985 1172 2068 λόγους
1194 1988 1254 2070 σιἰχ

92 2086 184 2156 15ῶς
206 2085 267 2150 ἕόει
290 2090 398 2169 τιμῶν,
433 2088 513 2157 τέως
536 2086 572 2151 δέ
594 2111 628 2170 γε
650 2092 759 2170 τιμῶν,
795 2088 931 2171 ἐπιεικής
953 2111 986 2151 τε
1013 2087 1067 2151 καί
1093 2094 1157 2159 τοῖς
1183 2090 1415 2173 περὶΡΠ31οΑ

136 2188 232 2251 αὐτὸν
261 2190 299 2253 ού
327 2191 477 2273 σοβαρῶς
503 2190 774 2274 προσφερόμενος,
810 2186 876 2254 ἀλλ’
900 2191 937 2254 έκ
964 2195 1020 2254 τού
1049 2192 1118 2255 ἴσου
1141 2191 1255 2275 σχεόὸν

136 2291 256 2375 ὁμιλῶν
278 2316 310 2356 τε
332 2293 386 2357 καὶ
408 2292 683 2376 χαριεντιζόμενος.
729 2294 807 2357 ὅθεν
829 2293 984 2363 κάκείνοις
1006 2293 1139 2376 θαρρεῖν
1167 2294 1254 2379 ἐπῄει
1266 2304 1298 2361 17

136 2393 189 2458 καί
212 2395 251 2458 ού
273 2394 351 2478 μετὰ
376 2396 468 2467 δέους
490 2397 579 2479 αύτῷ
600 2397 799 2480 παρεστάναι,
831 2397 884 2460 καί
905 2397 1026 2481 μᾶλλον
1049 2395 1094 2462 ὅτ’
1118 2398 1211 2482 ἀπῄει
1233 2400 1253 2482 ἡ

135 2588 152 2642 5
171 2589 225 2648 οίος
243 2588 276 2658 ἦν
294 2589 323 2643 τό
341 2589 409 2659 ἦθος
428 2590 474 2644 καί
492 2589 536 2644 τόν
554 2592 651 2660 τρόπον
670 2589 740 2654 (τοὺς
753 2593 865 2660 τρόπους
877 2591 924 2646 καί
936 2591 965 2646 τό
979 2591 1046 2662 ἦθος
1066 2590 1099 2658 C)
1118 2593 1254 2662 ύΚομνη·

135 2660 180 2720 νὸς
195 2661 306 2724 Ἀλέξιος
325 2663 350 2725 (ό
367 2661 490 2730 βασιλεὺς
505 2663 615 2726 Ἀλέξιος
634 2661 668 2727 C)
687 2662 735 2718 OE

191 2839 206 2894 1
225 2839 305 2894 αὐτοῦ
323 2839 375 2893 BD
487 2840 572 2902 υἱνεὸς
590 2843 711 2911 punctis
729 2846 816 2898 notat
834 2841 861 2896 D
975 2843 1005 2896 δν
1023 2841 1150 2913 Rapui,
1170 2844 1209 2898 ὢν
1228 2842 1255 2898 Α

191 2911 206 2964 1
226 2919 270 2982 τῆς
287 2912 473 2981 βασιλείας-4
490 2913 556 2982 ῥᾷον
574 2929 631 2968 om.
650 2913 674 2967 Ε
776 2913 793 2966 3
812 2913 913 2967 ῶττιστα
931 2914 1034 2983 πάλληα
1053 2916 1185 2985 (punctis
1204 2931 1255 2970 no·

190 2985 298 3050 tatum)
317 2983 363 3037 καί
382 2983 409 3036 D
481 2983 499 3038 4
517 2983 583 3054 ῥᾷον
601 3000 659 3039 om.
678 2983 730 3037 BD
802 2983 1023 3054 μεταξτιθεμένων
1042 2984 1069 3037 D
1141 2985 1159 3040 5
1177 2987 1255 3055 όηλο·

189 3055 301 3124 θείημεν
314 3054 367 3108 BD
439 3055 456 3109 6
474 3058 714 3125 χαρακτηρίσωμεν
726 3055 810 3126 pr‚
828 3055 1070 3125 χαρακτηρίζωνΙ)
1143 3057 1159 3111 ‘i
1177 3057 1254 3112 ταῦθ’

190 3124 218 3178 D
308 3125 344 3196 τι]
365 3147 403 3186 τις
421 3125 474 3180 BD
570 3129 587 3181 8
604 3129 738 3196 χρήματος
757 3127 781 3180 Β
873 3129 891 3181 9
907 3127 1063 3198 βούλεσθαι]
1082 3128 1213 3184 δύνασθαι
1232 3129 1255 3184 C

225 3197 362 3266 θησαυρός
380 3197 407 3251 D
493 3197 528 3253 10
545 3199 725 3268 κεκρυμμένοι
744 3195 907 3269 RbswpDi,
925 3198 971 3253 καί
989 3200 1136 3268 κρυμμένοι
1155 3199 1183 3253 A

192 3268 225 3322 13
242 3269 302 3338 περί
321 3267 461 3339 wapDi
564 3271 654 3325 ὀαίταν
673 3271 692 3324 b
803 3270 837 3324 14
854 3272 930 3340 βιούς
948 3271 968 3324 b
1076 3269 1109 3325 17
1128 3270 1165 3340 τε]
1184 3292 1208 3325 τι
1226 3271 1253 3324 D

191 3340 225 3394 18
242 3348 399 3410 παρεστᾶναι
418 3341 491 3412 Ewp
563 3341 600 3396 ὅτ’
619 3342 698 3412 ἀπήιι
716 3340 750 3410 A,
770 3341 807 3396 ὅτ’
827 3342 897 3411 ἀπῆν
915 3339 1062 3411 wapDi,
1081 3343 1119 3395 ότι
1137 3342 1208 3413 ἀπῆν
1226 3342 1254 3396 D

136 3553 226 3608 quem
253 3539 318 3609 ipse
344 3554 440 3610 regno
468 3544 599 3595 ornarat.
638 3537 687 3595 Sic
710 3554 812 3594 rerum
834 3539 1036 3594 humanarum
1054 3539 1128 3593 nihil
1146 3541 1254 3595 stabile
1264 3541 1299 3596 14

136 3617 166 3665 et
182 3610 301 3664 firmum
320 3614 373 3678 est,
393 3611 466 3665 nihil
485 3611 577 3666 fidum
597 3616 627 3666 et
646 3617 771 3679 eertum,
789 3611 843 3666 sed
861 3611 955 3665 infida
975 3611 1077 3665 omnia
1095 3617 1126 3666 et
1139 3617 1254 3667 temera

136 3681 229 3736 multo
248 3683 449 3737 mutabiliora.
544 3717 550 3730 ·

225 3753 298 3808 Erat
317 3759 418 3809 autem
436 3755 486 3809 ilie
507 3755 560 3822 vir,
588 3761 623 3808 ut
641 3759 671 3810 et
689 3769 789 3809 mores
808 3755 873 3808 eiua
892 3768 1053 3823 expressos
1071 3754 1112 3808 ad
1131 3755 1254 3823 posteri·
1265 3755 1298 3811 15

135 3826 205 3880 tatis
233 3827 407 3881 memoriam
434 3840 649 3896 propagemus,
677 3841 778 3895 neque
801 3826 890 3880 ferox
914 3829 944 3880 et
967 3840 1125 3896 arrogans,
1153 3840 1253 3894 neque

135 3896 310 3966 iracundus,
330 3911 429 3966 neque
449 3912 561 3952 avarus
582 3903 611 3952 et
630 3897 780 3968 pecuniae
796 3898 885 3951 nimie
899 3896 1036 3966 cupidus,
1057 3901 1092 3951 ut
1104 3912 1171 3951 eam
1184 3912 1253 3952 eon·

136 3969 224 4023 flaret
241 3975 334 4038 atque
347 3968 506 4024 thesauros
519 3968 691 4024 reconditos
708 3973 738 4023 et
750 3969 965 4022 subterraneae
979 3983 1053 4037 opes
1065 3968 1253 4037 reconderet,

135 4040 218 4094 unde
242 4055 342 4109 neque
367 4045 435 4109 post
454 4041 519 4095 eius
538 4041 654 4095 obitum
673 4041 704 4094 in
723 4041 844 4095 aerario
863 4054 976 4109 magna
994 4040 1126 4109 pecunia
1144 4045 1190 4094 eet
1208 4055 1254 4094 re·

135 4119 231 4181 perta,
250 4111 290 4165 ad
309 4111 547 4166 misericordiam
567 4127 745 4182 propensae,
764 4110 804 4165 ad
822 4110 985 4165 sumendae
1003 4125 1119 4181 poenas
1137 4110 1252 4179 tardus,
1264 4112 1298 4167 16

134 4183 270 4237 moribus
298 4183 470 4252 moderatis,
498 4197 624 4238 aeeeeeu
652 4182 758 4251 facilis,
787 4183 820 4237 in
844 4183 929 4236 vieta
951 4197 1014 4236 non
1039 4183 1253 4252 intemperans,

135 4270 197 4308 non
221 4255 292 4310 vino
316 4254 444 4320 deditus,
471 4255 643 4310 hominibus
666 4256 779 4308 virtute
798 4253 943 4322 praeditis
961 4253 1134 4309 auscultare
1154 4259 1185 4308 et
1202 4255 1254 4309 ho·

134 4341 240 4380 norem
253 4327 366 4382 habere
382 4326 496 4394 solitus,
512 4326 713 4380 eruditionem
726 4341 789 4379 non
802 4331 837 4379 ut
850 4325 1061 4393 conveniebat,
1081 4325 1135 4380 sed
1147 4331 1254 4380 utcun-

135 4412 195 4467 que
214 4398 341 4465 eolebat,
361 4397 544 4468 commodus,
564 4413 626 4452 non
645 4397 779 4452 insolens
796 4397 829 4450 in
848 4412 900 4451 eoa
919 4396 1100 4466 quibuscum
1119 4397 1253 4466 vivebat,

134 4470 228 4524 comis
247 4475 276 4525 et
295 4469 455 4539 iucundae,
484 4471 571 4540 quasi
591 4483 658 4524 eum
678 4469 859 4539 aequalibus
878 4469 1003 4523 viveret.
1041 4467 1130 4524 Unde
1149 4469 1191 4524 illi
1210 4485 1252 4524 ee·
1265 4468 1299 4532 li
