3050 4775
557 451 832 512 SANTABARENI
853 454 934 510 RES.
1249 458 1303 514 437

181 637 309 720 βασιλέα
332 636 407 701 ὅλον
430 638 473 708 είς
496 637 607 702 ἑαυτὸν
627 639 823 722 περιήγαγεν,
846 639 893 709 ὡς
909 639 1008 702 πίστιν
1022 641 1066 710 εἰς
1080 637 1176 703 αὐτὸν
1191 647 1302 723 κεκτῆ-

182 741 258 804 σθαι
280 739 333 803 καί
356 739 435 803 κατὰ
458 739 559 823 μηδὲν
582 741 670 823 αὐτῷ
693 741 836 805 ἀπιστεῖν.
882 741 936 805 καί
951 743 970 804 ὁ
985 742 1045 824 μὲν
1058 743 1202 824 βασιλεὺς
1218 745 1330 807 οὕτωί

182 843 310 906 διέκειτο
332 842 414 924 πρὸς
436 842 490 906 τδν
505 842 762 927 Σανταβορηνόν.
809 845 828 907 ὁ
852 845 887 908 δὲ
901 843 1006 919 Λέων,
1030 845 1049 908 ὁ
1073 845 1217 928 δείττερος
1238 851 1372 909 τῶνδῦ

181 950 237 1007 τοῦ
263 945 417 1027 βασιλέως
444 947 524 1009 υίιῖιν
556 945 617 1028 ἤδη
645 947 769 1016 νεανίας
799 947 966 1029 γενόμενος
988 948 1041 1010 καί
1064 948 1186 1029 γυναικί
1209 949 1302 1022 συζυ-

155 1047 244 1127 5γείς
266 1053 304 1130 τῇ
325 1047 459 1129 θυγατρί
477 1053 533 1111 τοῦ
550 1049 767 1130 Μαρτινακίου
783 1050 836 1113 κοί
852 1050 1044 1133 ἀναρρηθεὶς
1058 1049 1202 1133 βασιλεὺς
1216 1049 1303 1133 παρὰ

181 1155 237 1212 τοῦ
252 1149 371 1231 πατρὸς
391 1149 497 1224 αὐτοῦ,
520 1157 568 1233 τῷ
587 1150 829 1234 Σανταβορηνῷ
852 1154 913 1216 οὐκ
936 1154 1095 1235 ἠρέσκετο,
1119 1152 1196 1216 ἀλλὰ
1219 1177 1303 1235 φαρ-

180 1251 286 1334 μακὸν
318 1252 464 1316 ἀπεκάλει
495 1253 549 1316 καί
581 1253 677 1337 γόητα
710 1255 764 1318 καί
796 1255 963 1318 ἀπατῶντα
993 1253 1047 1318 τδν
1075 1255 1302 1337 αὐτοκράτορα.

181 1354 299 1426 τούτοις
326 1355 444 1426 ἐκεῖνος
470 1356 518 1426 ὥς
546 1379 602 1419 τισι
629 1357 768 1437 κέντροις
799 1356 1009 1439 πλαττόμενος
1040 1357 1083 1426 είς
1110 1356 1234 1438 ἄμυναν
1258 1356 1331 1420 δι-9

181 1456 336 1521 ανίσταται
367 1457 421 1521 καὶ
452 1458 651 1540 πλασάμενος
681 1459 805 1521 εὔνοιαν
827 1457 909 1541 πρὸς
929 1457 984 1521 τὸν
1008 1458 1129 1521 Λέοντα
1157 1459 1304 1522 ’νεανίαν

138 1567 173 1620 10
182 1559 255 1623 ὄντα
280 1561 341 1624 σε”
363 1561 442 1643 λέγει
471 1557 523 1624 “αἰ
551 1559 688 1643 βασιλεῦ,
721 1560 776 1623 καί
806 1567 854 1642 τῴ
884 1559 977 1642 πατρί
1008 1561 1217 1643 ουνδηρῶντα
1249 1560 1304 1623 καί

182 1663 406 1727 συνιππεύοντα
437 1663 486 1726 δεῖ
512 1687 545 1726 σε
574 1662 628 1726 καί
660 1663 842 1746 ἐγχειρίδιον
873 1663 1088 1746 ἐπιφέρεσθαι,
1120 1663 1169 1726 ἵνα
1200 1663 1303 1745 τούτῳ

180 1765 335 1829 καὶκατὰ
359 1767 475 1848 θηρίου
497 1766 600 1848 χρήσῃ
630 1765 725 1828 ὁπότε
754 1765 819 1828 δέοι
848 1765 904 1829 καὶ
920 1768 981 1847 τῷ
1011 1765 1107 1848 πατρί
1135 1789 1194 1829 σου
1226 1768 1303 1836 ἴσως

180 1869 274 1951 ὀρέξῃ
297 1867 376 1931 κατὰ
401 1867 513 1950 καιρὸν
537 1871 556 1951 ἢ
579 1866 674 1952 τυχὸν
698 1867 751 1930 καὶ
773 1868 1032 1951 ἐπιβουλεύοντος
1050 1868 1188 1951 ἀμυνῇ.”
1232 1867 1302 1932 δδὲ
1314 1876 1348 1932 10

180 1971 225 2054 μὴ
248 1973 405 2054 φωράσας
427 1971 481 2035 τδν
505 1971 599 2035 δόλον
622 1971 756 2054 ξιφίδιον
779 1971 871 2034 ἔνδον
893 1971 1000 2053 φέρειν
1013 1976 1077 2034 τοῦ
1098 1970 1340 2053 δποδήματοςΙ)

138 2074 308 2156 romeiam]
342 2073 421 2136 κατὰ
453 2072 509 2156 τὴν
541 2074 734 2156 συμβουλήν.
781 2074 884 2156 τούτῳ
915 2073 1018 2136 τοίνυν
1048 2080 1096 2156 τῷ
1128 2073 1254 2156 ξιφιδίῳ
1283 2073 1346 2136 611

181 2175 428 2259 Σανταβαρηνδς
460 2175 540 2240 κατὰ
567 2182 623 2240 τοῦ
652 2175 790 2246 Λέοντος
818 2181 929 2259 χρᾶται
956 2177 999 2246 εἷς
1026 2176 1150 2258 ἄμυναν
1177 2175 1231 2238 καὶ
1256 2183 1303 2257 τῷ

180 2279 301 2361 βασιλεῖ
320 2279 534 2360 “έπιβουλεύει
557 2280 633 2342 σοι”
651 2279 747 2363 φησίν
761 2280 804 2342 “ὁ
820 2279 888 2350 οἷός
903 2303 970 2353 σου,
993 2279 1048 2342 καί
1062 2279 1174 2342 τούτου
1191 2278 1301 2360 δεῖγμα

38 2389 121 2445 DIV
135 2390 171 2445 37
180 2380 215 2445 τὸ
239 2382 355 2465 φέρειν,
384 2381 434 2445 ὅτε
457 2406 506 2447 σοι
530 2383 685 2467 συνδηρᾷ,
715 2384 936 2466 κεκρυμμένον
959 2381 1126 2466 ξιφίδιον.”
1171 2380 1302 2465 ἐξῆλθεν
1314 2390 1348 2444 12

180 2578 197 2631 3
215 2578 264 2630 ὅσα
282 2577 297 2631 o‘
315 2576 519 2646 Σανταβαρηνδς
538 2577 605 2632 κατὰ
624 2585 669 2631 τοῦ
690 2577 758 2644 (om.
778 2575 816 2644 A)
835 2578 948 2637 Λέοντος
966 2585 1012 2632 τοῦ
1031 2579 1090 2632 υἱοῦ
1108 2584 1153 2631 τοῦ
1171 2576 1302 2643 βασιλέως

180 2650 236 2710 (τοῦ
255 2650 314 2702 υἱοῦ
333 2656 378 2702 τοῦ
396 2649 526 2717 βασιλέως
545 2649 647 2709 λέοντος
662 2647 694 2717 C)
715 2648 837 2715 ε’τδρευσε
850 2648 927 2703 Aci]
940 2650 986 2703 καὶ
1004 2651 1077 2709 ὅπως
1096 2648 1177 2703 αὐτοῦ
1195 2656 1302 2703 κατεῖπε

177 2719 243 2787 πρὸς
263 2719 306 2773 τὸν
322 2720 432 2788 πατέρα·
452 2720 497 2775 καί
516 2722 563 2775 ὅσα
583 2721 599 2773 ό
616 2721 695 2775 Λέων
714 2720 813 2774 εἶταιλεν
832 2719 879 2775 ΟΕ

233 2911 284 2966 ai
303 2914 318 2967 ὁ
336 2914 457 2980 δεύτερος
476 2919 529 2966 τῶν
548 2921 594 2967 τοῦ
611 2914 743 2982 βασιλέως
761 2915 829 2967 υἱῶν
847 2911 957 2983 ΑΕινρ,
976 2913 993 2964 δ
1003 2920 1049 2967 τοῦ
1060 2912 1191 2980 βασιλέως
1203 2911 1301 2971 υἱόςΟ

233 2984 507 3053 4αυζευχιλεὶςΕυτρ
581 2985 654 3045 8ὥς
667 2984 728 3054 τισι]
748 2983 875 3051 ὥοπτρῦ
948 2984 982 3037 10
1000 3006 1030 3037 σε
1041 2983 1143 3038 δνταΙ)
1215 2985 1302 3053 ἔλεγεν

233 3057 293 3109 ὄντα
312 3077 341 3109 σε
361 3056 384 3108 Β
494 3058 535 3110 10.
556 3056 588 3109 11
609 3077 716 3110 συνιππ.
736 3057 782 3110 καί
800 3057 878 3110 οννδ.
898 3056 970 3135 Ewp
1080 3057 1113 3109 11
1133 3063 1208 3108 τοῦτο
1227 3056 1251 3108 Ε

236 3128 268 3179 1‘2
285 3128 330 3180 καί
344 3128 428 3195 prius
442 3143 499 3183 om.
512 3127 548 3195 D,
562 3128 631 3181 add.
645 3128 697 3186 Dw
769 3128 824 3181 δέοι
837 3127 963 3197 Βινρῦι,
977 3126 1007 3181 δὲ
1019 3129 1046 3180 οἱ
1055 3126 1082 3180 Α
1155 3127 1189 3180 13
1207 3127 1302 3193 δρὲξης

233 3198 315 3268 pr,
335 3200 434 3265 ὀρέξεις
454 3198 480 3252 Ι)
578 3200 623 3254 καί
643 3215 700 3253 om.
720 3199 744 3255 Ο
841 3199 1075 3268 ἐπιβουλεύσοντος
1095 3198 1131 3264 D,
1152 3213 1228 3252 corr.
1249 3197 1300 3256 Dw

268 3278 339 3324 ante
357 3270 444 3339 ἀμυνῇ
462 3270 531 3325 add.
551 3271 624 3339 αὐτῷ
642 3270 716 3339 pr
818 3271 852 3324 15
870 3270 1006 3339 συμβολήν
1024 3269 1060 3336 D,
1080 3284 1157 3323 corr.
1177 3267 1229 3325 Dw

233 3342 266 3394 16
285 3349 378 3411 χρῆται
392 3340 419 3394 D
475 3342 509 3397 11
528 3342 709 3411 ἐπιβουλεύσει
724 3340 759 3408 D,
780 3358 856 3397 corr.
866 3341 918 3398 Dw
972 3360 1020 3395 σου
1040 3341 1132 3395 01110
1186 3339 1299 3395 τοῦτοΙ)

179 3535 206 3587 ei
227 3534 351 3589 haberet
369 3550 469 3603 neque
488 3534 550 3590 ulla
568 3536 599 3588 in
618 3549 653 3589 ra
672 3534 827 3589 diffideret.
864 3533 929 3588 Rex
944 3535 1037 3604 igitur
1050 3533 1108 3589 hoe
1121 3533 1211 3589 modo
1225 3532 1328 3603 arga?

179 3604 420 3660 santabarenum
440 3606 567 3660 affectus
587 3606 652 3659 fuit.
690 3604 750 3661 Sed
769 3605 841 3673 Leo,
860 3606 936 3658 aiter
956 3606 1021 3660 eiua
1042 3606 1121 3659 filius
1138 3606 1199 3659 iam
1218 3604 1328 3659 adul-8

179 3682 228 3730 tus
248 3684 278 3731 et
296 3676 464 3731 Martinaoii
483 3677 544 3731 iilia
562 3692 661 3731 uxore
680 3676 773 3731 ducta
792 3693 812 3731 a
831 3685 918 3746 patre
936 3692 991 3731 rex
1010 3676 1167 3744 salutatus,
1195 3676 1300 3732 Senta-

179 3748 293 3802 bareno
313 3764 374 3802 non
394 3748 610 3816 delectabatur,
631 3748 772 3803 sedeam
792 3749 962 3803 veneficum
981 3749 1155 3818 appellabat
1173 3753 1203 3802 et
1216 3763 1301 3818 prae-

179 3820 365 3889 atigiaiorem
390 3825 420 3873 et
437 3820 520 3889 regis
540 3819 741 3889 deceptorem.
778 3819 833 3873 Hie
852 3820 902 3873 iila
920 3820 1004 3873 velut
1032 3819 1155 3889 apiculis
1179 3818 1327 3887 quibua-9

180 3890 249 3943 (lam
268 3892 345 3944 iotua
363 3891 402 3944 ad
422 3892 567 3945 ultionem
590 3891 722 3960 insurgit
740 3890 941 3959 simulataque
961 3906 1036 3960 erga
1054 3890 1189 3945 Leonem
1211 3891 1300 3944 bene·

181 3962 313 4015 volentia
331 3962 429 4016 “Cum
450 3962 515 4016 eis'’
535 3962 633 4032 inquit
650 3961 861 4030 “adulesceua,
881 3978 976 4031 oren,
996 3966 1107 4015 etune
1126 3976 1195 4015 oum
1213 3966 1300 4030 patra

179 4048 291 4087 venere
310 4039 403 4102 atque
417 4036 541 4103 equites,
561 4034 651 4087 etiam
665 4034 759 4103 pugio
778 4033 832 4087 tibi
846 4033 990 4088 ferendus
1003 4037 1056 4100 esi,
1076 4048 1136 4102 quo
1151 4040 1181 4085 ei
1194 4037 1300 4086 eontra

180 4106 282 4171 feram,
312 4106 337 4157 ei
357 4120 433 4174 apua
453 4105 552 4172 fuerit,
572 4108 661 4159 utare
680 4110 710 4159 ai
729 4105 808 4173 patri
827 4110 889 4171 tuo,
919 4106 943 4157 si
963 4121 1010 4158 res
1030 4104 1139 4171 tulerit,
1159 4103 1300 4173 porrigas

180 4180 233 4229 aui
256 4176 346 4229 etiam
371 4176 436 4229 eius
464 4176 657 4229 insidiatores
684 4175 861 4230 ulciscara.”
897 4175 926 4229 is
952 4176 1021 4229 dolo
1049 4191 1111 4229 non
1141 4178 1298 4245 perspecto
1311 4173 1345 4226 10

180 4247 352 4316 pugionem,
372 4252 406 4301 ut
424 4245 472 4301 ille
492 4253 638 4314 suaserat,
657 4248 688 4299 in
712 4246 814 4301 calceo
835 4248 902 4301 fert.
938 4246 981 4301 Eo
1002 4247 1136 4316 pugione
1156 4248 1194 4299 ad
1215 4246 1299 4300 ultio·
1311 4245 1342 4298 11

180 4332 247 4372 nem
267 4317 378 4373 Leonis
407 4317 635 4373 santabarenus
662 4332 736 4372 usus
759 4317 874 4372 “Rex‘’
900 4319 999 4387 inquit
1025 4318 1127 4372 “filius
1155 4322 1226 4372 iuue
1246 4317 1299 4371 tibi

180 4388 352 4457 insidiatum
380 4390 492 4445 indicio
512 4389 585 4443 illud
605 4394 659 4454 esi,
686 4388 777 4458 quod,
805 4390 830 4442 si
850 4394 947 4443 tecum
968 4395 1106 4455 venetur,
1134 4389 1300 4459 pugionem

180 4460 330 4516 oecultum
349 4461 456 4531 gerit?
491 4461 546 4517 Hia
565 4460 677 4515 auditis
697 4465 841 4515 venatum
861 4461 924 4515 exit
941 4459 1079 4529 Basilius,
1098 4460 1161 4516 Leo
1182 4464 1300 4531 patrem
1310 4458 1345 4513 12
