3050 4775
246 382 471 443 COPRONYMI
489 381 601 441 Meus.
638 382 691 440 DE
710 382 890 441 CORPORE
909 380 938 440 S.
958 376 1194 441 EVPHEMIAII.
1244 374 1295 439 281

173 569 193 635 d
216 569 349 641 δείλαιος
371 568 524 651 ἐπειράθη
547 567 601 631 καί
623 568 736 651 βιαίως
758 566 826 632 ἐκεῖ
844 566 899 632 τὸν
921 567 993 650 βίον
1017 567 1217 649 κατέστρεψε,
1250 589 1296 649 χι-

178 672 289 743 botae
310 677 374 736 τῶν
396 670 588 754 ὀράσάόξων
609 669 727 742 πολλὰς
749 670 881 752 ἀνελών,
904 669 958 735 καί
972 670 1103 753 μάλιστα
1118 674 1296 752 μσναστῶν,

176 775 290 839 καὶτὰ
312 774 435 840 τούτων
457 774 630 857 ἀσκητήρια
652 772 690 837 τὰ
712 773 772 856 μὲν
794 773 896 857 πυρὸς
912 774 1049 856 θέμενος
1062 772 1296 855 παρανάλωμα,

174 876 213 941 τὰ
237 878 273 943 δὲ
293 876 454 959 καθελών,
476 875 515 940 τὰ
538 875 574 940 δὲ
595 877 765 959 κοινώσας,
789 876 898 959 ὥσπερ
916 874 971 940 καί
985 876 1042 959 τὴν
1056 881 1111 939 τοῦ
1129 875 1296 958 Δαλμάτου
1308 874 1342 929 18

146 981 344 1063 ὀλιγομίνιγν
374 979 489 1063 μονήν,
521 978 656 1062 ἀρχαίαν
683 977 783 1042 οὖσαν
810 978 864 1042 καί
890 983 955 1043 τῶν
983 979 1017 1043 ἕν’
1039 980 1295 1043 Κωνσταντινου-

171 1083 261 1149 πόλει
292 1083 507 1166 πρεσβυτέραν
537 1086 662 1163 πασῶν,
694 1076 751 1164 ἀφ’
782 1080 820 1165 ἧς
847 1082 1005 1153 ἀπελάσας
1031 1080 1104 1153 τοὺς
1135 1079 1297 1165 μοναχοίις

173 1190 373 1269 στρατιωτῶν
405 1184 503 1267 αὐτὴν
530 1185 683 1267 πεποίηκε
710 1185 917 1266 καταγώγιον.
964 1185 1003 1248 οὐ
1030 1183 1132 1267 μόνον
1160 1182 1194 1247 ἀὲ
1216 1182 1297 1248 κατὰ
1308 1183 1385 1241 19Β

172 1294 238 1353 τῶν
264 1289 396 1363 ζώντων
422 1287 593 1370 ἐλύπησεν,
626 1286 704 1350 ἀλλά
731 1286 785 1350 καί
811 1287 854 1358 είς
876 1286 949 1359 τοὺς
971 1292 1027 1351 τοῦ
1051 1286 1190 1371 Χριστοῦ
1213 1286 1296 1371 μάρ-

12 1400 39 1454 Ι)
53 1401 271 1473 ΙΙΙΒδὸτυρας
300 1390 354 1455 καί
380 1389 454 1462 τοὺς
480 1390 584 1461 ἄλλως
612 1391 700 1472 αὐτῷ
722 1391 988 1473 εὐαρεστήσαντας
1011 1391 1214 1474 ἐμπαροινῶν
1237 1390 1297 1454 οὐκ

130 1509 166 1563 10
174 1494 319 1576 ἐπαύετο,
341 1493 444 1577 μηδὲν
466 1492 582 1563 αὐτοὺς
604 1492 761 1557 ὀνίνασθαι
783 1492 885 1575 λέγων
904 1492 958 1557 καί
973 1493 1102 1576 συκίνην
1118 1494 1298 1576 ἔκικουρίαν

173 1598 229 1669 τὰς
254 1598 376 1661 τούτων
406 1596 573 1679 πρεσβείας
595 1597 769 1660 ἀποκαλῶν
791 1594 903 1660 καὶτὰ
926 1597 1048 1661 τούτοιν
1070 1597 1142 1678 ἅγια
1164 1595 1297 1678 λείψανα

173 1699 211 1765 τὰ
233 1699 294 1783 μὲν
316 1700 436 1782 ἀτίμως
457 1700 673 1783 καταχωννύς,
704 1698 742 1763 τὰ
767 1699 801 1763 δὲ
823 1704 926 1763 ποιῶν
952 1699 1141 1783 ὑποβρύχια,
1174 1700 1238 1762 ἔνια
1263 1698 1297 1762 ἀὲ

173 1802 228 1867 καί
242 1804 444 1886 ἀποτεφρῶν,
466 1802 574 1885 ῶσπερ
589 1802 644 1866 καί
657 1800 694 1865 τὸ
708 1809 763 1885 τῆς
778 1804 991 1885 πανευφήμσυ
1006 1802 1168 1886 μάρτυρος
1182 1801 1296 1885 Εὔφη-

171 1905 249 1988 μίας
275 1906 364 1987 ἅγιον
393 1910 496 1988 σῶμα.
544 1905 636 1969 διτταί
664 1905 698 1969 ἀὲ
724 1905 796 1988 περὶ
824 1905 936 1969 τούτου
965 1906 1115 1988 φέρονται
1143 1904 1244 1987 λόγοι·
1278 1904 1343 1969 620

130 2007 233 2091 15μὲν
256 2006 317 2091 γὰρ
339 2008 553 2091 πυρίκαυστον
576 2006 653 2072 αὐτὸ
675 2008 755 2089 λέγει
778 2007 869 2081 δόξαι
890 2008 1084 2091 ποιήσασθαι
1107 2006 1161 2071 τὸν
1181 2007 1298 2091 μιαρὸν

175 2110 295 2175 ἐκεῖνον
318 2110 554 2194 Κοπρῶνυμον,
587 2111 687 2182 κύνας
713 2110 768 2175 καί
800 2112 895 2183 ὄνους
922 2112 1011 2194 αὐτῷ
1037 2112 1297 2195 συνεμπρήσαντα

177 2332 191 2386 l
214 2333 257 2387 σία
279 2331 348 2387 κατὰ
371 2340 424 2387 τῶν
449 2338 577 2404 μονοχῶν
599 2333 645 2387 καί
669 2340 723 2387 τῶν
747 2334 934 2404 μοναστηρίων
958 2332 1003 2387 καί
1027 2332 1095 2387 κατὰ
1118 2339 1171 2386 τῶν
1195 2339 1298 2386 σεπτῶν

175 2407 312 2475 λειψάνων
332 2412 386 2460 τῶν
403 2407 487 2475 ἁγίων
505 2408 521 2460 d
537 2405 686 2473 πάντολμος
703 2406 798 2474 ίτόλμα
817 2405 865 2461 ΟΕ
939 2405 973 2459 14
990 2404 1050 2472 περὶ
1066 2412 1111 2459 τοῦ
1124 2407 1197 2474 ἱεροῦ
1209 2405 1298 2473 λειψά-

174 2497 222 2531 νου
240 2485 286 2546 τῆς
303 2478 481 2547 πανευφήμου
499 2479 635 2546 μάρτυρος
652 2477 798 2548 Εὐφημίας
817 2476 865 2533 GE
884 2477 934 2542 (de
948 2477 1014 2532 cod.
1027 2475 1094 2532 vat.
1109 2475 1160 2532 135
1179 2493 1207 2532 v.
1218 2477 1302 2532 B·W

175 2549 249 2620 Βγτ.
268 2546 416 2605 Zeitacbr.
436 2565 462 2604 a
484 2548 554 2604 1892
572 2565 601 2618 p.
620 2548 684 2617 236)

227 2755 377 2822 3ἀίμενσς
397 2755 496 2810 om.B
568 2754 651 2810 4τοῦ
671 2755 768 2810 om.B
841 2755 1068 2827 6πρεσβευτίραν
1086 2755 1115 2809 D
1186 2757 1298 2826 πρεσβυ-

228 2825 313 2896 τέραν]
332 2826 380 2882 De
400 2827 609 2896 comparatiro
629 2843 658 2882 v.
677 2827 717 2881 ad
736 2827 810 2881 XIII
829 2828 854 2895 3,
872 2829 888 2882 6
978 2829 1083 2898 apost
1101 2827 1210 2891 ζώντων
1228 2827 1297 2882 add.

226 2905 333 2967 χριστοῦ
352 2899 457 2953 ἀσύλων
476 2897 549 2968 pr
648 2905 695 2953 τοῦ
712 2907 824 2969 χριστοῦ
844 2899 905 2968 ΑΕ,
924 2901 1015 2960 θείους
1034 2899 1067 2964 0,
1086 2898 1177 2959 θεισὺς
1195 2898 1261 2969 w*p

227 2969 244 3024 9
262 2970 356 3029 ἄλλους
376 2969 471 3024 CDDi
561 2969 634 3038 αὐτῷ
655 2987 710 3024 om.
732 2968 806 3040 pr
892 2975 963 3026 anie
982 2972 1151 3040 ἐμπαροινῶν
1170 2970 1239 3024 add.
1259 2977 1297 3038 τῷ

227 3042 284 3110 θεῷ
304 3040 378 3110 pr
453 3041 487 3095 10
504 3041 678 3098 ἐπαύσατοΟ
762 3041 805 3096 14.
826 3042 860 3098 15
878 3045 894 3097 δ
912 3043 1028 3112 μὲνγὰρ
1047 3043 1084 3111 D,
1103 3043 1118 3096 ὁ
1137 3057 1296 3111 perperam

228 3112 326 3166 deleto
344 3113 455 3167 iterum
474 3114 579 3167 inserit
599 3118 667 3183 post
685 3112 735 3182 γάρ
754 3113 808 3172 Dw
922 3115 955 3168 15
973 3115 1151 3181 πυρίκαυστον
1169 3108 1297 3182 prDt‘,

225 3185 389 3252 πορίκαστσν
406 3182 434 3237 A
505 3183 588 3253 λέγειν
607 3185 766 3255 typotheta
786 3185 869 3254 apud
888 3183 931 3238 Di
1003 3187 1082 3239 inter
1097 3185 1164 3254 λέγει
1178 3189 1207 3238 et
1220 3185 1296 3246 δόξαι

228 3255 308 3311 duae
327 3259 430 3310 tresve
448 3255 568 3312 litterae
588 3262 766 3326 comparent
784 3258 816 3311 tn
835 3256 867 3324 E,
897 3271 1025 3327 quarum
1050 3255 1155 3311 ultima
1174 3255 1310 3310 videtur·

228 3341 294 3381 esse
312 3346 345 3394 ω,
365 3331 485 3382 ceterae
504 3342 567 3383 non
587 3327 797 3398 displciuntur.

172 3540 280 3594 offensi
308 3541 440 3595 numinis
460 3541 551 3596 miser
569 3541 662 3596 sensit
690 3546 783 3610 atque
810 3541 871 3596 illic
889 3543 983 3596 vitam
1013 3543 1161 3597 violenter
1190 3541 1295 3608 finivit,

171 3611 299 3666 sublatis
326 3611 428 3666 multis
451 3612 693 3668 orthodoxorum
714 3613 842 3679 milibus,
871 3614 1088 3668 monachorum
1108 3614 1295 3683 praesertim,

172 3697 303 3752 quorum
314 3686 499 3738 monasteria
516 3686 626 3754 partim
639 3683 781 3750 incendit,
801 3686 909 3754 partim
922 3684 1081 3750 destruxit,
1100 3686 1209 3754 partim
1230 3699 1295 3752 pro·

172 3755 299 3821 sanavit,
318 3760 354 3808 ut
377 3759 407 3810 et
425 3754 557 3809 Dalnrati
580 3755 799 3810 monasterium
827 3761 979 3810 vetustum
1003 3762 1034 3811 et
1053 3757 1194 3821 omnium,
1215 3770 1295 3822 quae
1306 3747 1341 3801 18

172 3825 259 3895 Cpoli
277 3830 357 3894 sunt,
382 3827 633 3896 antiquissImum,
656 3827 737 3896 quod
757 3827 851 3896 pulsis
871 3827 1026 3881 monacbis
1046 3828 1171 3881 militum
1191 3825 1295 3880 dever-

173 3897 287 3952 sorium
301 3897 382 3952 secia
400 3897 508 3967 Neque
521 3913 594 3952 vero
609 3900 749 3953 viventes
761 3903 879 3952 tantum
890 3900 1068 3967 exagitavIt,
1082 3898 1135 3952 sed
1147 3903 1176 3952 ct
1186 3897 1294 3952 Christi
1307 3891 1340 3945 19

173 3969 359 4037 martyribus
378 3976 408 4024 et
427 3970 485 4024 deo
505 3970 592 4023 aliter
610 3971 707 4038 gratis
725 3969 872 4024 insultare
891 3985 952 4022 non
973 3969 1145 4035 desistebat,
1166 3969 1295 4038 quosni·

173 4040 213 4093 bil
227 4056 317 4109 posse
326 4042 483 4096 asserebat
494 4055 685 4111 quorumque
696 4041 927 4095 intercessiones
938 4040 1098 4095 ficulneum
1111 4039 1295 4110 praesidium

172 4111 359 4181 appellabat,
379 4127 484 4167 eorum
503 4117 606 4166 autem
625 4111 769 4180 reliquias
789 4114 897 4180 partim
918 4127 971 4180 per
982 4111 1194 4166 contumeliam
1214 4115 1296 4164 terra

172 4183 332 4249 obruebat,
360 4185 470 4252 partim
499 4182 705 4252 demergebat,
734 4185 843 4252 partim
862 4185 894 4236 in
914 4184 1045 4237 cinerem
1064 4183 1233 4252 redigebat,
1261 4185 1296 4235 ut

172 4259 203 4308 et
220 4254 375 4323 gloriosae
393 4255 535 4323 martyris
548 4253 883 4323 Euphemiaesanctum
903 4269 1021 4324 corpus,
1043 4254 1080 4308 de
1100 4269 1160 4322 quo
1181 4251 1294 4321 duplex
1305 4249 1341 4303 20

172 4339 276 4378 rumor
294 4329 353 4392 est;
376 4341 448 4378 nam
471 4326 522 4379 alii
541 4328 643 4379 ferunt
666 4326 816 4379 nefarium
836 4326 918 4378 iilum
939 4324 1163 4395 copronymum
1182 4325 1214 4378 in
1233 4324 1295 4376 ani·

171 4411 221 4452 mo
241 4395 385 4450 habuisse
403 4396 435 4450 id
448 4411 593 4462 cremare,
614 4396 742 4451 canibus
762 4401 792 4452 et
806 4397 899 4452 asiais
912 4412 975 4453 una
989 4395 1203 4452 comburendis
1217 4396 1295 4449 cine·
