3050 4775
592 399 755 455 Praefatio.
1147 396 1233 453 XVII

107 580 140 645 lr.
165 579 187 645 l.
213 599 398 646 enumerare
422 579 550 663 longum
575 586 638 663 est3
673 580 745 661 quin
772 581 867 645 etiam
893 582 1004 663 negari
1028 600 1090 645 uon
1115 587 1230 665 potest,

107 694 143 752 ut
171 689 395 771 gravissimum
423 706 520 751 unum
549 687 729 772 exemplum
759 687 891 752 adoram
922 686 964 752 ad
987 689 1140 771 syntaxin
1163 708 1232 773 per-

108 797 225 875 tinens,
260 814 332 860 enm
364 795 454 878 leges
484 800 588 861 certas
618 814 657 859 ao
687 793 834 860 definitas
863 803 1066 879 spernentem
1093 797 1232 879 partIcu·

107 904 173 967 lam
197 906 246 968 ἵνα
270 903 356 968 nullo
379 903 448 967 fere
472 902 653 967 discrimine
677 903 870 985 coniungere
894 902 989 967 rnodo
1014 923 1085 968 cum
1112 901 1231 969 indica-

109 1012 177 1074 dvo
200 1010 297 1075 laturi
320 1014 362 1091 (v.
381 1008 423 1075 ad
440 1009 536 1074 XVII
556 1009 606 1092 15,
622 1010 687 1091 16),
716 1008 810 1075 modo
839 1029 910 1075 cunr
939 1009 1113 1075 Indicativo
1141 1030 1231 1095 prae-

110 1120 209 1183 sentis
231 1118 282 1183 vel
305 1118 441 1203 perfecti
466 1119 510 1199 (v.
534 1115 576 1182 ad
601 1118 679 1182 XIV
703 1116 735 1199 6,
749 1118 792 1181 22
816 1128 849 1181 et
874 1118 1006 1199 14,1o),
1034 1117 1130 1183 modo
1159 1137 1231 1183 conr

110 1226 314 1291 coniunctim
338 1226 538 1310 praesentis¹
562 1224 614 1290 vel
637 1226 747 1290 aoristi
772 1227 816 1305 (v.
838 1225 853 1288 l
877 1245 909 1309 p.
926 1224 957 1307 9,
971 1224 1001 1289 8.
1025 1225 1132 1296 51,19
1145 1227 1231 1307 oet),

109 1331 205 1398 modo
229 1352 301 1398 cnm
324 1334 468 1417 optativo
491 1333 670 1417 praesentis
693 1332 745 1397 vel
769 1334 878 1399 acuisti
901 1332 952 1397 vel
976 1332 1073 1397 futuri
1092 1335 1133 1413 (v.
1148 1333 1231 1398 XIII

107 1441 140 1523 8,
153 1442 195 1504 21
223 1446 256 1505 et
278 1440 311 1505 II
334 1462 366 1525 p.
389 1440 524 1521 409,22
548 1447 580 1505 et
604 1438 646 1505 ad
670 1439 749 1506 XIV
776 1442 827 1521 13,
840 1441 908 1520 41).

199 1546 290 1625 Quae
307 1568 378 1613 eum
393 1548 440 1613 ita
455 1549 529 1630 sint,
554 1547 638 1613 hanc
662 1548 753 1613 nobis
777 1548 882 1631 legem
906 1549 937 1612 in
954 1548 1081 1613 Zonara
1104 1546 1229 1613 edendo

106 1656 340 1736 constituimus,
364 1661 400 1719 ut
417 1656 569 1739 optimam
586 1656 647 1721 loci
665 1656 818 1737 cuiusque
834 1657 1022 1740 scripturam
1040 1662 1229 1738 teneremus,

105 1760 247 1829 simodo
272 1782 330 1827 usn
353 1763 453 1846 ipsius
472 1763 618 1827 Zonarae
642 1762 692 1826 vel
716 1762 882 1846 scriptoris
905 1762 1049 1844 aequalis
1071 1768 1128 1827 ant
1150 1762 1230 1829 locis

105 1869 277 1935 simillimis
289 1868 546 1951 confirmaretnr3
572 1868 656 1952 quod
669 1874 775 1934 autem
788 1868 929 1933 dubitari
942 1889 1003 1933 non
1017 1875 1133 1953 potest,
1154 1871 1229 1951 quin

105 1978 296 2062 saepIssIme
320 1978 374 2041 vix
397 1978 499 2061 possit
522 1975 669 2050 discerni,
693 1982 799 2041 utrum
823 1977 902 2041 vitia
926 1976 1085 2059 quaedam
1104 1978 1230 2042 scribae

106 2086 207 2149 errori
231 2082 435 2150 attribuenda
462 2085 526 2148 sint
549 2105 589 2149 an
615 2085 715 2169 ipsios
731 2085 877 2149 Zonaras
896 2084 1020 2169 culpae,
1046 2104 1140 2167 quern
1157 2106 1228 2150 con·

107 2200 174 2259 stat
199 2191 286 2257 lraud
311 2213 383 2257 raro
407 2197 471 2256 tarn
495 2192 705 2275 neglegenter
725 2197 873 2257 auctores
888 2212 964 2257 suos
979 2193 1167 2277 inspexisse,
1191 2198 1227 2256 ut

107 2319 234 2365 errores
259 2301 451 2365 commlserit
473 2299 679 2383 gravissimos
703 2301 747 2379 (v.
764 2300 1043 2364 B·Wcomment.
1069 2298 1229 2364 Fleckeis.

109 2429 139 2492 p.
169 2407 233 2472 134
246 2409 312 2488 ss),
337 2427 377 2472 ne
400 2427 462 2472 uno
486 2405 614 2489 quidem
638 2406 709 2472 loeo
739 2427 797 2472 nos
826 2409 996 2489 quicquam
1024 2407 1159 2489 silentio,
1196 2413 1231 2472 nt

110 2517 213 2594 aiunt,
237 2516 429 2580 mutavimus
444 2512 502 2580 sed
520 2515 553 2577 in
576 2515 783 2579 annotatione
807 2515 919 2578 critica
943 2513 984 2578 dc
1007 2514 1102 2579 rebus
1125 2512 1231 2580 dubiis

109 2640 237 2706 semper
260 2627 292 2686 et
316 2620 462 2686 codicum
485 2622 660 2706 scripturas
683 2620 847 2685 attulimus
877 2628 910 2686 et
937 2628 1077 2686 nostram
1106 2627 1230 2686 senten·

109 2732 188 2794 tiam
204 2727 380 2794 adiecimus
395 2747 549 2793 memores
566 2747 674 2792 eorum
691 2747 774 2810 quae
790 2728 1011 2794 Krumbacher
1033 2729 1053 2792 1.
1071 2749 1098 2795 c.
1116 2750 1148 2813 p.
1165 2729 1228 2793 rut

109 2837 286 2901 rectissime
307 2842 430 2901 monet:
455 2835 505 2900 Es
528 2836 627 2901 otetur
653 2837 717 2901 deu
734 2837 991 2922 Herouspelroru
1007 2837 1115 2900 ciclus
1132 2837 1231 2920 itbrip

109 2945 162 3010 olo
185 2944 359 3028 mdptichst
381 2944 638 3008 kouseroatio
662 2965 703 3007 zu
726 2943 909 3028 verser-drea
932 2945 1003 3007 aud
1030 2950 1111 3008 stetu
1142 2963 1232 3027 sorp-

108 3073 183 3116 sa-rn
207 3053 418 3136 absuwdpen,
449 3071 518 3115 mos
550 3052 655 3116 eduam
679 3049 790 3115 Ardor·
819 3051 905 3115 uach
934 3051 1045 3116 seiae-r
1068 3050 1231 3134 Bilduup,

109 3160 185 3223 dem
208 3158 440 3243 sprocdlicltorr
457 3157 628 3222 Zostaude
651 3159 758 3222 seinos
780 3158 958 3222 Zeitolters
980 3157 1052 3222 und
1075 3157 1140 3221 deu
1163 3153 1232 3220 Arr-

108 3267 340 3351 forderuuperr
359 3265 469 3329 rainer
484 3263 586 3329 Leaer
602 3271 787 3350 supernatet
803 3265 937 3328 worden
957 3265 1060 3338 douc,
1084 3271 1233 3328 nument·

110 3373 177 3437 ucu
200 3373 280 3437 oder
300 3373 382 3458 jode
412 3372 617 3456 ouffalterrde
642 3371 876 3456 Ersclreiuuap
904 3372 1101 3455 toear'pateus
1123 3390 1233 3455 persua

110 3481 156 3543 im
181 3477 358 3564 Apparote
381 3500 423 3543 zu
447 3475 692 3543 oerzeicluterr.“

200 3586 302 3652 NobIs
319 3585 418 3669 igitur·
434 3585 572 3667 quinque
590 3585 736 3650 Zonarae
753 3583 882 3649 codices
898 3582 1136 3649 conferentibus
1154 3584 1231 3648 eins

112 3713 173 3775 quie
197 3713 288 3758 nsum
312 3691 441 3757 dicendi
465 3696 617 3757 accurate
645 3691 902 3757 examinantibus
930 3691 1066 3756 altorum
1095 3690 1234 3755 accessit

111 3799 288 3866 subsidium
320 3799 542 3881 firmissimum,
579 3818 641 3880 quo
676 3799 783 3864 multis
816 3797 897 3863 locis
931 3819 994 3863 non
1028 3796 1233 3863 mediocriter

111 3907 211 3972 adiuti
227 3927 343 3973 sumus.
380 3905 579 3988 Quamquam
597 3908 680 3971 enim
697 3906 836 3970 omnium
850 3905 977 3988 quidem
990 3904 1153 3986 librorum,
1179 3904 1233 3986 qni

115 4033 326 4042 ...-..—-—-—-

113 4103 286 4156 adtribuerit
304 4119 366 4157 non
385 4117 478 4156 unam
498 4103 627 4157 nominis
648 4102 759 4170 proprii
781 4103 916 4167 sormam,
937 4100 990 4154 sed
1011 4099 1122 4165 varias,
1141 4099 1172 4150 in
1192 4098 1234 4150 in-

112 4193 181 4246 dice
199 4194 430 4246 annotationum
451 4197 553 4246 nostro
574 4207 596 4244 e.
617 4207 644 4244 v.
664 4191 808 4245 ‘Nomina
828 4189 965 4259 propria'
983 4189 1187 4257 exposuimus.

201 4278 214 4317 ¹
233 4281 339 4350 ltaque
359 4295 426 4334 eum
452 4281 517 4335 cod.
539 4280 563 4334 A
584 4285 613 4334 et
633 4280 646 4334 I
666 4297 693 4350 p.
705 4279 777 4347 41,4
795 4280 843 4348 ἔχῃ
864 4279 986 4333 videtur
1005 4293 1071 4332 esse
1089 4291 1234 4331 revocan-

113 4371 184 4425 dum
204 4387 260 4440 pro
278 4372 334 4440 ἔχοι
353 4377 384 4426 et
403 4370 431 4424 Il
450 4387 478 4440 p.
491 4371 552 4438 378,
567 4369 600 4423 15
618 4371 719 4438 γένηται
740 4385 795 4438 pro
814 4371 914 4437 γένοιτο
934 4366 999 4422 coll.
1019 4366 1032 4420 I
1053 4383 1080 4437 p.
1091 4365 1134 4434 51,
1145 4365 1169 4419 2.
1190 4366 1233 4432 60,

116 4462 159 4516 16.
180 4459 259 4530 66,1.
280 4461 323 4529 Ί9,
333 4462 358 4515 6.
378 4459 408 4514 II
427 4476 456 4530 p.
475 4459 535 4528 342,
547 4460 570 4514 7.
591 4457 704 4524 ulum.
723 4457 785 4526 350,
797 4456 838 4511 12.
857 4456 918 4525 356,
930 4457 964 4510 19
983 4460 1038 4511 cet.
