3050 4775
314 384 567 446 THEODOSIVS.
605 381 832 444 AMBROSIVS.
871 383 1101 445 GREGORIVS.
1235 387 1270 445 89

148 572 169 640 6
195 570 367 646 Θεοδόσιος
388 570 563 657 μαλαχθείς
585 576 649 644 τοῖς
671 571 855 648 Βυζαντίοις
878 597 910 638 τε
937 571 1033 657 ἀνῆκε
1060 569 1095 636 τὸ
1124 571 1272 656 ἐπιτίμιον

147 679 204 743 καί
226 676 414 762 συναγωγὴν
436 676 523 748 ἔντδς
544 682 599 760 τῆς
620 677 779 760 βασιλίδος
797 681 861 741 τῶν
876 676 1001 740 πόλεων
1016 674 1088 747 τοὺς
1104 672 1273 748 Ἰουδαίους

147 784 231 866 ἔχειν
253 781 413 864 ἀπείρηκε.

244 885 315 956 Τοῖς
337 882 518 970 Ἀντιοχεῦσι
546 886 580 950 δὲ
608 886 723 968 φόρων
751 883 982 967 ἐπιταχθέντων
1009 883 1101 963 νέων,
1134 871 1318 966 κινηδείς30

122 991 172 1055 56
195 989 298 1073 δῆμος
320 991 363 1061 είς
385 989 593 1073 ἀγανάκτησιν
616 986 667 1053 διὰ
689 985 725 1051 τδ
748 985 858 1050 καινὸν
872 992 927 1069 τῆς
942 986 1134 1068 εἰσπράξεως
1150 985 1274 1056 εἰκόνας

150 1099 208 1176 τῆς
233 1093 388 1174 προτέρας
415 1099 550 1176 γαμετῆς
577 1097 633 1156 τοῦ
661 1091 816 1174 βασιλέως
843 1087 1016 1154 Θεοδοσίου
1045 1089 1078 1152 έν
1106 1095 1143 1172 τῇ
1171 1089 1274 1172 ἀγορᾷ

150 1202 208 1280 τῆς
234 1195 358 1267 πόλεως
384 1196 491 1260 αὑτῶν
518 1195 683 1278 ἱσταμένας
714 1193 889 1256 κατέσπασε
920 1191 974 1254 καί
1005 1192 1115 1274 ἔσυρεν
1144 1190 1177 1254 ἓν
1208 1197 1274 1262 ταῖς

153 1297 319 1382 δημοσίαις
345 1297 442 1369 ὁδοῖς.
488 1297 597 1378 διόπερ
625 1295 783 1378 ὀργισθείς
811 1293 928 1364 ἐκεῖνος
955 1293 991 1356 τά
1019 1317 1051 1358 τε
1084 1293 1187 1357 δίκαια
1219 1300 1275 1377 τῆς
1283 1283 1354 1340 3ῙΡ
1366 1283 1394 1340 ῙῙ
1404 1280 1475 1339 36Ᾱ

150 1401 278 1472 πόλεως
300 1399 440 1483 ἀφείλετο
463 1399 517 1464 καί
538 1407 576 1484 τῇ
597 1401 633 1464 έκ
656 1398 803 1482 γειτόνων
819 1396 990 1480 Λαοδικείᾳ
1007 1397 1121 1480 ταύτην
1143 1398 1275 1471 ὑπέταξε

105 1508 142 1560 10
150 1505 208 1568 καί
229 1502 302 1574 τοὺς
325 1504 421 1586 αι’πῆς
441 1504 568 1574 πολίτας
591 1503 752 1585 διαθήσειν
775 1500 889 1584 ἠπείλει
915 1503 1039 1570 κακῶς·
1073 1499 1126 1564 καί
1154 1500 1274 1565 διέθετο

151 1608 202 1687 ἄν,
231 1608 260 1671 τί
278 1606 323 1690 μὴ
351 1604 529 1689 Φλαβιανδς
551 1606 570 1670 6
592 1605 660 1669 τότε
681 1611 736 1688 τῆς
759 1602 940 1686 Ἀντιοχείας
963 1603 1124 1687 ἀρχιερεὺς
1146 1611 1193 1685 τῷ
1214 1605 1273 1686 βα-

151 1711 232 1773 σιλεῖ
253 1708 444 1791 προσελθὼν
471 1709 659 1790 ἐπρέσβευσε
684 1708 738 1771 καί
761 1707 905 1772 ἐνδοῦναι
928 1706 1023 1770 αὐτὸν
1045 1707 1196 1789 πεποίηκε
1218 1711 1274 1770 τοῦ

151 1813 272 1895 θυμοῦ.
318 1812 369 1875 ὅτε
390 1812 445 1875 καὶ
467 1811 486 1876 ὅ
507 1813 607 1894 μέγας
629 1809 732 1893 πατὴρ
751 1810 770 1873 6
790 1808 1019 1892 Χρυαόστομος
1034 1805 1181 1892 Ἰωάννης
1202 1807 1275 1879 τοὺς
1284 1800 1318 1854 32

152 1912 351 1998 Ἀνδριάνιας
374 1915 647 1998 ἐπιγραφομένους
668 1912 782 1995 λόγους
809 1913 996 1994 συνέγραψε,
1028 1919 1083 1996 τῆς
1106 1911 1139 1976 έν
1162 1907 1273 1975 Ἀντιο-

106 2019 142 2074 15
153 2019 223 2102 χείρ
245 2018 412 2101 ἐκκλησίας
433 2017 598 2100 τυγχάνων
619 2017 840 2100 πρεσβύτερος.

250 2120 328 2186 Τότε
354 2120 408 2184 καί
430 2120 449 2183 6
471 2119 569 2192 πολὺς
596 2121 629 2183 έν
655 2120 804 2202 δεολογίᾳ
828 2119 860 2182 Γ
855 2118 1012 2203 ρηγόριος,
1046 2102 1327 2200 κεκρυμμένωςῙ9

151 2221 269 2307 πρῴην
292 2223 452 2287 διδάσκων
474 2222 547 2294 τοὺς
569 2222 770 2306 δρδοδόξους
790 2222 824 2286 έν
843 2229 889 2305 τῴ
904 2227 958 2306 τῆς
974 2220 1064 2304 ἁγίας
1079 2217 1276 2292 Ἀναοτασίας

151 2432 250 2502 θπερί
267 2440 313 2503 τῆς
330 2431 359 2487 δν
374 2431 513 2502 Ἀντιοχείᾳ
530 2432 671 2503 γενομένης
689 2431 797 2496 ἀταξίας
819 2430 866 2487 ΟΕ

209 2630 273 2684 Ῑτε
291 2644 349 2684 om.
368 2628 441 2699 pr
505 2628 720 2698 8δημοσίοιςο
783 2629 808 2683 8.
828 2628 845 2683 9
864 2628 894 2683 τά
913 2649 939 2682 τε
958 2649 979 2683 τ.
997 2628 1099 2687 πόλεως
1117 2626 1165 2694 dp.
1185 2628 1276 2681 δίκαια

210 2700 284 2770 pr
356 2700 587 2769 9έγγειτόνωνΕ
661 2699 763 2769 1ταύτην
782 2700 853 2755 ὑπέτ.
872 2699 1051 2755 λαοδικείαΕ
1124 2699 1159 2753 10
1177 2698 1275 2766 ἠπείλει

210 2772 351 2841 διαθήσειν
369 2771 446 2842 pr
550 2774 591 2826 13.
612 2773 647 2826 14
665 2774 681 2826 6
697 2773 778 2840 μέγας
795 2771 882 2841 πατὴρ
901 2774 916 2826 6
934 2773 1117 2840 χρυσάστομος
1135 2770 1249 2838 ίωάννης
1270 2766 1274 2838 ί

209 2844 271 2903 τοὺς
285 2844 518 2912 άνδριανδριάντας
537 2845 702 2912 (ἀνδριάντας
711 2844 746 2908 Ε)
764 2844 993 2913 ἐπιγραφομένους
1004 2841 1086 2908 ΑίΕ),
1105 2843 1121 2894 6
1138 2841 1277 2909 πάμμεγας

210 2916 325 2983 ίωάννης
337 2917 546 2983 δχρυσόστομος
558 2916 618 2974 τοὺς
630 2916 856 2985 ἐπιγραφομένους
875 2914 1030 2982 ἀνδριάντας
1050 2912 1123 2982 pr
1197 2912 1232 2966 14
1249 2912 1277 2965 έν

209 2988 341 3123 {giroldi}
358 2986 421 3053 AR,
438 2986 583 3057 ἀντιοχέων
600 2987 678 3057 pr
763 2987 797 3041 lb
817 2983 987 3056 δπάρχωνΟ
1075 2984 1108 3040 li
1127 2992 1179 3044 τοῖς
1198 2984 1277 3053 δρδο·

259 3079 299 3118 θές

153 3256 282 3311 multam
305 3260 337 3311 et
363 3270 557 3327 synagogam
585 3256 664 3311 intra
693 3256 831 3326 reginam
859 3256 980 3310 urbium
1004 3254 1136 3310 Iudaeos
1163 3252 1277 3309 habere

153 3329 262 3384 vetuit.

245 3396 501 3453 Antiochensibus
521 3403 623 3453 antem
642 3411 710 3451 curn
729 3398 844 3451 tributa
864 3398 1056 3468 imposuisset
1073 3412 1165 3465 nova,
1184 3411 1277 3466 popu·
1287 3384 1323 3439 30

153 3471 202 3525 ius
222 3471 262 3524 ob
285 3471 453 3523 exactionis
475 3471 641 3524 novitatem
667 3469 844 3539 indignatus
867 3470 1016 3539 imagines
1040 3469 1150 3538 prioris
1172 3468 1278 3521 uxoris

153 3543 240 3610 regis
260 3540 424 3595 Theodosii
442 3542 473 3594 in
493 3542 560 3595 ioro
584 3541 703 3595 urbano
724 3542 840 3610 positas
865 3540 975 3594 deiecit
1000 3544 1029 3593 et
1052 3540 1147 3593 traxit
1170 3540 1200 3591 in
1225 3554 1278 3608 pu·

155 3614 242 3666 blicis
255 3612 322 3665 uiis.
359 3612 552 3681 Quapropter
573 3613 669 3666 iratus
690 3612 740 3666 ille
766 3612 872 3665 urbem
898 3618 927 3665 et
952 3611 1120 3681 privilegiis
1145 3610 1277 3679 privavit
1288 3599 1321 3654 31

154 3692 184 3738 et
204 3685 327 3736 vicinae
343 3683 517 3737 Laodiceae
535 3684 665 3737 subiecit
689 3688 719 3737 et
742 3698 775 3737 se
794 3682 871 3735 malo
891 3698 957 3737 esse
976 3686 1177 3736 tractaturum
1196 3682 1278 3734 cives

154 3756 344 3821 minabatur3
364 3759 395 3808 et
413 3755 491 3809 male
507 3770 559 3808 eos
572 3760 740 3821 tractasset,
759 3754 817 3807 nisi
831 3753 1002 3819 Flavianus,
1022 3752 1201 3806 Antiochiae
1214 3757 1278 3805 tum

154 3826 413 3895 archiepiscopus,
438 3841 542 3895 regem
562 3826 686 3880 adiisset
705 3825 825 3894 legatus
845 3830 874 3878 st
894 3826 1051 3889 effecisset,
1080 3828 1113 3877 ut
1136 3824 1210 3876 iram
1234 3838 1278 3876 re-

154 3899 296 3952 mitteret.
334 3896 400 3960 Quo
420 3903 555 3966 tempore
575 3902 605 3951 et
629 3912 760 3964 magnus
783 3901 870 3966 pater
889 3896 1018 3950 loannes
1038 3894 1277 3963 chrysostomus
1288 3886 1323 3940 32

154 3968 369 4023 Antiochensis
388 3968 535 4022 ecclesiae
553 3970 720 4038 presbyter,
750 3968 903 4021 oratione-s
923 3984 974 4021 eas
994 3967 1170 4036 composuit,
1200 3980 1279 4035 quae

154 4040 365 4095 inscribuntur
383 4037 563 4094 “Statuae”.

248 4110 291 4164 19.
329 4109 407 4163 Tum
426 4111 516 4164 etiam
531 4109 698 4179 Gregorius
717 4110 915 4179 peritissimus
931 4109 1111 4177 theologiae,
1131 4109 1182 4176 qui
1203 4107 1278 4159 clam

154 4182 275 4253 pridem
299 4181 429 4235 docebat
449 4181 634 4235 orthodoxos
653 4182 684 4233 in
703 4186 828 4234 sanctae
846 4180 1027 4235 Anastasiae
1053 4179 1129 4233 aedo
1154 4179 1192 4232 ob
1211 4178 1279 4230 hae·

154 4254 322 4309 reticorum
358 4252 577 4322 impudentiam
614 4260 644 4306 et
681 4252 856 4317 audaciam,
894 4266 963 4305 enm
1000 4268 1055 4305 rex
1089 4248 1279 4303 Theodosius

155 4324 302 4379 ecclesiae
322 4323 498 4378 orthodoxis
524 4325 694 4393 aperuisset
712 4321 904 4392 Arianosque
929 4328 1107 4392 persecutus
1132 4324 1219 4386 esset,
1249 4320 1277 4372 li·

154 4397 230 4453 bere
259 4395 460 4452 denuntiabat
487 4395 581 4453 filium
612 4394 747 4451 eiusdem
780 4410 846 4451 esso
877 4399 1006 4451 naturae
1037 4408 1105 4449 cum
1135 4397 1222 4464 patre
1250 4396 1280 4447 et
