3050 4775
283 440 337 500 ιιι
535 440 672 502 nonna
691 440 789 501 nrm.
809 440 908 502 xvm
926 444 969 516 n,
988 444 1102 517 21-22,
1121 440 1147 501 e.

77 635 271 693 Pnaatael
375 626 469 692 Ούτω
500 626 559 710 μὲν
586 627 644 693 οὗν
671 634 782 692 ταῦτα·
816 630 834 692 ὁ
859 630 893 694 δὲ
915 637 969 713 τῆς
997 630 1156 713 βασιλίδος
1183 632 1247 693 τῶν
1273 628 1398 695 πόλεων

281 730 513 813 ἀρχιερατεύων
528 732 646 802 ἐκεῖνος
663 730 804 815 Κοομᾶς,
827 738 864 816 τῇ
879 738 944 797 τῶν
958 738 1076 797 κοινῶν
1090 732 1287 817 πραγμάτων
1303 758 1397 815 μετα-

281 834 404 916 χειρίσει
435 834 695 917 ἀπαρεσκόμενος
728 836 782 899 καλ
817 836 1014 918 ἀπεγνωκὼς
1046 836 1102 919 τὴν
1137 835 1318 919 όιόρθωσιν,
1352 846 1399 921 τῷ

281 938 418 1021 ὑπηρέτῃ
441 936 572 1019 “riom”
598 939 696 1002 εἰπών
722 938 781 1002 “ao
804 940 977 1023 ψαλτήριον
999 939 1053 1003 καὶ
1075 942 1211 1003 συνέποο
1233 940 1316 1021 μοι”
1343 947 1399 1023 τῆς

281 1040 446 1123 ἐκκλησίας
467 1041 696 1123 ύπανεχώρησε
718 1041 772 1105 καὶ
794 1041 893 1105 πολλὰ
916 1042 1003 1124 παρὰ
1026 1047 1091 1106 τῶν
1113 1042 1315 1125 κρατούντων
1335 1048 1426 1105 πα-5
1511 1122 1512 1127 ¹

280 1142 452 1225 ρακληθελς
473 1144 668 1226 ὑποστρέψαι
691 1145 751 1227 ούχ
775 1144 991 1229 ύπενόστησεν,
1023 1147 1074 1229 ἔτη
1102 1147 1192 1211 πέντε
1218 1146 1272 1210 καλ
1293 1152 1399 1230 μῆνας
1511 1132 1512 1211 I

236 1246 369 1309 22ἒννέα
392 1245 447 1309 τὸν
468 1244 576 1310 πιστὸν
597 1246 755 1329 ποιμόνας
777 1247 862 1311 λαόν.
909 1248 957 1311 «iat
980 1248 1034 1311 καλ
1056 1248 1150 1313 ἀλλον
1169 1248 1234 1312 τινὰ
1250 1250 1398 1333 ἀρχιερέα

279 1355 318 1432 τῇ
333 1348 481 1431 ἐκκλησία
496 1348 763 1433 ἀντοιατέστησαν,
785 1349 932 1431 ἔκτομίαν
946 1350 1012 1413 τινὰ
1027 1350 1179 1434 μοναχόν,
1202 1351 1399 1435 κεκλημένον

280 1450 482 1534 Εὗστράτιον,
505 1454 576 1517 οὔτε
590 1450 695 1535 λόγοις
710 1452 892 1535 ὡμιληκότα
908 1454 979 1516 οὔτε
993 1454 1190 1537 πραγμάτων
1205 1455 1397 1537 ἐγγεγυμνα-

280 1554 395 1637 σμένον
416 1557 666 1640 μεταχειρίσεων,
690 1555 792 1639 ἀφελῆ
815 1554 849 1619 όὲ
872 1556 1048 1637 ἄνθρωπον
1063 1556 1117 1620 καὶ
1131 1558 1245 1640 ἡσυχίᾳ
1260 1560 1280 1641 ἢ
1297 1558 1398 1640 γωνίᾳ
1410 1564 1445 1617 10

193 1666 270 1722 1323
278 1658 399 1741 μᾶλλον
429 1660 639 1741 προσήκοντα
684 1658 746 1740 ήθη
776 1656 810 1721 ἀὲ
838 1664 918 1740 τρεῖς
946 1656 1104 1729 ἐνιαυτούς
1130 1660 1399 1743 ἒνσεμνονόμενος

279 1761 459 1845 κατηνέχθη
482 1766 547 1825 τῶν
568 1762 664 1844 ἱερῶν
686 1760 873 1843 ἀνακτόρων
894 1760 982 1843 παρὰ
1005 1766 1069 1825 τῶν
1087 1762 1304 1845 κρατούντων·
1328 1762 1396 1847 ηδ’

235 1874 271 1929 24
279 1864 359 1926 αἰτία
388 1864 449 1926 ούκ
476 1864 627 1945 ἔγνωσται
655 1863 806 1946 ἀκριβῶς.
852 1864 905 1927 καλ
936 1862 1045 1928 λοιπὸν
1072 1866 1305 1948 προκεχείριοτο
1333 1890 1397 1929 πα-

124 1966 427 2049 ΨῙῙΙΞ36τριόρχης
453 1965 534 2047 ἀνὴρ
561 1965 711 2047 μοναχός,
744 1966 763 2028 ό
791 1964 1007 2049 γραμματικός
1034 1966 1270 2049 ὀνομαζόμενος
1295 1968 1396 2034 Νικό-

279 2069 365 2151 λαος,
397 2070 431 2131 ἐν
462 2068 591 2150 ἀσκήσει
618 2068 673 2132 τὸν
701 2069 771 2151 βίον
801 2068 958 2151 όιηνυκὼς
985 2070 1039 2133 καλ
1061 2070 1137 2135 οὐδὲ
1159 2078 1214 2155 τῆς
1236 2073 1270 2135 ἒν
1292 2072 1399 2155 λόγοις
1413 2083 1444 2135 15

278 2170 420 2243 παιόείας
434 2172 611 2254 ἀμέθεκτος
626 2172 684 2253 ὤν,
706 2173 768 2234 κᾶν
782 2172 827 2255 μή
852 2172 1042 2255 κατακόρως
1064 2174 1176 2256 ταύτης
1197 2176 1398 2258 μετέσχηκεν.
1511 2242 1512 2277 η

225 2278 269 2343 22
361 2274 445 2357 Ἄρτι
475 2273 510 2337 ti
538 2279 592 2357 τῆς
618 2273 775 2357 βασιλείας
799 2274 995 2358 ἕπιβεβηκότι
1017 2282 1063 2357 τῷ
1087 2274 1249 2360 Κομνηνῷ
1280 2278 1396 2362 ἠγγέλη
1511 2288 1512 2367 i

278 2376 298 2442 ό
324 2376 473 2461 Φρόγγος
500 2375 689 2461 Ῥομπέρτος
721 2378 764 2449 εἰς
795 2376 851 2460 τήν
875 2376 1072 2461 Ἐπίδαμνον
1105 2378 1436 2465 όιαπεραιούμενος,1)
1450 2386 1484 2442 Ν
1511 2368 1512 2373 ¹

279 2573 294 2626 1
312 2571 373 2641 περὶ
389 2579 563 2642 πατριαρχῶν
582 2571 630 2628 ΟΕ
702 2573 736 2628 17
754 2573 815 2642 περὶ
832 2579 878 2628 τοῦ
893 2573 1055 2642 Ῥομπέρτοο
1075 2572 1122 2629 ΟΕ
1141 2581 1186 2628 τοῦ
1205 2612 1247 2630 ...
1266 2575 1311 2630 καλ
1323 2577 1397 2637 ὅπως
1511 2637 1512 2648 ¹

277 2646 406 2713 πρότερον
422 2643 472 2713 μὲν
488 2643 602 2714 ἐτιμήθη
621 2645 637 2699 ό
654 2643 775 2715 βασιλεὺς
792 2643 952 2714 προσβαλὼν
969 2645 1042 2714 αύτῷ
1061 2645 1115 2700 εἶτα
1133 2647 1238 2714 ἐνίκησε
1257 2645 1279 2702 O

330 2837 348 2890 2
366 2841 438 2891 ante
455 2835 554 2896 iusim
567 2836 636 2891 add.
649 2837 665 2891 ό
676 2838 815 2897 θεσπέσιος
830 2835 948 2907 prDi
1017 2838 1199 2908 μεταχειρήσει
1216 2837 1277 2910 w*p
1293 2839 1396 2895 invitis

330 2907 392 2975 AR,
411 2925 440 2963 v.
459 2909 499 2962 ad
519 2923 561 2962 va.
576 2909 610 2962 10
681 2909 698 2963 5
716 2907 944 2978 ἀπανεχώρησεθ
1016 2911 1031 2964 i
1051 2910 1108 2964 τινὰ
1128 2925 1184 2964 oin.
1204 2909 1228 2965 Ο
1300 2911 1317 2964 8
1335 2911 1395 2966 ἀντ-

330 2979 499 3048 ικατέστησεν
516 2979 598 3050 Ewp,
620 2997 648 3034 v.
667 2981 707 3034 ad
724 2981 824 3036 XVIII
842 2979 867 3048 5,
887 2981 904 3035 9
976 2981 993 3035 9
1009 2981 1250 3050 ε’γγτγνμνασμένον
1267 2981 1394 3052 prDa',

329 3052 578 3120 ἐγγεγυμνασμένων
596 3050 624 3105 Α
714 3053 749 3106 10
765 3052 979 3122 μεταχειρήστσιν
998 3051 1099 3123 Ditwp
1189 3054 1219 3106 ll
1240 3061 1307 3123 post
1326 3063 1395 3122 τρεῖς

330 3124 400 3177 add.
410 3124 485 3183 οὗτος
496 3122 528 3189 0,
538 3125 623 3183 οὕτως
633 3122 740 3193 w*th'
795 3129 863 3193 post
872 3123 1007 3184 ἐνιαυτοὺς
1018 3123 1088 3178 add·
1099 3133 1136 3178 τῶ
1150 3125 1240 3194 θρόνω
1253 3123 1392 3196 O(wth')

331 3195 365 3248 12
383 3195 507 3277 κατήχθη
526 3195 554 3248 D
656 3195 690 3248 14
708 3195 830 3264 γρατικὸς
849 3195 872 3248 Β
972 3195 1158 3265 ὠνομασμένος
1178 3197 1202 3252 Ο
1297 3197 1330 3251 15
1349 3205 1393 3267 τῆς

330 3265 456 3337 prDt,
475 3275 527 3326 τοῖς
545 3265 602 3320 ΑΙ)
675 3267 709 3321 18
727 3267 875 3336 ρομπόρτης
893 3265 921 3320 D
994 3267 1038 3322 διὰ
1055 3269 1244 3338 περαιούμενος
1263 3269 1326 3334 (sie)
1346 3267 1373 3322 A

231 3460 266 3514 21
365 3457 466 3529 Atque
483 3459 559 3514 haec
577 3459 736 3529 hactenus3
760 3464 792 3514 at
810 3460 916 3530 regiae
934 3459 1018 3515 urbis
1037 3462 1175 3530 pontifex
1195 3462 1243 3517 ille
1263 3461 1395 3530 Coenus-a,

296 3533 329 3586 ui
348 3533 552 3586 communium
571 3546 673 3587 rerum
689 3532 980 3586 administrationem
993 3533 1179 3602 improbaret
1192 3539 1284 3604 atque
1296 3549 1394 3588 emen·

276 3549 429 3658 Iunonem
449 3603 633 3672 desperaret,
651 3604 787 3658 ministro
808 3617 863 3658 suo
877 3604 1052 3673 psalterium
1066 3605 1188 3659 auferre
1201 3619 1295 3674 seque
1307 3607 1394 3674 sequi
1511 3615 1512 3662 1

275 3677 367 3742 iusso,
396 3675 524 3729 ecclesia
543 3676 673 3729 excessit
691 3689 792 3744 neque
811 3676 841 3728 in
861 3689 928 3729 eam
947 3675 1044 3742 rediit,
1074 3678 1213 3745 quamvis
1235 3678 1395 3747 imperato·
1511 3677 1512 3684 ’

276 3748 361 3800 ribus
374 3760 562 3815 magnopere
575 3747 793 3816 flagitantibus,
813 3761 881 3800 curn
895 3747 1014 3801 fidelem
1027 3748 1174 3817 populum
1193 3763 1290 3804 annos
1309 3749 1394 3818 quin·

231 3817 337 3887 iique
356 3823 386 3872 et
404 3831 524 3872 menses
547 3832 657 3871 norem
682 3819 824 3886 pavisset.
862 3818 1012 3880 Quocirca
1036 3818 1127 3872 alium
1151 3820 1323 3890 pontificem
1346 3834 1394 3873 ec-

276 3889 386 3944 clcsiae
414 3890 635 3958 praefecerunt,
668 3889 835 3944 sadonem
864 3890 1017 3958 quendam
1048 3891 1238 3958 monachum,
1271 3892 1394 3946 nomine

276 3961 469 4020 Eustratium,
495 3975 594 4028 neque
616 3975 672 4014 eru
695 3961 769 4014 itum
788 3975 888 4029 neque
907 3963 939 4014 in
957 3961 1049 4015 rebus
1067 3961 1211 4032 gerendis
1232 3969 1392 4029 versatum,

230 4032 266 4086 23
275 4032 330 4086 sed
349 4031 498 4085 hominem
518 4032 682 4101 simplicem
700 4037 731 4086 et
750 4033 811 4086 otio
831 4047 868 4086 ac
886 4035 987 4103 potius
1006 4033 1120 4102 angulo
1134 4034 1289 4103 aptiorem.
1327 4033 1394 4097 Qua

276 4104 425 4173 dignitate
449 4118 504 4172 per
529 4118 626 4157 annos
651 4109 712 4156 tres
736 4104 885 4172 gloriatus
909 4105 948 4159 ob
973 4119 1096 4158 causam
1119 4119 1179 4159 non
1199 4107 1272 4159 satis
1290 4111 1393 4160 notam

229 4175 314 4229 24ab
334 4175 568 4243 imperatoribus
587 4189 674 4228 sacra
694 4177 771 4227 aede
791 4181 836 4228 est
855 4175 1016 4243 deductum
1046 4180 1138 4244 atque
1157 4177 1188 4229 in
1207 4177 1273 4230 eius
1293 4177 1393 4230 locum

275 4246 420 4300 suffectos
439 4252 484 4300 eet
502 4245 645 4300 Nicolans
666 4247 841 4314 monachus,
871 4249 918 4300 cui
944 4254 1179 4316 cognomentum
1207 4253 1273 4302 erat
1295 4263 1393 4316 gram-

273 4319 412 4385 maticus,
440 4319 492 4386 qui
516 4318 547 4371 in
571 4317 672 4371 studio
691 4319 813 4372 virtutis
832 4323 934 4373 aetate
953 4325 1022 4373 acta
1041 4318 1209 4373 litterarum
1227 4334 1290 4374 non
1309 4318 1392 4373 rudis

275 4395 350 4455 erut,
369 4390 425 4443 etsi
444 4404 505 4443 non
526 4389 676 4458 exquisite
695 4390 819 4459 peritus.
1511 4425 1512 4442 ι

363 4460 407 4516 22.
445 4460 617 4516 Comnenus
631 4461 720 4517 modo
734 4463 847 4531 potitus
861 4477 970 4528 rerum,
985 4463 1124 4518 nuntiata
1137 4463 1262 4520 Robcrti
1276 4461 1391 4532 Franci,
1511 4491 1512 4498 ι
