3050 4775
429 376 581 439 italam
598 377 833 441 apostalae
852 379 962 443 licat.
1222 381 1256 444 ti

135 568 216 631 σθεν
242 566 297 631 καί
323 565 398 638 τοὺς
425 566 639 649 οὐραγοῦντας
666 568 838 650 ταράττειν·
873 567 947 639 τοὺς
968 567 1111 640 Γάλλους
1134 564 1163 633 δ’
1188 569 1255 634 ἀπι-
1268 576 1302 630 12

136 661 422 752 σθδφυλακσῖιντας
444 669 663 743 ἀντιτάξασθαι
685 675 750 740 τοῖς
777 670 936 752 πολεμίοις
963 671 1176 754 γενναιότερον
1204 673 1257 736 καί

135 771 273 843 πολλοὺς
294 773 402 836 αὐτῶν
423 771 550 853 ἀνελεῖν,
573 773 612 835 οὐ
635 777 700 836 τῶν
721 771 881 856 τυχόντων
897 772 1007 856 μόνον,
1032 774 1109 837 ἀλλὰ
1124 774 1178 839 καὶ
1193 781 1258 838 τῶν

136 875 214 956 παρ’
231 875 359 944 ἐκείνοις
381 873 553 956 ἐπιφανῶν.
599 873 701 956 ἐνδείᾳ
724 875 759 938 δὲ
782 879 846 938 τῶν
868 875 1050 958 ἐπιτηδείων
1066 878 1096 940 οἱ
1107 877 1256 959 Ῥωμαῖοι
1268 885 1302 938 13

22 983 128 1040 111216
137 976 293 1059 σφοδρῶς
315 978 479 1050 ἐπιέζοντο.
521 975 691 1047 Ἰουλιανὸς
714 973 742 1040 δ’
768 977 801 1040 ἒν
823 977 940 1060 ἀπορίᾳ
962 984 1018 1042 τοῦ
1041 979 1070 1040 τί
1090 979 1302 1062 triopa-14

136 1103 199 1142 retr
221 1079 274 1142 καί
296 1079 375 1142 ὅθεν
397 1079 551 1142 ἐπανιέναι
574 1080 680 1162 χρεὼν
702 1079 868 1160 καταστάς,
903 1080 999 1144 είλετο
1023 1080 1073 1144 διά
1096 1088 1150 1165 τῆς
1174 1081 1255 1164 ἀρει-

136 1187 195 1264 νής
217 1181 273 1263 τήν
293 1183 424 1262 πορείαν
445 1182 645 1264 ποιήσασθαι.
690 1187 783 1245 τοῦτο
806 1183 837 1245 οῖ
862 1181 982 1264 Πέρσαι
1009 1185 1257 1266 κατανοήσαντες
1268 1193 1301 1248 15
1321 1193 1344 1246 Β

136 1283 192 1346 καί
215 1285 258 1353 είς
278 1283 391 1347 ταύτόν
413 1283 636 1366 ἀθροισθέντες
656 1290 720 1354 τοῖς
739 1283 906 1367 Ῥωμαίοις
922 1285 1084 1349 ἐπέθεντο·
1107 1286 1256 1350 καὶκατὰ

135 1385 197 1468 μέν
224 1385 260 1449 τὸ
288 1387 455 1468 εὐώνυμον
481 1387 578 1468 κέρας
606 1386 759 1470 ἐκράτουν
784 1386 944 1470 Ῥωμαῖοι,
980 1387 1059 1452 κατὰ
1093 1389 1128 1452 δέ
1160 1412 1194 1470 γε
1221 1388 1257 1453 τὸ

92 1501 127 1553 10
137 1489 242 1562 δεξιὸν
263 1490 457 1571 ἠλαττοῦντο.
502 1491 522 1552 ὃ
544 1488 638 1571 γνοὺς
656 1487 826 1560 Ἰουλιανὸς
846 1490 975 1572 ἀμύνειν
989 1496 1052 1561 τοῖς
1068 1491 1257 1574 ἡττωμένοις
1268 1500 1302 1554 16

135 1592 287 1674 ἠπείγετο.
332 1592 421 1675 ἔτυχε
444 1592 479 1655 δὲ
502 1590 552 1654 διὰ
575 1591 676 1674 βάρος
698 1590 752 1654 καλ
773 1590 830 1672 τήν
853 1592 889 1654 ἒκ
912 1597 968 1655 τοῦ
991 1593 1080 1675 ἡλίου
1096 1593 1257 1676 φλόγωσιν
1267 1603 1300 1657 11

138 1693 271 1774 (θέρους
299 1693 360 1775 γάρ
387 1692 427 1776 ἦν
455 1691 539 1776 ὥρα)
568 1691 622 1756 τὸν
650 1692 790 1774 θώρακα
821 1693 1041 1776 ἐκδυσάμενος.
1088 1696 1122 1760 έν
1149 1697 1257 1778 μέσοις
1267 1705 1302 1759 18

137 1793 197 1860 οὖν
218 1803 282 1866 τοῖς
303 1795 462 1878 πολεηάοις
482 1795 649 1878 γενόμενος
665 1795 773 1876 δόρατι
787 1795 929 1876 βάλλεται
945 1795 1025 1859 κατὰ
1040 1803 1095 1880 τῆς
1109 1797 1256 1881 πλευρᾶς.

137 1899 256 1980 λέγεται
279 1897 314 1961 δὲ
336 1899 382 1961 ότι
403 1898 549 1981 σφοδροῦ
572 1895 639 1960 τότε
664 1897 855 1967 πνεύσαντος
879 1898 1056 1980 πνεύματος
1080 1899 1175 1982 ἀχλὺς
1197 1901 1256 1984 βα-
1268 1910 1302 1964 19

94 2001 213 2072 15θεῖα
241 2006 296 2063 τοῦ
324 2000 418 2082 ἀέρος
445 2005 500 2063 τοῦ
530 2000 599 2062 ἐκεῖ
619 2000 861 2063 κατεσκέδαστο·
896 2000 933 2062 τά
963 2000 1023 2083 γὰρ
1053 2003 1161 2086 πλήθη
1193 2007 1258 2067 τῶν

140 2103 380 2184 στρατευμάτων
410 2101 510 2166 πολὺν
541 2101 664 2166 ἐκίνουν
695 2101 867 2184 κονιορτόν,
904 2103 950 2172 ὡς
981 2104 1063 2186 μηδὲ
1096 2105 1258 2186 γινώσκειν

139 2203 215 2268 οὔθ’
239 2206 312 2268 ὅποι
333 2205 408 2268 είσλν
430 2200 503 2268 οὔθ’
528 2205 557 2286 ό,
585 2229 612 2267 τι
634 2205 808 2288 πράττοιεν·
843 2204 961 2288 ἄδηλον
985 2201 1013 2268 δ’
1038 2204 1113 2270 εἶναι
1137 2207 1214 2270 ὅθεν
1236 2208 1302 2290 ἡ20

135 2307 234 2371 αὐτὸν
255 2308 399 2391 πλήξασα
428 2305 525 2391 αἰχμὴ
555 2303 623 2370 κατ’
648 2307 768 2370 ἐκείνου
797 2307 957 2391 ἐβέβλητο,
993 2309 1052 2370 εἴθ’
1077 2307 1141 2372 ὑπὸ
1163 2309 1255 2372 πολε-

133 2412 212 2493 μίου
238 2406 299 2473 εἴθ’
322 2410 386 2473 ὑπό
412 2432 494 2479 τινος
521 2415 587 2473 τῶν
614 2410 712 2473 αὐτοῦ
741 2406 793 2472 εἴτ’
818 2411 854 2473 ἐκ
883 2411 1046 2494 θειοτέρας
1075 2412 1290 2495 διινάμεως·0

134 2569 168 2622 II
188 2570 263 2627 ὅπως
280 2570 297 2622 δ
312 2568 466 2639 παραβάτης
484 2576 537 2628 τοῖς
555 2570 672 2637 Πέρσαις
688 2570 840 2637 μαχόμενος
858 2568 970 2638 ἀφανῶς
990 2570 1105 2638 (011116)
1125 2570 1193 2625 κατὰ
1211 2578 1257 2640 τῆς

133 2641 250 2709 πλευρᾶς
267 2640 382 2709 έτρώθη,
401 2640 446 2694 καί
464 2640 593 2708 θνήσκων
611 2640 679 2694 κατὰ
692 2648 738 2694 τοῦ
751 2642 871 2707 Χριστοῦ
884 2641 1076 2711 ἐβλασφήμησε
1095 2646 1147 2707 (·εν
1158 2642 1192 2709 Ε)
1212 2644 1257 2697 καί

133 2714 222 2771 οὕτως
240 2713 320 2775 (οὕτω
340 2712 375 2780 Ε)
394 2711 441 2783 τήν
458 2712 553 2765 ἀθλίαν
571 2710 651 2765 nitori
669 2710 763 2781 φυχήν
781 2712 949 2781 ἀπηρεόξατο
969 2711 1017 2768 ΟΕ

188 2864 214 2918 5.
224 2864 243 2918 6
253 2884 299 2933 πρ.
311 2864 376 2918 ὅθεν
385 2864 431 2919 καί
440 2864 480 2917 τ’π.
492 2862 515 2919 C
586 2862 604 2917 8
622 2862 716 2917 ταυτὸν
724 2862 761 2927 Α,
778 2860 871 2917 ταθτδν
885 2860 967 2933 Rw‘p,
988 2862 1065 2918 ταυτδ
1075 2862 1111 2933 D,
1129 2863 1207 2920 ταθτδ
1220 2864 1257 2934 Ε;

189 2942 262 2990 anto
280 2941 483 2990 consonantes
501 2934 626 2990 adhibet
639 2933 774 2989 Zonaras
787 2934 881 2988 ταύτόν
894 2937 924 2990 et
938 2934 1024 3004 ταύτό,
1043 2941 1115 2991 ante
1135 2937 1257 2991 vocales

188 3008 295 3062 ταάτόνε
314 3023 344 3060 v.
363 3006 403 3061 ad
421 3005 494 3060 XIII
512 3007 538 3074 6,
558 3005 592 3060 16
682 3005 746 3060 bol
762 3004 832 3059 add.
852 3010 923 3059 anta
941 3004 1009 3074 ῥωμ.
1030 3005 1107 3077 pr
1190 3008 1259 3063 106

189 3078 260 3132 add.
273 3084 346 3133 ante
358 3077 460 3133 mole
515 3078 550 3131 14
567 3079 624 3131 τότε
642 3078 765 3146 σφοδροῦ
777 3076 969 3144 έμπνεθσαντος
988 3076 1016 3131 D
1121 3078 1155 3133 16
1173 3079 1258 3133 πολὺν

188 3147 316 3219 prDi,
333 3148 471 3219 πολλήνΑ
524 3147 671 3203 έποίουνΒ
728 3148 761 3203 17
780 3150 840 3201 ὅποι
849 3145 963 3218 Apr,
983 3094 1073 3217 &1qu
1127 3150 1161 3204 18
1180 3150 1258 3205 αθτδν

188 3219 327 3345 161(ρῦτῦ
334 3222 422 3275 αὐτῶν
440 3220 469 3274 A
554 3220 594 3273 18.
614 3219 649 3274 19
667 3218 720 3273 εἴθ’
738 3220 792 3273 ὑπό
809 3239 878 3278 τινος
897 3226 950 3273 τῶν
968 3220 1049 3274 αὐτοῦ
1068 3220 1120 3274 εἴθ’
1139 3221 1191 3276 ὑπὸ
1208 3242 1257 3275 πο-

187 3292 280 3361 λεμίου
328 3308 376 3362 wp

133 3453 285 3508 turbasse
329 3451 433 3508 Gallos
459 3457 561 3507 antem
593 3467 704 3522 agmen
737 3450 913 3505 claudentes
944 3452 1090 3507 restitIsse
1122 3453 1304 3510 hostibus12

134 3526 247 3579 fortius
264 3524 435 3593 multosque
457 3538 563 3579 eorum
585 3523 784 3591 interfecisse,
811 3537 869 3576 nec
894 3524 1055 3593 gregarios
1081 3524 1178 3579 solum
1205 3524 1259 3580 sed

135 3598 228 3652 etiam
253 3596 377 3650 nobiles.
414 3594 475 3650 Sed
497 3595 570 3663 quia
589 3599 775 3649 commeatus
793 3594 897 3663 inopia
916 3593 1044 3649 Romani
1063 3597 1259 3652 vehomenter
1270 3597 1304 3651 13

135 3672 355 3738 premerentur,
374 3666 517 3733 Iulianus,
540 3681 609 3719 cum
627 3666 659 3719 iu
678 3666 829 3735 angustiis
849 3672 936 3731 asset,
962 3666 1035 3735 quid
1055 3668 1208 3737 agendum
1229 3674 1259 3722 et
1270 3668 1304 3722 14

134 3738 220 3793 unde
231 3737 423 3792 redeundum
439 3742 527 3804 esset,
547 3737 653 3791 maluit
664 3752 721 3807 per
733 3742 853 3790 montes
867 3737 924 3791 iter
937 3738 1047 3792 facere.
1086 3738 1152 3802 Quo
1167 3739 1259 3792 anIm·
1271 3740 1304 3793 lb

136 3810 269 3864 adverso
288 3807 400 3863 Persae
424 3810 537 3864 coactis
560 3810 592 3862 in
615 3821 711 3862 unum
734 3808 830 3877 copiis
848 3807 1000 3862 Romanos
1028 3810 1177 3877 invasere,
1207 3810 1259 3879 qui

136 3883 166 3936 in
186 3882 309 3935 sinistro
329 3895 424 3934 cornu
442 3880 614 3947 vincebant,
637 3880 670 3933 in
693 3879 802 3933 dextro
825 3884 912 3934 erant
931 3880 1098 3935 inferiores.
1135 3881 1201 3936 Hac
1221 3881 1259 3937 da
1271 3884 1304 3937 16

135 3968 170 4007 τε
182 3954 295 4007 certior
307 3952 407 4006 iactus
419 3950 555 4005 Iulianus
567 3952 631 4005 suis
643 3950 854 4005 laborantibus
868 3964 956 4019 opem
970 3952 1050 4006 ferre
1064 3954 1258 4023 properabat,

136 4024 278 4092 quamvis
297 4023 336 4077 ob
355 4022 475 4092 pondus
493 4028 523 4077 et
541 4022 613 4077 solis
632 4022 772 4077 ardorem
793 4022 927 4083 (aestatis
947 4023 1026 4076 enim
1046 4028 1111 4079 crat
1128 4028 1258 4094 tempus)
1270 4026 1303 4081 11

136 4097 293 4149 thoracem
312 4094 501 4150 detraxisset.
539 4093 597 4157 Qui
616 4108 685 4147 cum
703 4092 820 4147 medios
839 4093 919 4146 iuter
940 4092 1041 4148 hostes
1061 4100 1148 4163 esset,
1171 4096 1259 4149 hasta
1270 4096 1304 4151 18

135 4168 167 4221 in
186 4167 282 4221 latere
304 4166 480 4235 percutitur.
517 4164 631 4219 Ferunt
655 4168 757 4219 autem
781 4164 952 4218 vehementi
978 4168 1042 4219 tum
1072 4172 1137 4221 orto
1166 4172 1259 4220 vento
1270 4167 1304 4221 19

135 4253 210 4292 aera
228 4238 290 4291 iIlic
307 4237 403 4291 densa
425 4238 555 4307 caligine
577 4235 673 4290 fuisse
696 4233 850 4304 oppletum
877 4237 958 4297 (nam
982 4236 1075 4291 moles
1102 4239 1259 4307 copiarum

135 4309 264 4364 multum
282 4315 421 4363 moverat
443 4310 608 4377 pulverem,
635 4312 670 4361 ut
693 4321 734 4360 ne
758 4311 861 4374 posset
885 4304 1006 4375 quidem
1032 4308 1177 4379 dignosci¹
1207 4308 1305 4364 ubibo

137 4380 232 4437 hostia
252 4383 334 4436 esset
356 4379 491 4451 quidque
515 4378 633 4450 ageret)
661 4383 691 4432 ct
716 4378 894 4447 ambiguum
921 4376 1025 4445 fuisse,
1053 4380 1135 4435 unde
1163 4381 1259 4451 basta,
