3050 4775
291 358 348 415 XX
767 364 930 421 Praefatio.

379 541 416 608 Si
446 542 569 609 codicis
596 544 648 610 vel
678 544 827 611 editionis
849 550 926 610 nota
949 545 1040 610 uncis
1062 545 1181 610 lunatis
1204 551 1253 611 est
1275 544 1411 627 inclusa,

290 649 379 715 velut
402 653 490 715 attic>
515 651 546 715 A
570 653 666 737 (Bw),
702 654 863 739 scriptura
890 655 982 720 huius
1010 655 1083 720 libri
1106 655 1158 719 vel
1182 654 1293 720 horum
1316 655 1411 720 libro

290 777 359 822 rum
391 758 442 823 vei
473 759 622 826 editionis
655 761 768 827 eadem
802 761 929 845 quidem
958 770 1007 827 est
1036 770 1133 844 atque
1163 761 1285 827 codicis
1309 762 1410 842 allati,

290 863 347 930 sed
372 866 413 932 de
437 868 531 933 rebus
555 868 815 954 orthographicis
838 890 1012 936 consensus
1035 890 1098 935 non
1122 877 1171 935 cst
1194 878 1289 935 totus.

381 972 384 1062 ί
411 982 486 1041 nota
508 978 592 1060 post
614 978 804 1063 scripturam
828 978 942 1044 addita
964 978 1125 1061 significat
1142 997 1267 1042 versum
1292 997 1410 1042 exeun-

290 1088 364 1167 tem,
389 1083 471 1151 ante
496 1086 686 1170 scripturam
710 1085 839 1152 adiecta
862 1106 988 1152 versum
1012 1086 1185 1151 ineuntem.

378 1191 575 1275 *significat
604 1194 636 1258 in
676 1201 829 1260 contextu
857 1194 962 1258 locum
993 1200 1185 1278 corruptum,
1217 1194 1251 1257 in
1277 1201 1406 1258 annota-

290 1297 377 1364 tione
402 1299 515 1365 cn‘tica
538 1300 680 1385 singulas
703 1302 827 1367 litteras
851 1321 970 1367 erasas.

380 1430 429 1465 *aa
453 1408 614 1491 significat
637 1409 668 1473 in
693 1415 847 1475 contextu
869 1409 1027 1474 lacunam.

379 1562 386 1577 .
407 1514 567 1598 significat
582 1518 616 1581 in
632 1516 799 1602 scripturis
817 1516 963 1583 codicum
979 1536 1062 1599 quae
1078 1515 1253 1581 afferuntur
1269 1516 1406 1600 spatium

246 1610 249 1617 ⁴
288 1622 380 1688 unius
403 1623 530 1690 litterae
553 1625 585 1689 in
609 1624 735 1691 lacuna.

378 1732 550 1797 Praeterea
574 1732 623 1797 his
647 1732 845 1818 compendiis
868 1734 916 1797 usi
941 1752 1063 1798 sumus:

333 1838 443 1903 B·W:
468 1837 600 1904 editoris
623 1840 847 1905 annotationes
862 1842 883 1904 ¹.

333 1944 397 2009 Dt:
423 1945 551 2011 Ioannis
575 1946 719 2013 Zonaras
743 1948 882 2031 epitome
907 1946 1120 2011 historiarum.
1168 1944 1280 2010 Edidit
1302 1945 1407 2011 Ludo·

422 2054 512 2118 vicus
537 2052 719 2121 Dindortius
744 2053 833 2139 Lips.
861 2054 945 2119 1868
958 2074 1000 2118 ss.
1015 2054 1037 2117 ².

377 2157 532 2235 Quoniam
551 2160 733 2227 Diodorhus
756 2160 930 2226 secundnm
949 2160 1091 2226 codicem
1109 2162 1137 2224 Α
1162 2161 1319 2225 Zonaram
1342 2160 1408 2225 edi-

288 2265 346 2347 dit,
370 2286 478 2351 perse
496 2266 691 2351 intellegitur·
708 2269 897 2352 scripturam
914 2269 955 2334 ab
973 2288 1010 2332 eo
1028 2286 1212 2352 expressam
1230 2268 1408 2331 consentire

289 2393 360 2438 com
384 2372 496 2439 codice
519 2374 560 2456 A,
596 2375 656 2442 nisi
681 2374 758 2459 quid
782 2374 903 2441 diserte
926 2374 1057 2440 additur
1080 2373 1131 2440 vel
1156 2373 1314 2457 quaedam
1340 2375 1409 2440 eius

288 2480 410 2546 codicis
433 2483 613 2567 proprietas
636 2485 800 2568 pertinens
823 2483 865 2549 ad
890 2504 941 2549 res
968 2482 1237 2568 orthographicas
1265 2482 1407 2547 affertur.

320 2590 426 2655 Duc:
448 2591 609 2675 Ducangii
623 2591 856 2656 annotationes.
881 2590 915 2656 Si
932 2592 1049 2656 nomini
1063 2590 1184 2654 ntrmeri
1197 2590 1327 2655 Arabici
1341 2589 1408 2655 adi·

448 2698 581 2781 ciuntur,
607 2699 836 2783 intelleguntur
859 2700 999 2783 paginae
1022 2699 1264 2763 annotationum
1281 2698 1406 2763 Ducan-

447 2806 613 2888 gianarunr
638 2805 771 2871 editioni
795 2805 987 2871 additarum.

299 2911 337 2976 G.
363 2912 420 2978 hh:
446 2913 577 2996 Georgii
595 2913 743 2978 Monachi
768 2912 940 2980 chronicon
964 2912 1067 2978 edidit
1082 2914 1120 2980 E.
1139 2912 1179 2978 de
1197 2913 1333 2978 hiuralto
1350 2914 1408 2977 Pe·

447 3021 562 3106 tropoii
591 3021 683 3086 1859.

302 3127 340 3192 L.
366 3127 422 3192 G.:
447 3128 565 3194 liconis
590 3128 799 3194 Grarnmatici
830 3128 1088 3213 chronographia
1117 3149 1158 3192 ex
1188 3127 1408 3212 recognitione

447 3237 650 3301 lrnmannelis
676 3235 816 3301 Bekkeri
842 3237 973 3301 Bonnae
999 3237 1094 3300 1842.

287 3341 348 3407 Th.
366 3343 420 3406 bh:
446 3341 619 3407 Theodosii
637 3343 779 3407 Meliteni
796 3345 850 3426 qui
867 3343 966 3408 fertur
988 3342 1247 3427 chronographia
1264 3391 1314 3407 ...
1333 3341 1405 3406 Edi-

446 3449 494 3515 dit
525 3457 557 3515 et
584 3450 772 3516 reformavit
801 3450 986 3516 Fridericus
1010 3450 1103 3515 Tafel
1128 3449 1277 3515 Monachi
1309 3450 1404 3514 1859.

377 3701 385 3736 ¹
405 3701 483 3764 Quia
503 3701 604 3756 nullae
624 3701 772 3756 editiones
790 3702 849 3754 nisi
862 3701 969 3767 Wolfii,
989 3699 1149 3770 Ducangii,
1169 3699 1318 3753 Dindorfli
1338 3703 1408 3753 sunt

286 3791 504 3860 respiciendae,
524 3807 580 3846 nos
600 3791 809 3859 discrepantiis
828 3806 933 3844 earum
953 3790 1080 3843 adiectis
1093 3791 1123 3842 in
1143 3790 1341 3843 annotatione
1355 3789 1408 3842 cri-

286 3882 346 3934 tica
365 3887 500 3934 nostrum
521 3896 630 3934 nomen
651 3888 825 3935 constanter
845 3881 910 3934 fere
929 3882 1096 3947 omisinrus3
1115 3896 1186 3932 raam
1200 3878 1332 3932 dubitari
1348 3895 1408 3931 non

286 3975 393 4040 potest,
423 3972 504 4040 quin,
534 3972 776 4040 quotiescunque
804 3971 834 4023 in
864 3975 968 4024 nostra
997 3969 1129 4024 editione
1152 3969 1289 4023 Zonarao
1312 3968 1408 4020 verba

286 4060 373 4114 aliter
393 4061 558 4114 constituta
578 4065 648 4114 sunt
667 4065 758 4128 atque
778 4060 861 4127 apud
872 4059 1013 4114 Woltium
1029 4064 1059 4112 et
1072 4059 1268 4127 Ducangium
1289 4061 1319 4111 et
1338 4057 1409 4110 Din-

287 4149 423 4216 dorfiurn,
444 4149 473 4202 id
494 4150 582 4203 nobis
602 4148 724 4218 quidem
746 4148 903 4203 debeatur.

374 4235 386 4273 ²
404 4237 439 4291 In
458 4239 648 4308 marginibus
668 4243 791 4292 trostrae
810 4238 951 4292 editionis
970 4236 1141 4290 addidimus
1160 4252 1303 4291 numeros
1323 4239 1408 4307 pagi-

285 4343 393 4380 narum
414 4328 553 4382 editionis
574 4326 680 4394 Woifii,
706 4325 868 4396 Ducangii,
894 4326 1053 4393 Diodortii‚
1082 4328 1192 4396 quibus
1211 4327 1409 4396 praefiximus

289 4415 406 4472 litteras
423 4416 468 4485 W,
488 4416 520 4484 P,
540 4416 575 4470 D.
