3050 4775
255 421 307 486 384
555 421 691 489 ZONAR.
711 421 809 486 sum.
828 422 897 486 xvi
918 431 943 498 t,
962 423 1075 487 15-29.

212 624 246 678 16
256 613 375 696 δέχεται
397 613 451 677 καί
472 614 649 677 πιστεύεται.
696 615 853 695 ἀπιστήσει
877 613 937 696 γὰρ
961 615 1066 686 οὐδεὶς
1088 619 1107 698 ἠ
1132 615 1214 687 ὅστις
1237 617 1276 679 οὐ
1292 617 1374 698 μέγα

255 718 348 780 οἴεται
371 716 527 780 δύνασθαι
550 715 604 786 τὰς
627 723 690 779 τῶν
714 717 813 798 ἁγίων
836 717 984 790 ἐντεύξεις
1006 717 1061 788 τὰς
1082 718 1164 798 πρὸς
1186 719 1274 800 θεάν,
1304 717 1374 781 οὐδ’

254 818 441 900 ἀντιμετρεῖν
469 816 535 881 οίδε
561 818 616 900 τήν
638 824 694 883 τοῦ
717 820 796 882 θεοῦ
819 819 1000 901 ἀγαδότητα
1022 819 1104 901 πρὸς
1126 820 1163 883 τὰ
1187 821 1375 902 ἀνθρώπινα

212 921 446 1002 Πάγνσήματα.
493 921 511 1002 ἠ
535 919 593 1001 μὲν
617 917 674 982 οὗν
696 927 760 983 τῶν
784 921 884 1002 ἁγίων
906 921 1040 984 είκδναιν
1055 923 1140 985 οὕτω
1157 923 1283 1004 γέγονεν
1297 923 1373 985 ἀνα-

211 1036 245 1091 18
255 1021 413 1106 στήλωσις.
459 1021 478 1085 δ
502 1022 536 1085 δὲ
559 1021 762 1104 καδαιρεδεὶς
785 1023 979 1107 πατριάρχης
992 1023 1143 1107 Ἰωάννης
1163 1024 1319 1108 ἠἸαννής
1342 1026 1403 1093 ἔνι)

253 1131 338 1208 μονῇ
361 1148 416 1187 τινι
438 1125 646 1206 περιορισδείς
668 1125 722 1187 καὶ
745 1126 892 1209 εὑρηκὼς
918 1127 983 1189 ἐκεῖ
1009 1127 1114 1190 εἰκόνα
1143 1133 1199 1191 τοῦ
1231 1133 1376 1211 σιοτήρος

95 1227 394 1308 ΡΙΙῙΜΛΧριστοῦ
417 1225 471 1289 καί
493 1233 547 1308 τῆς
570 1225 666 1289 αὐτὸν
688 1227 841 1309 ἀσπόραις
862 1229 1023 1311 τεκούσης,
1047 1228 1084 1290 τά
1101 1230 1229 1311 ὄμματα
1244 1235 1308 1292 τῶν
1323 1253 1374 1292 σε-

212 1330 400 1413 19βασμίιον
427 1329 664 1410 ἔκτυπανμάτιον
693 1329 858 1411 ἐξώρυξεν.
910 1332 929 1393 ὃ
950 1332 1104 1412 μαδοῦσα
1130 1332 1150 1414 ἠ
1174 1332 1293 1414 βασιλὶς
1321 1332 1374 1395 καί

255 1431 349 1515 ζῆλον
377 1432 466 1495 θεῖον
494 1431 662 1512 ζηλώσασα
689 1431 763 1502 τοὺς
790 1437 846 1496 τοῦ
880 1432 1015 1514 ἀσεβοῦς
1047 1433 1168 1496 ἐκείνου
1200 1435 1374 1516 ἐκκοπῆναι

254 1535 444 1618 προσέταξεν
463 1533 667 1616 δητδολμούς·
692 1530 757 1596 ἀλλ’
775 1535 836 1598 οὐκ
851 1536 895 1605 είς
910 1536 1003 1616 ἔργον
1018 1536 1109 1618 ἐξέβη
1124 1534 1161 1598 τὸ
1175 1535 1372 1618 πρόσταγμα,
1384 1551 1412 1605 υ
1426 1552 1496 1606 1v3

210 1645 291 1722 2017}
313 1637 446 1719 βασιλίδι
468 1636 524 1718 τήν
552 1637 675 1700 δικαίαν
704 1637 802 1720 ὀργὴν
830 1638 1120 1720 καταπραῦνάντσνν
1147 1645 1248 1702 τινῶν.
1292 1641 1372 1722 πέμ-

253 1762 343 1823 ψασα
368 1739 402 1804 δὲ
424 1739 560 1822 σκυτάλη
584 1745 694 1802 τοῦτον
712 1741 851 1822 ᾐκίσατο,
874 1746 939 1804 τῶν
954 1742 1110 1823 αἰκισμῶν
1124 1743 1374 1823 παραταδὲντων

253 1845 362 1927 μέχρις
386 1842 592 1912 ἑκατοντάδας
616 1842 732 1926 διπλῆς.

209 1963 242 2018 21
338 1944 430 2008 Ἀλλὰ
453 1945 507 2008 καὶ
530 1946 632 2014 οὕτως
655 1946 739 2028 ἔχων
762 1945 782 2008 ὁ
805 1946 881 2029 γόης
904 1946 957 2010 καί
980 1948 1010 2010 οῖ
1032 1946 1261 2028 ὁμοδοξοῦντες
1285 1949 1374 2031 αὐτῷ

254 2049 367 2132 καλιῇ
390 2049 468 2131 αι’πῇ
492 2047 673 2129 καθαιρέσει
699 2049 931 2131 ὑποβληδίντες
958 2050 1084 2131 ἠρεμεῖν
1113 2050 1173 2112 οὐκ
1205 2051 1372 2133 ἠνείχοντο.
1384 2063 1418 2118 15

209 2152 481 2226 αυσυσκευάζοοσι
505 2151 539 2214 δὲ
561 2149 641 2213 κατὰ
664 2155 719 2213 τοῦ
743 2151 830 2233 ἱεροῦ
846 2151 1013 2214 Μεδοδίοο
1029 2151 1219 2234 σκαιώρημιτ
1238 2158 1292 2236 τῆς
1314 2153 1372 2216 αὖ·

168 2272 245 2328 1323
254 2261 319 2320 τῶν
345 2255 495 2324 ἀπονοίας
522 2255 541 2335 ἠ
569 2253 739 2324 κακονοίας
770 2253 891 2335 μᾶλλον
923 2253 1057 2327 ἐπάξιον.
1103 2255 1231 2336 γύναιον
1258 2256 1319 2338 γάρ
1346 2279 1373 2319 τι

254 2434 271 2487 5
290 2434 326 2487 ἔτι
344 2432 404 2501 περί
423 2439 468 2485 τοῦ
488 2432 695 2499 καθαιρεθέντος
711 2430 838 2486 Ἰωάννου
860 2438 907 2487 τοῦ
930 2431 1094 2501 πατριάρχου
1113 2435 1146 2497 (τ.
1163 2453 1242 2501 πατρ.
1261 2448 1319 2487 om.
1338 2432 1373 2499 E)

254 2504 302 2561 OE
428 2504 462 2559 16
479 2503 539 2571 περὶ
557 2510 602 2571 τῆς
620 2505 778 2571 κατηγορίας
796 2510 842 2557 τοῦ
862 2504 937 2558 δείου
955 2505 987 2572 (τ.
1006 2505 1082 2558 δείου
1102 2518 1159 2557 oin.
1178 2504 1212 2570 E)
1231 2506 1373 2559 Μεδοδίου

254 2583 301 2631 τοῦ
318 2575 482 2645 πατριάρχου
501 2580 559 2639 (τοῦ
575 2594 651 2642 πατρ.
670 2576 743 2629 Μεδ.
763 2574 799 2642 Ε)
817 2574 863 2629 καί
880 2578 953 2635 δπως
971 2575 1089 2645 ἡλίχχδη
1108 2576 1212 2645 ψευδής
1232 2575 1280 2631 ΟΕ

309 2756 322 2808 1
343 2752 393 2824 γὰρ
410 2752 470 2823 ΑΕ,
490 2752 519 2807 δὲ
533 2752 606 2823 pr
678 2753 696 2807 2
714 2753 849 2817 ἐνδείξεις
867 2752 904 2824 p*
977 2760 1048 2809 ante
1066 2752 1130 2807 δεδν
1149 2754 1218 2809 αδδ.
1236 2754 1280 2808 τδν
1298 2754 1349 2809 Ew

308 2828 332 2881 3.
352 2826 370 2880 4
387 2826 453 2895 πρδς
471 2846 492 2879 τ.
512 2825 589 2893 ἅνδρ.
608 2824 783 2895 ἁμαρτήματα
802 2824 878 2893 (Dwz
897 2825 1059 2895 άγνοήματα)
1078 2825 1125 2895 τήν
1137 2846 1158 2880 τ.
1171 2826 1238 2881 θεοῦ
1251 2827 1329 2895 ἀγαδ.

307 2899 325 2952 4
343 2898 494 2966 ἀγνοήματα
506 2896 668 2966 AEwap
688 2897 860 2965 ἁμαρτήματα
876 2895 900 2951 0
971 2897 1019 2950 οὖν
1038 2913 1096 2951 om.
1116 2897 1143 2949 D
1215 2898 1371 2967 ῧπατριάρ-

306 2991 357 3040 χης
371 2967 461 3024 οιττ.Ο
516 2968 618 3036 Ἰάννης
632 2966 711 3037 p*Dt'
730 2970 833 3022 invitis
851 2968 942 3035 Aitw,
961 2984 990 3021 v.
1001 2969 1040 3021 sd
1050 2968 1104 3022 XV
1114 2969 1157 3036 28,
1168 2970 1204 3023 32
1257 2970 1274 3023 9
1293 2971 1372 3039 ζῆλον

307 3040 447 3111 ζηλώσασα
465 3040 557 3093 ἔνθεον
576 3038 600 3093 Ο
692 3039 726 3093 10
743 3040 902 3094 κεκέλευκεν
921 3040 945 3093 0
1031 3047 1139 3109 πρᾶγμα
1157 3040 1185 3093 D
1273 3040 1308 3094 14
1325 3043 1371 3095 καί

307 3112 433 3184 prDi,
454 3128 510 3167 om.
530 3111 557 3164 A
656 3110 690 3164 15
707 3110 775 3181 αὐτῇ
792 3110 854 3180 ΑΒ,
873 3110 952 3165 αὐτοῦ
971 3110 1073 3181 DEwp
1166 3111 1217 3165 οὐκ
1235 3112 1370 3182 ἠνείχοντο

307 3186 413 3255 ἠρεμεῖν
431 3183 504 3255 Ewp
577 3182 694 3253 ἠνείχετο
713 3181 736 3234 Β
811 3183 844 3236 16
862 3182 892 3236 δὲ
910 3182 1004 3237 om.()
1078 3182 1110 3237 17
1129 3184 1370 3243 άπανοίας-κακο-

307 3256 387 3325 odor]
408 3272 436 3309 v.
456 3256 495 3310 ad
514 3253 586 3309 XIIl
606 3254 631 3317 i),
647 3254 682 3308 29
753 3254 817 3323 γύνα
836 3255 953 3309 extritis
971 3274 1011 3307 ιον
1030 3269 1123 3309 versu
1141 3262 1277 3310 extremo
1297 3258 1328 3311 iu
1347 3254 1370 3311 C

211 3444 245 3498 16
255 3443 313 3506 tur,
332 3442 363 3492 et
375 3436 563 3506 recipiuntur
576 3438 606 3488 et
619 3433 794 3488 creduntur.
831 3431 938 3502 Neque
950 3448 1024 3488 vero
1044 3434 1206 3503 quisquam
1223 3436 1261 3491 iis
1280 3434 1369 3490 fldem

255 3510 420 3578 subrogarit,
448 3507 505 3561 nisi
534 3507 585 3575 qui
605 3520 713 3575 parum
733 3519 823 3573 posse
842 3506 1074 3560 intercessiones
1093 3513 1267 3561 sanctorum
1286 3507 1369 3577 apud

255 3580 345 3635 deum
364 3578 492 3633 senserit
510 3582 541 3632 et
560 3576 608 3631 dei
629 3577 795 3630 bonitatem
814 3589 883 3630 cum
902 3577 1042 3631 humenis
1060 3581 1168 3635 erratis
1186 3594 1369 3649 componere

148 3658 190 3713 17,
211 3658 245 3712 18
254 3652 411 3722 ignorarit.
448 3650 494 3703 Its
522 3650 615 3718 igitur
643 3661 749 3702 sssrse
775 3649 925 3716 imagines
943 3650 1100 3704 restitutos
1125 3656 1209 3719 sunt3
1238 3650 1369 3705 Ioannes

254 3738 327 3777 vero
352 3721 525 3792 patriarcha
547 3727 601 3774 sut
625 3719 736 3773 lennes
765 3721 866 3789 potius
894 3720 1008 3774 eiectus
1036 3727 1066 3774 et
1094 3722 1125 3774 in
1153 3724 1368 3776 monasterium

255 3794 408 3864 quoddam
433 3794 595 3861 relegatus,
625 3806 693 3845 eum
720 3791 782 3844 iiiie
800 3790 908 3845 Christi
935 3792 1098 3860 imaginem
1128 3798 1158 3846 et
1185 3795 1259 3862 eius,
1288 3808 1368 3863 quoe

254 3882 323 3919 eum
343 3867 407 3919 sine
426 3865 540 3917 semine
559 3864 684 3933 peperit,
704 3864 894 3932 repperisset,
915 3864 1019 3917 oculos
1032 3878 1187 3918 soersrum
1201 3866 1367 3935 imaginum

210 3937 367 3999 19efl'odit.
419 3936 485 3999 Quo
513 3935 621 4003 regins
650 3936 774 4004 cognito
802 3933 894 3987 studii
922 3936 1018 3987 saneti
1044 3936 1180 3989 studiosa
1207 3938 1299 4005 impio
1326 3938 1368 3991 ilii

253 4010 366 4063 homini
386 4008 489 4061 oeulos
509 4008 574 4060 erui
598 4008 698 4073 iussit3
726 4020 827 4074 neque
846 4020 919 4059 vero
939 4006 1005 4059 eius
1023 4006 1199 4061 mandatum
1218 4017 1263 4061 est
1285 4024 1369 4077 pero·

209 4085 343 4148 metum,
363 4082 443 4133 iuste
462 4079 588 4146 reginos
607 4078 653 4130 irs
672 4092 690 4130 τι
710 4076 861 4131 nonnullis
880 4079 1031 4147 mitigato;
1056 4078 1249 4133 nihilominus
1268 4084 1369 4134 tumen

254 4167 323 4207 eum
343 4152 446 4221 flagris
467 4149 552 4202 caedi
573 4149 667 4216 iussit,
688 4149 786 4217 plagis
805 4148 944 4202 ducentis
963 4150 1059 4203 illatis.

208 4229 242 4284 21
344 4222 403 4279 Sed
432 4236 471 4275 ne
499 4227 562 4274 turn
592 4220 713 4289 quidem
741 4222 887 4290 impostor
917 4221 967 4276 ille
997 4223 1124 4290 eiusque
1148 4222 1369 4294 suffragatores

254 4294 423 4364 eodemque
441 4292 531 4348 modo
550 4292 614 4346 suis
643 4292 754 4362 privati
783 4292 982 4361 dignitatibus
1010 4295 1167 4363 quiescere
1195 4303 1368 4366 potueruut,

208 4368 308 4428 sss-oo
328 4371 447 4421 i'osirms
471 4374 576 4419 eontra
590 4362 618 4419 S.
632 4362 817 4419 Metlrodium
837 4366 998 4420 machinati
1018 4373 1090 4421 sunt
1107 4380 1164 4421 sus
1182 4368 1301 4421 insonis
1320 4370 1368 4422 vol

208 4444 244 4507 23
254 4440 356 4513 potius
380 4437 573 4510 improbitate
601 4436 737 4508 dignum.
775 4436 981 4493 Mulierculom
1011 4439 1165 4511 quondam
1184 4440 1265 4493 enim
1285 4440 1369 4495 inho·
