3050 4775
265 392 315 445 188
551 390 686 446 ZONAR.
708 390 806 445 EPlT.
825 389 894 445 XIV
915 391 955 457 12,
975 390 1089 445 38-49.

262 574 311 636 ἐπί
333 580 397 638 τῶν
419 575 577 657 μετώπιον
596 573 750 653 σταυροὺς
765 575 889 656 ἔφερον,
913 574 1181 656 καταστιχθέιτων
1196 574 1301 643 αὐτοῖς
1315 578 1381 636 τών

262 676 449 739 ἐπισκυνίων
480 676 533 737 καί
564 676 699 757 μέλανος
727 676 910 757 ἔγχεθέντσς
937 682 1001 745 τοῖς
1029 677 1188 758 στίγμασιν
1214 678 1257 746 εἰς
1282 676 1380 739 τύπον

217 782 252 835 39
262 784 409 859 σταυροῦ.
456 780 489 841 οἳ
507 778 578 859 περὶ
596 778 708 841 τούτου
724 779 925 861 ἐρωτώμενοι
941 778 1047 859 ἔλεγον
1061 778 1125 859 πρὸ
1140 784 1253 861 καιροῦ
1268 779 1379 842 ίκανσῦ

262 880 364 963 λοιμῷ
387 880 422 944 τὸ
446 882 535 962 γένος
558 882 663 944 αὐτῶν
680 882 930 963 διαφθείρεσθαι,
953 880 1037 951 τινὰς
1054 881 1088 944 δὲ
1103 886 1167 945 τῶν
1181 877 1257 962 παρ’
1274 882 1379 951 αὐτοῖς

262 987 447 1065 χριστιανών
470 984 649 1047 ὑποθέσθαι
672 990 763 1047 τοῦτο
786 986 899 1056 αὐτοῖς,
923 984 976 1046 καί
998 984 1119 1066 μηδένα
1139 989 1203 1047 τῶν
1217 990 1309 1047 τοῦτο
1323 990 1406 1047 aze-5

218 1085 442 1167 wiremuderan
458 1085 652 1149 novennarium
675 1086 710 1149 ἔκ
733 1093 789 1149 τοῦ
807 1087 929 1170 λοιμοῦ.
975 1088 994 1149 ὁ
1008 1087 1068 1168 μὲν
1083 1085 1141 1150 οὖν
1155 1085 1275 1168 Βαρὰμ
1289 1088 1379 1168 ἡττη-

127 1191 254 1247 W11162
263 1186 331 1257 θείς
357 1195 444 1269 φυγῇ
472 1188 528 1270 τίγν
554 1190 711 1271 σωτηρίαν
738 1190 1027 1272 ἐπραγματεύσατο·
1062 1189 1081 1252 ὁ
1108 1190 1143 1253 δὲ
1165 1188 1315 1271 Χοσρόης
1337 1190 1381 1259 εἰς

218 1294 251 1347 41
262 1289 318 1371 τὴν
341 1290 421 1353 ἰδίαν
444 1290 546 1373 ἀρχὴν
567 1291 621 1354 καί
643 1293 754 1374 χώραν
777 1293 998 1376 ἐπανελήλυθε.
1044 1293 1160 1374 λέγεται
1184 1292 1218 1355 δὲ
1239 1290 1304 1373 πρὸ
1325 1298 1381 1373 τῆς

262 1391 359 1475 νίκης,
385 1400 440 1457 τοῦ
464 1400 636 1476 στρατηγοῦ
659 1400 723 1457 τῶν
742 1394 910 1477 Ῥωμαίων
932 1396 1036 1466 ἄλλως
1059 1395 1227 1458 διατιθέναι
1249 1416 1379 1456 σκεπτο-

262 1496 359 1576 μένου
375 1494 429 1559 τὸν
443 1496 591 1579 πόλεμον,
615 1496 669 1560 τὸν
684 1496 837 1581 Χοσρόην
852 1499 1028 1562 ἐνίστασθαι
1043 1497 1088 1580 μὴ
1105 1496 1184 1560 κατὰ
1203 1495 1239 1559 τὸ
1263 1496 1381 1559 δοκοῦν
1393 1507 1427 1559 10

262 1596 372 1680 ἐκείνῳ
395 1606 603 1682 συγκροτῆσαι
626 1600 681 1682 τὴν
702 1601 819 1683 μάχην,
843 1595 909 1663 ἀλλ’
933 1600 1027 1664 ἄλλον
1050 1599 1229 1663 ὑποτιθέναι
1250 1599 1381 1681 τρόπον·

72 1700 204 1757 PursA
217 1700 316 1763 laeso
339 1700 374 1764 δὲ
397 1700 568 1783 στρατηγὸν
591 1702 781 1785 ἀσύμφορον
804 1701 879 1766 εἶναι
902 1703 999 1784 λέγειν
1021 1702 1056 1766 τὸ
1072 1704 1156 1766 οὕτω
1171 1702 1380 1784 μαχέσασθαι,

263 1803 316 1866 καί
338 1803 392 1867 τὸν
414 1802 567 1887 Χοσρόην
594 1810 649 1867 τοῦ
677 1811 800 1868 σκοποῦ
826 1806 871 1888 μὴ
901 1806 1078 1883 μιθίεσθαι,
1111 1805 1192 1869 ὥστε
1222 1806 1380 1885 παροξυν-

263 1906 358 1969 θέντα
381 1904 435 1969 τδν
457 1906 629 1989 στρατηγὸν
652 1908 847 1990 ἀποσκώψαι
869 1905 951 1990 πρὸς
972 1908 1026 1972 τὸν
1044 1906 1205 1990 Χοσρόην,
1228 1908 1380 1989 ἀστρατή-

218 2011 356 2090 43γητον
387 2007 483 2073 αὐτὸν
515 2010 637 2072 εἰπόντα
667 2010 720 2073 καί
749 2011 834 2094 ἀδαῆ
861 2011 1043 2092 πολεμικῶν
1064 2010 1280 2090 παρατάξεων.
1327 2008 1426 2072 sorio

264 2110 298 2173 δὲ
322 2111 478 2193 δηχθέντα
502 2111 550 2174 sal
574 2118 636 2182 τοῖς
659 2114 856 2195 σκώμμασιν,
890 2114 964 2176 ὄντα
993 2112 1027 2176 δέ
1054 2112 1108 2176 καί
1136 2112 1170 2175 ἐν
1192 2113 1304 2194 γνώσει
1326 2118 1380 2195 τῆς

263 2270 280 2321 6
299 2270 346 2322 ὅσα
365 2270 381 2321 ό
398 2270 521 2337 Χοσρόης
538 2270 598 2337 περὶ
617 2279 662 2325 τοῦ
680 2272 819 2336 μέλλοντος
842 2272 1028 2341 ιἰτεηιοίβαστν,
1056 2272 1093 2331 ὡς
1116 2269 1147 2323 τὰ
1169 2270 1279 2339 ἐσόμενα
1301 2268 1379 2329 εἰδὼς

263 2341 292 2404 ἐξ
310 2340 476 2410 ἀστρολογίας
491 2341 521 2396 C.
559 2342 642 2397 Haeo
663 2342 814 2398 delineata
833 2350 904 2398 sunt
923 2346 953 2398 in
972 2344 1034 2398 Em:
1119 2371 1178 2564 ὲ

1042 2551 1225 2839 sn

317 2891 373 2944 23
391 2893 427 2950 τίς
441 2893 520 2946 τύπον
533 2900 646 2959 σταυροῦ
667 2899 732 2960 posi
751 2893 910 2947 ἐπισκυνίων
929 2890 997 2946 ODt'
1068 2893 1086 2945 ‘2
1104 2893 1259 2961 ἕγχυθέντσς
1270 2893 1379 2961 DEnp,

318 2963 372 3016 sed
392 2979 419 3015 v.
441 2963 453 3016 Ι
475 2980 501 3032 p.
523 2964 563 3029 ll,
584 2964 607 3016 9.
628 2963 670 3029 56,
692 2964 733 3016 15.
755 2964 859 3029 153,7.
880 2966 938 3030 161,
961 2965 990 3018 11
1012 2971 1067 3017 cet.
1143 2965 1160 3018 3
1179 2965 1253 3018 τούτο
1272 2967 1337 3028 (εἰσ)
1358 2964 1381 3016 l}

353 3037 446 3088 ἱκανοῦ
464 3034 559 3088 om.0
631 3035 649 3087 4
666 3036 737 3102 λιμῷ
756 3035 820 3104 w*p
840 3037 942 3090 invitis
954 3035 1007 3088 AR
1079 3035 1148 3095 τινὰς
1167 3035 1197 3089 δὲ
1208 3035 1316 3105 AEwp,
1336 3037 1385 3089 καί

317 3127 387 3166 τινας
400 3105 434 3174 R,
453 3107 502 3160 καί
512 3126 567 3160 τινα
582 3106 607 3158 Ι)
680 3105 697 3159 5
715 3107 760 3159 καί
773 3108 875 3174 μηδένα
888 3106 996 3176 AEwp,
1014 3108 1116 3175 μηδένα
1128 3106 1195 3161 δὲΟ
1268 3109 1285 3160 6
1302 3108 1381 3173 λιμοῦ

318 3176 382 3247 w*p
403 3178 504 3231 invitis
524 3175 577 3230 AR
671 3177 780 3246 βαραὰμ
800 3177 827 3230 D
847 3183 951 3247 (supra
970 3183 1091 3247 praeter
1108 3178 1177 3232 XIV
1198 3177 1239 3245 12,
1258 3179 1294 3232 33
1313 3193 1380 3231 oon·

317 3253 434 3303 stanier
451 3247 552 3319 βαρὰμ)
670 3249 686 3302 l
707 3258 780 3318 φυγῇ
799 3248 925 3319 prDi,
946 3249 1018 3318 φυγὴ
1037 3248 1089 3303 ΑΕ
1205 3251 1223 3304 8
1241 3251 1340 3303 οἰκείαν
1359 3247 1382 3304 C

320 3321 353 3374 16
372 3319 402 3373 δὲ
414 3320 447 3389 δὴ
461 3321 559 3388 χθέντα
572 3319 608 3389 Ι),
628 3337 704 3374 corr.
718 3320 768 3378 Dw
822 3319 1062 3390 σκώμασινΑΕΙ),
1081 3321 1242 3390 σκώμμασιν
1252 3317 1382 3388 RDth',

319 3408 347 3445 v.
367 3391 406 3445 ad
426 3408 455 3461 p.
475 3391 535 3460 189,
553 3391 572 3445 4
643 3391 673 3445 δὲ
691 3397 760 3462 post
778 3394 839 3446 ὄντα
859 3407 915 3446 orn.
935 3391 962 3445 D

265 3535 339 3589 bant
369 3535 557 3660 compunctis
590 3535 757 3604 superciliis
789 3535 953 3605 infusoque
981 3537 1130 3606 stigmatis
1156 3539 1324 3590 atramento
1350 3535 1382 3588 in

220 3600 255 3654 39
265 3607 363 3660 erneis
377 3622 427 3661 mo
449 3622 509 3660 urn.
547 3605 640 3661 Cuius
659 3608 702 3662 rei
716 3608 854 3676 quaesita
874 3621 969 3661 eausa
986 3607 1213 3677 respondebant
1222 3606 1383 3676 superiori·

265 3678 322 3731 bus
350 3679 538 3748 temporibus
565 3693 632 3731 curn
666 3693 722 3732 sua
749 3693 826 3748 gens
854 3678 1025 3747 pestilentia
1047 3679 1277 3748 periclitaretur,
1308 3691 1341 3731 se
1365 3692 1384 3730 a

265 3747 441 3804 Christianis
464 3748 645 3818 quibusdam
664 3751 794 3804 monitos
813 3749 870 3803 hoc
889 3751 997 3804 iecisse
1022 3764 1122 3819 neque
1141 3763 1324 3819 quemquam
1344 3763 1383 3802 ex

220 3815 309 3886 lons,
329 3823 379 3890 qui
398 3822 578 3891 paruissent,
598 3821 769 3890 pestilentia
789 3820 921 3890 periisse.
958 3821 1107 3875 Baramus
1125 3827 1288 3890 superatus
1307 3823 1384 3890 iuga

265 3892 392 3946 salutern
412 3893 571 3962 quaesivit,
601 3891 748 3947 Chosroes
767 3893 798 3946 in
818 3907 947 3962 regnum
966 3897 996 3946 et
1015 3894 1144 3963 patriam
1163 3907 1306 3947 reversus
1330 3896 1382 3945 est.

220 3959 254 4013 41
265 3963 373 4017 Fertur
383 3969 483 4018 autern
498 3968 569 4017 ante
580 3965 745 4027 victoriam,
758 3979 826 4017 eum
840 3963 903 4017 dux
913 3963 1118 4018 Romanorum
1129 3969 1241 4017 certam
1252 3962 1322 4018 belli
1333 3962 1384 4016 ad·

265 4035 454 4090 ministrandi
474 4036 621 4089 rationem
648 4041 809 4089 secuturus
832 4041 919 4102 esset,
946 4035 1090 4090 institisse
1109 4034 1267 4100 chosroes,
1293 4032 1384 4087 naid

266 4107 421 4160 eonsilium
442 4111 670 4174 exsequeretur,
699 4111 729 4160 et
748 4106 840 4160 alium
865 4107 1061 4161 instruendas
1079 4107 1155 4161 aciei
1174 4106 1298 4160 modum
1317 4121 1383 4174 pro-

220 4175 417 4303 42Eosuiss03
446 4193 535 4246 quern
559 4193 625 4232 oum
646 4178 708 4231 dux
729 4178 864 4231 inutilem
884 4193 950 4232 esse
969 4179 1134 4232 affirmaret
1162 4193 1263 4246 neque
1281 4183 1383 4231 tamen

291 4249 413 4304 hosroes
433 4249 471 4303 de
495 4250 643 4303 sententia
664 4248 832 4314 decederet,
862 4250 951 4302 etiam
971 4249 1084 4303 salibus
1112 4249 1221 4303 dieitur
1249 4249 1312 4302 dux
1341 4247 1383 4300 iu-

266 4322 392 4374 cessisse
411 4337 522 4388 regern,
551 4325 586 4374 ut
604 4323 647 4375 roi
667 4321 802 4373 militaris
830 4326 860 4374 et
878 4321 1075 4374 instruendae
1102 4322 1178 4374 aciei
1202 4321 1382 4390 imperitum.

220 4390 256 4444 4³
266 4390 383 4456 Quibus
396 4392 585 4446 irrisionibus
605 4391 752 4447 Chosross
772 4394 869 4447 fertur
887 4393 1029 4460 irritatus,
1049 4394 1100 4462 qui
1111 4391 1263 4447 stellarum
1282 4397 1383 4446 motus
