3050 4775
258 491 503 556 NIOEPHORVS
522 496 573 555 ΙΙΙ.
595 494 844 560 sordidatas
864 496 1099 561 IMPERATOR.
1185 499 1236 563 iti

118 683 231 768 μόαιον
259 682 407 746 ἁπάντων
435 688 551 754 κοινῶς
577 682 705 767 ὀφειλάς
728 685 869 769 ἐκτεμὼν
892 686 1162 771 ἀπροσδιορίσταις
1185 690 1239 753 καί

119 786 312 871 χρεοκοπίαν
325 785 447 850 τούτων
460 786 647 870 θεσπίσματι
660 788 912 871 μεγαλοπρεπῶς
928 790 1151 874 ἐργασάμενος.
1197 793 1266 855 ἔπιέ

122 889 157 952 δὲ
178 897 225 971 τῴ
247 889 413 971 Βρυεννίῳ
440 888 520 951 κατὰ
548 888 604 971 τὴν
630 890 766 973 ἑσπέραν
795 892 940 975 ἐχομένῳ
971 900 1026 976 τῆς
1056 892 1277 976 τυραννίδοςΙ)

122 991 234 1055 στέλλει
261 991 334 1062 τοὺς
356 992 605 1074 ἀπαγγέλλοντας
627 993 683 1077 τὴν
705 998 761 1057 τοῦ
785 993 947 1079 Καίσαρος
970 996 1060 1069 ἀξίαν
1082 997 1170 1079 αὐτῷ
1194 997 1239 1060 δι-

95 1094 221 1171 ῦδόναι,
253 1095 282 1159 εἰ
307 1101 361 1178 τῆς
389 1094 572 1177 τυραννίδος
598 1096 778 1180 ἀπόσχοιτο,
811 1097 865 1161 καί
896 1104 960 1170 τοῖς
986 1099 1075 1182 αὐτῷ
1102 1122 1239 1182 συναρα-

123 1199 230 1281 μένοις
251 1196 306 1268 τάς
327 1196 417 1280 τιμάς
439 1198 670 1281 έπιβεβαιῶσαι,
694 1200 743 1269 αίς
766 1200 880 1271 αὐτοὺς
895 1202 1013 1271 ἐκεῖνος
1028 1202 1179 1285 ἐτίμησεν.
1222 1200 1267 1265 63

125 1300 160 1364 δέ
182 1299 308 1383 σφόδρα
331 1306 386 1384 τῆς
407 1300 563 1383 βασιλείας
586 1302 688 1384 ἐφίετο
711 1302 765 1364 καὶ
788 1303 954 1375 ἀνένδοτος
976 1302 1031 1388 ἦν·
1063 1304 1155 1369 πάλιν
1183 1302 1241 1368 οὖν

124 1404 213 1486 ἑτέρα
235 1402 384 1487 πρεσβεία
407 1403 461 1467 καὶ
484 1404 533 1468 ἐπί
555 1404 649 1487 ταύτῃ
672 1405 767 1489 τρίτη.
814 1404 832 1469 ό
856 1401 885 1469 δ’
909 1406 1164 1490 ὗπερηφανεόετο
1187 1406 1268 1470 uait

125 1505 201 1569 οὐδὲ
223 1505 303 1568 κατὰ
329 1504 366 1569 τά
392 1511 457 1570 τῶν
483 1507 649 1589 πρέσβεων
676 1508 796 1590 νόμιμα
827 1507 901 1579 τοὺς
931 1510 1076 1593 πρέσβεις
1107 1509 1239 1593 ἐδέχετο,

80 1615 115 1668 10
124 1606 190 1672 ἀλλ’
220 1609 339 1691 ἀτίμως
371 1608 484 1681 αι’ποὺς
516 1610 722 1693 ἀπεπέμπετο.
778 1610 824 1681 ὡς
858 1610 952 1675 οὐδέν
986 1610 1043 1675 οὖν
1076 1613 1267 1696 εἰρηνικῶςῠ

124 1711 229 1775 ἀνύειν
251 1713 333 1795 ἔγνω
356 1710 375 1775 δ
397 1712 550 1794 βασιλεύς,
577 1713 631 1777 καί
653 1713 745 1777 άκων
766 1712 848 1796 πρὸς
870 1714 977 1798 μάχην
999 1715 1159 1798 ἀπένευσε,
1187 1714 1241 1779 καὶ

124 1814 178 1879 τόν
205 1813 377 1899 Κομνηνὸν
403 1814 539 1889 Ἀλέξιον
566 1816 739 1900 τειιμηκὼς
766 1816 973 1900 νιοβελίσιμαν
1003 1818 1057 1880 καί
1083 1842 1240 1901 προχειρι-

125 1920 261 2001 σάμενος
282 1918 383 2001 μέγαν
406 1916 590 1999 δομέστικον
612 1919 666 1982 καί
683 1925 745 1983 τῶν
756 1919 947 2003 Ῥωμαϊκῶν
962 1919 1057 1983 αὐτόν
1074 1920 1401 2002 δυνάμεωνΡΙΙὲθῖΑ

125 2020 383 2103 προστησάμενος
404 2018 485 2083 κατὰ
503 2026 558 2084 τοῦ
576 2020 748 2101 Βρυεννίου
763 2022 953 2104 ἐξέπεμψεν·
978 2023 1015 2092 ὃς
1036 2022 1138 2104 τούτῳ
1161 2036 1269 2105 αυμ-6

10 2124 50 2181 IV
63 2123 236 2206 229βαλὼν
267 2122 347 2186 κατά
373 2147 400 2185 τι
427 2123 547 2206 χωρίον
568 2122 766 2213 ’Καλαβρόην
792 2124 959 2206 λεγόμενον
988 2123 1037 2188 διὰ
1066 2124 1101 2187 τὸ
1125 2124 1240 2207 κατάρ-

127 2250 221 2306 ρυτον
236 2225 312 2290 είναι
326 2226 381 2290 τδν
395 2226 493 2291 τόπον
509 2226 656 2309 βρύαεσιν
677 2226 805 2289 ὑδάτων
826 2226 954 2296 πολλαῖς
976 2249 1008 2289 τε
1030 2225 1084 2289 καί
1106 2226 1243 2309 ἀγαθαῖς

126 2328 247 2412 ῥᾳδίως
268 2334 323 2413 τῆς
346 2330 465 2394 ἐκείνου
487 2330 678 2412 περιεγένετο
701 2334 851 2413 στρατιᾶς,
884 2328 938 2393 καὶ
964 2334 1028 2394 τῶν
1049 2329 1109 2413 μὲν
1130 2328 1242 2393 πεσόν-

125 2456 198 2505 των,
222 2437 286 2496 τῶν
309 2432 343 2496 δὲ
366 2432 542 2515 φυγόντων,
566 2433 625 2496 εἷλε
646 2433 835 2515 μονωθέντα
858 2431 912 2496 τδν
934 2433 1166 2516 τυραννήσαντα
1190 2431 1243 2494 καλ

126 2625 143 2680 2
162 2628 235 2687 ὅπως
253 2628 269 2681 ό
287 2627 431 2697 Βρυίννιος
451 2628 578 2699 (ἀφιέντος
597 2626 631 2694 C)
650 2634 786 2697 τυραννῶν
804 2626 874 2680 ἑάλω
893 2626 939 2681 καί
956 2626 1100 2696 ἐτυφλώθη
1120 2624 1142 2682 C

181 2807 197 2861 1
219 2805 317 2877 [κοινάς
334 2806 444 2877 δφειλὰς
461 2808 584 2862 ἁπάντων
602 2806 630 2860 D
718 2807 736 2861 2
752 2807 926 2876 χρεωκοπίαν
944 2805 1004 2874 BD,
1023 2807 1201 2874 χρεωκαπίοις
1220 2804 1243 2858 Ε

180 2879 346 2949 δόρυτννίω
365 2878 515 2949 Riwth'),
533 2881 649 2949 ἀρυενίω
668 2876 719 2933 ΑΟ
811 2877 829 2932 6
848 2897 939 2947 συναρ.
956 2877 1028 2932 αότῶ
1048 2877 1070 2932 C
1159 2877 1176 2930 d
1195 2875 1244 2944 αίς]

181 2951 219 3009 ὧς
238 2949 262 3003 Β
351 2951 369 3004 8
386 2949 471 3019 ἑτέρα]
489 2951 551 3017 τέρα
570 2949 592 3005 C
682 2949 721 3004 ἔπ’
740 2950 829 3020 ἕκείνη
850 2949 872 3004 C
958 2947 1023 3003 9τά
1042 2945 1168 3018 prDt',
1189 2963 1246 3001 0111.

180 3019 261 3075 ACD
371 3022 404 3075 10
422 3021 469 3075 οὖν
487 3021 564 3075 οὐδὲν
582 3019 684 3092 Bpr
793 3026 863 3090 post
880 3022 961 3089 εἰρην.
982 3021 1091 3090 repetit
1109 3018 1187 3072 οῦδὲν
1203 3018 1246 3084 ΙΟ
1362 3029 1364 3033 ·

183 3093 216 3145 11
235 3093 356 3175 ἐπένευσε
375 3092 398 3145 Β
503 3093 537 3145 12
554 3091 739 3162 νωβεῖλίαιμον
756 3092 842 3163 Awp,
862 3092 1052 3162 νωβελλίαιμον
1071 3091 1103 3158 R,
1123 3091 1223 3160 νωβελί
1238 3118 1248 3127 ·

181 3185 261 3302 {IIII
271 3163 430 3306 Ιηίρλλιελνίάυᾱ
437 3163 570 3306 ἔνλρῦὐιῗ
581 3163 808 3305 ἀρυτλνλοάιέλίλλὼ
833 3161 1247 3304 Εοηέξείπτιιμηιεν]λλλνλλίνλῖὶξῗέὲΣ

182 3308 285 3377 έπεμφε
303 3305 338 3375 Α,
358 3323 385 3362 v.
406 3306 445 3360 ad
464 3306 537 3360 XIII
556 3308 581 3375 1,
600 3307 617 3359 ί)
740 3308 773 3360 16
791 3307 897 3360 πολλῶν
912 3311 917 3374 Ι
933 3327 961 3358 τε
978 3305 1024 3360 καί
1042 3305 1154 3374 ἀγαθῶν
1175 3304 1247 3372 Ewp

129 3507 219 3561 tertia
237 3520 368 3574 magnae
388 3504 585 3560 hebdomadis
605 3519 718 3559 corona
738 3510 863 3559 ornatus
883 3505 1011 3573 primum
1031 3501 1105 3557 iilud
1121 3501 1248 3555 liberati·

129 3579 201 3632 tatis
228 3578 380 3646 specimen
410 3577 512 3644 edidit,
540 3583 582 3644 ut,
611 3591 771 3646 quaequae
800 3577 873 3630 fisco
902 3575 1095 3640 deberentur,
1124 3587 1249 3642 prorsus

131 3649 233 3703 omnia
252 3650 388 3702 aboleret
406 3664 443 3702 ac
460 3663 558 3703 novas
577 3648 697 3702 tabutas
716 3649 824 3702 illustri
843 3646 942 3700 edicto
962 3647 1140 3699 institueret.
1177 3643 1276 3712 Ery-2

131 3722 222 3775 eunio
243 3735 326 3789 vero,
346 3721 398 3790 qui
417 3725 481 3774 tuni
500 3722 531 3774 in
553 3721 676 3775 Oriente
694 3719 886 3787 tyrannidem
906 3717 1037 3784 tenebat,
1057 3733 1112 3786 per
1131 3715 1249 3784 legatos

132 3792 271 3848 Caesaris
289 3792 435 3846 honorem
454 3792 621 3861 pollicetur,
645 3793 669 3845 si
688 3789 852 3859 tyrannide
869 3789 1028 3854 abstineat,
1053 3789 1179 3856 eiusque
1199 3785 1250 3839 nd-

131 3864 282 3918 iutoribus
302 3865 460 3928 honorum,
479 3879 556 3933 quos
575 3864 634 3915 iarn
650 3862 753 3916 abillo
768 3862 964 3930 accepissent,
983 3858 1249 3913 confirmationem.

133 3934 194 3990 Sed
213 3951 280 3988 cum
300 3935 350 3989 ille
369 3935 456 4004 regni
476 3935 642 4004 cupiditate
661 3937 805 3987 aestuans
824 3948 885 3986 non
905 3931 1036 3997 cederet,
1058 3929 1111 3983 sed
1131 3934 1161 3982 et
1180 3929 1277 3982 alte-3

133 4022 198 4059 ram
223 4011 253 4061 ct
276 4008 395 4061 tertiam
421 4007 604 4075 legationem
630 4004 761 4074 superbe
785 4003 983 4073 repudiasset,
1012 4002 1120 4070 legatis
1145 4000 1277 4053 contrad

132 4093 249 4131 morem
268 4078 404 4146 exceptis
423 4083 453 4131 et
473 4092 540 4130 cum
555 4076 723 4146 ignominia
736 4075 873 4142 dimissis,
892 4089 947 4128 rex
961 4071 1128 4142 desperatis
1142 4071 1278 4140 quietisb

134 4150 365 4203 condicionibus
384 4151 497 4202 invitus
515 4147 626 4201 bellum
645 4147 779 4216 suscepit
798 4153 828 4200 et
841 4144 1027 4199 Comnenum
1040 4142 1181 4197 Alexium
1200 4155 1252 4194 no·

134 4221 268 4274 bilissimi
288 4219 375 4274 titulo
397 4225 535 4274 ornatum
550 4224 580 4272 et
592 4233 737 4287 magnum
752 4217 947 4272 domesticum
962 4216 1153 4284 designatum
1168 4227 1252 4282 prae·

134 4295 310 4360 tectumque
328 4290 471 4344 Romanis
489 4291 662 4360 legionibus
681 4295 787 4343 contra
806 4287 991 4358 Brycnnium
1010 4287 1097 4340 misit.
1136 4284 1164 4338 Is
1183 4285 1278 4339 eumd

135 4378 172 4418 eo
193 4377 375 4432 congressus
398 4363 473 4431 loco,
501 4364 553 4431 qui
573 4377 592 4414 a
611 4360 822 4429 frequentibus
842 4359 990 4426 bonisque
1009 4371 1108 4425 aquae
1128 4357 1252 4410 scaturi-

135 4435 259 4505 ginibus
287 4435 438 4504 Calabrya
466 4434 584 4499 dicitur,
614 4434 693 4486 iliius
721 4433 859 4486 exercitu
886 4431 975 4484 facite
1004 4432 1156 4497 superato,
1186 4428 1252 4480 aliis

136 4509 241 4573 caesis,
270 4507 335 4560 aiiis
358 4506 473 4574 iugatis
497 4512 659 4574 tyranuum
684 4503 860 4558 destitutum
886 4502 965 4571 cepit
987 4517 1022 4554 so
1041 4501 1183 4553 miserum
1204 4499 1252 4551 bo-

190 4599 308 4641 Ζοιιαται
322 4595 435 4650 Epitome
449 4594 494 4637 lll.
1067 4589 1102 4644 46
