3050 4775
262 442 316 498 478
573 438 708 499 ZONAR.
731 437 828 497 netu.
847 439 917 498 xvi
934 437 978 510 λδ,
998 437 1075 498 1-9.

262 621 453 707 δΘεόφιλος
475 629 530 687 τοῦ
552 625 712 706 μετέπειτα
734 630 790 707 τῆς
812 623 968 707 βασιλείας
989 624 1203 707 κρατήσαντος
1216 621 1380 706 Ἰωάννου)

230 725 389 810 Οῆττηντό
413 749 444 790 τε
466 724 616 797 πολλάκις
638 725 692 789 καλ
713 727 936 790 τεταπείνωντο
957 727 1012 790 καί
1026 725 1132 797 πόλεις
1147 725 1207 790 ούκ
1223 725 1383 808 ἐλαχίστας

262 825 310 892 ὧν
332 835 476 912 κατεῖχον
498 827 672 912 ἀφῄρηντο.

235 941 253 996 2
347 930 388 996 ‘O
403 931 437 996 δέ
452 930 596 1015 βασιλεὺς
607 929 773 1014 Ῥωμαιδς
787 932 831 1003 είς
846 932 1050 1015 συναίσθησιν
1064 931 1143 1015 τάχα
1167 931 1264 1004 δόξας
1281 931 1384 994 ἐλδεῖν

262 1039 317 1117 τῆς
340 1034 501 1115 ἐπιορκίας
523 1033 577 1096 καλ
604 1040 659 1116 τῆς
687 1038 752 1096 τῶν
779 1033 953 1115 οινδηκῶν
979 1033 1201 1116 παραβάσεως,
1232 1035 1271 1102 ἃς
1300 1032 1410 1115 πρδςά

261 1135 459 1220 τὸνβασιλέα
476 1137 714 1200 Κωνσταντῖνσν
732 1137 891 1218 πεποίητο,
915 1133 955 1198 δι’
979 1137 1127 1198 εὐποιιῶν
1150 1135 1298 1199 ἔσπευδεν
1321 1136 1381 1208 ἐξι-

236 1238 442 1303 turonorum
468 1238 523 1302 τὸν
551 1237 636 1301 θεόν.
682 1237 734 1301 καλ
763 1238 916 1307 διαδόσεις
942 1237 1001 1319 μέν
1029 1237 1082 1301 καλ
1105 1237 1231 1308 ἀλλοίας
1253 1238 1381 1318 ἐιίδετο,

263 1340 312 1403 tat
331 1340 365 1404 δέ
388 1341 511 1410 τούτοις
526 1340 579 1404 κά
593 1338 630 1402 τά
646 1340 732 1422 παρά
749 1345 814 1403 τῶν
830 1340 864 1403 ἐν
885 1346 923 1423 τῇ
945 1339 1032 1402 πόλει
1054 1341 1295 1422 χρεωστούμενα
1317 1346 1383 1409 τοῖς

263 1443 433 1513 δανεισταῖς
461 1442 602 1513 ἀποδοὺς
630 1443 702 1513 τοὺς
734 1442 894 1525 ὀφειλέτας
924 1442 1058 1505 ἀπέλυσε
1089 1447 1144 1504 τοῦ
1175 1443 1297 1526 βάρους
1327 1449 1383 1526 τῆς

263 1545 398 1629 όφειλῆς,
432 1545 486 1609 καλ
516 1545 553 1608 τά
587 1551 782 1628 γραμματεῖα
811 1545 921 1627 λαβὼν
948 1545 982 1607 ἐν
1007 1546 1089 1628 μέση
1115 1551 1153 1628 τῇ
1182 1545 1284 1627 ἀγορᾷ
1306 1545 1382 1627 πυρὶ
1395 1557 1428 1609 10

262 1647 504 1731 κατηδάλωσεν·
528 1649 570 1717 είς
594 1648 815 1711 ἐννεακαίδεκα
839 1647 874 1709 δέ
896 1646 1080 1729 κεντηνάρια
1103 1647 1141 1710 τά
1163 1651 1228 1710 τῶν
1245 1647 1383 1730 δφειλῶν

236 1751 502 1833 λήριδμήδησαν.
548 1751 686 1833 παρέσχε
708 1750 761 1813 καλ
785 1749 821 1812 τά
845 1750 961 1813 ένοίκια
984 1755 1048 1812 τῶν
1070 1749 1150 1812 κατά
1172 1751 1229 1833 τὴν
1247 1751 1382 1834 μεγαλό-

190 1863 217 1916 Ι)
237 1853 353 1932 ύπολιν
368 1853 541 1915 οἰκούντων
556 1853 770 1934 μισδωτικῶς.
814 1850 888 1921 τοὺς
902 1851 961 1933 μέν
976 1850 1034 1915 οὖν
1053 1851 1213 1934 ὀφειλέτας
1235 1854 1383 1935 ὠφέλουν

108 1966 194 2024 Wiil
203 1966 253 2022 154
263 1961 369 2038 ταῦτα,
400 1961 447 2036 τῴ
479 1954 515 2017 δέ
543 1977 577 2036 γε
601 1953 758 2036 Ῥωμανῴ
786 1953 903 2038 μικρόν
929 1957 949 2037 ἢ
976 1955 1070 2018 οὐδέν
1097 1954 1183 2038 οἶμαι
1210 1955 1382 2028 λυσιτελεῖν,

264 2057 309 2120 ὅτι
330 2079 362 2118 τε
386 2057 529 2139 ἀλλότρια
553 2057 721 2140 ἐτύγχανον
743 2056 780 2119 τά
805 2057 954 2140 διδόμενα
984 2057 1133 2140 (δημόσια
1157 2057 1231 2140 γάρ)
1260 2058 1312 2121 καὶ
1336 2058 1382 2121 ὅτι
1395 2075 1428 2128 15

263 2160 320 2243 τὴν
341 2159 499 2242 βασιλείαν
522 2160 667 2242 ἁρπάσας
690 2160 743 2224 καί
764 2160 883 2244 ταύτην·
902 2161 1046 2242 κατέχων
1068 2159 1121 2223 καί
1137 2159 1310 2222 ἀπολαύων
1324 2160 1382 2222 αύ-

263 2269 318 2346 ιῆς
345 2262 399 2326 καί
425 2262 480 2325 τὸν
507 2259 535 2346 ᾧ
558 2269 700 2347 προσῆκε
725 2264 840 2347 ταύτης
867 2263 1051 2344 ἀποστερῶν
1082 2263 1185 2343 ἐαυτῷ
1215 2261 1275 2343 μὲν
1305 2263 1382 2324 άπε-

264 2366 384 2450 κλήρου
406 2371 461 2450 τῆς
482 2365 644 2451 βασιλικῆς
666 2366 832 2450 εύκληρίας
853 2364 890 2429 τά
909 2364 1084 2449 ξύμπαντα,
1106 2370 1173 2434 ταῖς
1188 2359 1217 2427 δ’
1233 2364 1384 2435 εύποιίαις

264 2470 375 2552 ρανίδα
399 2468 516 2551 μικράν
539 2470 714 2552 ἀπεμέριζε,
743 2470 884 2532 τοιοῦτόν
904 2494 932 2531 τι
953 2468 1100 2551 πράττων
1123 2467 1191 2530 οἷον
1212 2468 1253 2529 ἄν
1274 2491 1327 2550 τις,
1357 2469 1387 2530 εί

266 2664 282 2719 7
300 2664 338 2715 ότι
359 2663 490 2723 διαδόσεις
508 2662 588 2717 ἐποίει
608 2664 624 2716 δ
640 2662 763 2735 βασιλεὺς
778 2664 923 2731 Ῥωμανός,
942 2662 1119 2729 ε’ξιλεούμενος
1138 2661 1181 2715 τδν
1199 2661 1265 2715 δεδν
1278 2660 1321 2715 διὰ
1335 2660 1383 2731 τὴν

265 2734 401 2803 ἐπιορκίαν
419 2736 464 2789 καὶ
482 2734 513 2789 τὰ
530 2736 596 2804 χρέα
615 2742 668 2789 τῶν
685 2736 713 2788 έν
731 2744 763 2805 τῇ
780 2737 854 2787 πόλει
873 2734 992 2789 ἀπέτισεν
1012 2735 1034 2788 Ε

319 2914 529 2968 ἓτεταπείνοντο
549 2912 583 2983 p*
620 2916 628 2929 ⁸
656 2912 843 2982 barkinoniae
862 2912 898 2981 D,
917 2928 994 2967 corr.
1014 2910 1065 2971 Dw
1137 2913 1299 2967 δέσπευδεν
1317 2912 1382 2983 π’*ρ

319 2987 422 3039 invitis
440 2985 494 3039 AR
594 2986 610 3041 7
629 2985 672 3039 διὰ
690 2986 774 3044 δόσεις
794 2985 829 3052 Ι),
850 3000 926 3039 corr.
946 2984 998 3042 Dw
1097 2984 1115 3037 8
1132 2983 1214 3051 παράΙ
1231 2985 1290 3051 περὶ
1309 2985 1382 3053 Eup

319 3056 498 3115 9όποδιδοὺς
519 3056 590 3125 Ewp
662 3056 799 3110 άπέλυεΕ
873 3056 1109 3125 11κατηνόλωοεν
1128 3055 1200 3124 Eup
1287 3055 1320 3109 12
1336 3056 1382 3109 καλ

319 3130 354 3196 Α,
374 3128 466 3183 δὲκαὶ
487 3128 566 3197 Ewp,
584 3128 670 3197 μέντοι
690 3130 735 3182 καὶ
755 3127 780 3181 Ο
850 3127 967 3196 μεγάλην
985 3128 1061 3180 πόλιν
1082 3124 1205 3196 Ewth',
1224 3140 1252 3181 v.
1264 3128 1302 3180 ad
1314 3126 1382 3181 XVI

319 3201 362 3267 23,
382 3201 416 3255 37
500 3200 532 3252 19
550 3199 643 3267 ῥανίδα
661 3199 824 3269 AEwap,
842 3198 981 3267 μερίδαΟ
1061 3198 1107 3266 τις]
1127 3220 1150 3250 τι
1171 3196 1197 3249 D
1270 3204 1341 3252 ante
1360 3199 1384 3251 εῖ

319 3272 388 3326 add.
406 3273 526 3341 ἐποίησεν
545 3272 618 3341 pr

267 3453 297 3503 et
316 3446 410 3501 fratrc
429 3444 604 3515 Tireophilo,
633 3442 764 3513 Ioannis,
794 3445 845 3514 qui
870 3453 938 3515 post
962 3445 1088 3515 irnperio
1108 3444 1221 3514 potitus
1240 3449 1295 3508 cst,
1323 3459 1383 3497 aro

267 3533 360 3589 saepe
380 3519 450 3571 victi
470 3524 541 3572 sunt
560 3522 590 3570 et
609 3518 754 3586 oppressi,
774 3520 866 3585 atquc
885 3518 977 3571 nrbes
997 3516 1176 3586 complures,
1201 3529 1278 3583 quas
1297 3530 1384 3568 occu·

268 3594 385 3659 parant,
405 3590 441 3642 iis
460 3584 629 3658 ademptae.

240 3658 259 3713 2
357 3660 397 3713 At
415 3674 468 3713 rex
490 3660 644 3715 Romanus
663 3658 864 3726 considerato,
882 3664 917 3713 nt
935 3663 1071 3729 apparet,
1094 3658 1227 3729 periurio
1247 3671 1303 3709 sno
1322 3658 1384 3710 rio·

268 3734 399 3802 lataque,
427 3747 517 3801 quarn
544 3747 610 3786 curn
634 3744 707 3799 rege
726 3730 924 3785 Constantino
945 3735 1067 3797 fecerat,
1096 3730 1245 3799 pactione,
1274 3728 1384 3781 beneti-

242 3804 368 3858 3centia
387 3804 511 3873 placare
530 3803 619 3857 delun
640 3803 752 3856 statuit.
791 3800 916 3856 Praeter
939 3804 1033 3871 igitur
1057 3802 1133 3855 alias
1157 3800 1384 3854 distributiones

269 3877 359 3930 etiarn
384 3890 436 3929 aes
459 3874 589 3933 alienum
616 3874 803 3927 urbanorum
831 3889 885 3943 pro
911 3872 1100 3927 debitoribus
1123 3872 1267 3938 dissolvit,
1297 3870 1385 3926 ouius

268 3962 385 4001 summa
403 3946 442 3999 nd
461 3945 531 3999 xix
551 3946 726 4000 centenaria
745 3952 933 4012 excreverat,
960 3951 990 3999 et
1009 3945 1065 3999 boc
1085 3958 1177 3998 onere
1196 3942 1385 3996 debitoribus

241 4019 312 4072 dita
330 4018 450 4072 subiato
473 4016 592 4071 tabulas
615 4018 646 4071 in
670 4016 770 4070 medio
793 4018 860 4070 soro
885 4018 1039 4071 cremavit.
1077 4015 1160 4069 idern
1180 4015 1309 4084 pretinm
1329 4028 1384 4083 pro

242 4090 314 4156 biis,
334 4090 385 4159 qui
399 4088 482 4159 Opoli
503 4090 533 4141 in
553 4088 693 4142 domibus
713 4087 909 4142 conducticiis
923 4087 1109 4154 habitabant,
1128 4086 1308 4141 numeravit.
1339 4084 1385 4137 Ac

270 4160 457 4215 debitoribus
475 4160 525 4213 ilia
544 4175 618 4213 sane
638 4160 827 4229 prosuerunt,
847 4158 982 4213 Romano
1001 4164 1102 4213 autern
1123 4174 1183 4212 non
1198 4155 1332 4224 muitum,
1351 4160 1385 4209 ut

270 4233 386 4303 opinor,
405 4232 458 4285 sed
478 4232 578 4301 potius
598 4230 669 4284 nibil
689 4230 825 4284 utilitatis
844 4231 1019 4295 attuierunt,
1046 4239 1109 4284 turn
1129 4228 1211 4299 quod
1230 4242 1276 4295 eo,
1305 4242 1386 4296 quae

270 4303 466 4373 largiebatur,
486 4304 524 4356 de
543 4304 643 4357 alieno
662 4307 750 4355 erant
768 4306 849 4366 (nam
868 4307 955 4355 crant
976 4303 1123 4371 pecuniae
1141 4299 1301 4370 publicae),
1319 4304 1384 4352 tnnr

270 4375 352 4444 quod
377 4376 510 4444 imperio,
540 4374 621 4444 quod
646 4388 684 4427 ex
708 4380 796 4442 rapto
821 4373 952 4439 tenebat,
981 4374 1140 4427 fruebatur
1169 4387 1205 4425 eo
1232 4370 1384 4437 i'raudato,

269 4448 356 4501 cuius
376 4452 448 4515 aret,
467 4448 571 4515 itaque
590 4447 654 4517 ipse
674 4446 760 4515 regie
780 4444 980 4498 felicitate-ex
1000 4459 1067 4499 asse
1084 4445 1266 4515 potiebatur,
1296 4442 1386 4497 beno·
