3050 4775
336 420 413 487 LEO
432 428 465 485 V.
485 416 683 487 numnius
701 416 929 486 IMPERATOR
948 416 1105 485 FACTVS.
1228 422 1281 485 319

157 612 301 695 κίμασεν,
332 611 411 677 ἀλλὰ
438 612 476 676 τὰ
505 619 559 696 τῆς
585 612 741 696 βασιλείας
769 614 943 697 παράσημα
966 621 1012 696 τῷ
1035 614 1146 677 Λέοντι
1169 614 1279 688 ἐξαπέ-

158 715 281 779 στειλεν.
328 715 477 787 ἐλθόντος
505 716 535 779 δ’
559 715 679 779 ἐκείνου
709 717 752 787 εἰς
780 714 818 779 τὰ
846 716 984 798 βασίλεια
1012 715 1031 779 ὁ
1055 716 1183 799 Μιχαὴλ
1212 717 1279 798 ἅμα
1291 722 1325 776 19

157 822 196 899 τῇ
219 816 346 900 συζύγῳ
373 818 427 882 καί
449 823 513 889 τοῖς
534 816 621 882 παισί
643 818 725 902 πρὸς
747 817 802 881 τὸν
825 818 858 881 ἐν
880 825 927 900 τῴ
953 817 1055 901 Φάρῳ
1078 818 1156 882 ναὸν
1178 819 1281 901 ἱκέτης

157 919 350 1002 εἷσέδραμεν.
396 921 653 991 ἀποσπασθέντες
676 920 705 983 δ’
729 920 860 1002 ἐκεῖθεν,
885 920 903 983 δ
925 920 984 1002 μὲν
1007 919 1137 1004 Μιχαὴλ
1160 922 1202 991 είς
1224 920 1280 1003 τὴν
1290 927 1367 983 203

130 1019 299 1103 ῠΠρώτην
321 1022 492 1105 λεγομένην
514 1028 610 1105 νῆσον
633 1022 782 1104 ἀπάγεται
805 1022 858 1085 καί
878 1020 1020 1106 μοναχὸς
1051 1022 1189 1105 γεγονὼς
1218 1022 1284 1087 ἐκεῖ

157 1123 302 1206 κατεβίω.
347 1124 401 1187 τὸν
424 1124 459 1188 δὲ
477 1124 576 1187 παῖδα
590 1126 703 1189 τούτου
718 1124 773 1189 τὸν
789 1123 1024 1208 Θεοφύλακτον,
1049 1127 1085 1197 ὃς
1107 1126 1160 1189 καί
1182 1126 1279 1208 ἀναρ-
1289 1134 1323 1189 21

157 1226 291 1308 ρήσεως,
314 1226 362 1296 ὡς
384 1227 515 1309 ἔφημεν,
539 1228 724 1309 κατηξίωτο,
748 1231 812 1290 τῶν
835 1226 1037 1309 παιδογόνων
1051 1227 1175 1309 μορίοιν
1190 1227 1278 1310 ἀφεί-

156 1328 226 1390 λετο
248 1326 303 1390 καί
325 1325 382 1390 σὺν
403 1333 442 1410 τῇ
463 1327 558 1410 μητρί
579 1328 634 1390 καί
655 1335 720 1399 τοῖς
741 1329 890 1411 ἀδελφοῖς
913 1329 1101 1411 ὑπερορίους
1124 1329 1256 1412 ἐποίησε.

253 1430 310 1512 Τῷ
330 1428 390 1515 μέν
413 1427 470 1492 οὖν
493 1428 623 1512 Μιχαὴλ
646 1430 679 1501 ές
700 1436 792 1495 τοῦτο
814 1430 851 1494 τὰ
874 1438 929 1514 τῆς
953 1432 1053 1515 ἀρχῆς
1079 1431 1278 1513 ἐτελεύτησεν,
1292 1436 1332 1501 19

111 1531 218 1597 1οδάο
240 1531 399 1603 ἐνιαυτοὺς
422 1532 645 1615 βασιλεύσαντι.
691 1533 764 1597 δδὲ
780 1533 876 1597 Λέων
898 1536 942 1605 εἷς
963 1534 1000 1597 τά
1023 1534 1161 1617 βασίλεια
1185 1533 1307 1599 cinei-2

156 1634 230 1697 δὼν
253 1635 362 1697 αι’πίκα
382 1634 596 1717 ἐκδυσάμενος
611 1636 629 1698 ὃ
644 1635 813 1717 περιέκειτο
829 1637 934 1719 φάρος
948 1643 995 1718 τῷ
1009 1635 1135 1718 τραυληῖ
1150 1634 1280 1717 ,Μιχαὴλ

157 1736 329 1819 ἐνεχείρισε,
357 1738 502 1809 κάκεῖνος
525 1736 622 1808 εὐθὺς
644 1736 722 1801 αι’πδ
745 1738 936 1821 ἠμφιέσατο,
961 1740 979 1801 ὃ
1002 1736 1128 1807 πολλοῖς
1151 1742 1280 1820 σημεῖον

158 1840 271 1922 ἐκρίθη
290 1846 400 1904 τοῦτον
414 1838 535 1922 μέλλειν
550 1840 677 1904 ἔσεσθαι
691 1847 738 1923 τῷ
753 1840 864 1904 Λέοντι
879 1846 933 1923 τῆς
947 1840 1103 1924 βασιλείας
1119 1839 1277 1922 διάδοχον.

158 1942 198 2005 οὐ
220 1948 312 2007 τοῦτο
336 1942 370 2006 δὲ
384 1942 485 2025 μόνον
499 1948 554 2025 τῆς
571 1942 721 2026 διαδοχῆς
736 1943 926 2027 σημαντικὸν
941 1948 996 2007 τοῖ’
1011 1942 1149 2025 κράτους
1164 1943 1306 2025 συνέβη3
1325 1956 1348 2013 0

114 2057 148 2112 15
157 2050 205 2126 τῷ
227 2045 366 2127 Μιχαήλ,
398 2043 475 2108 ἀλλὰ
502 2044 556 2107 καί
583 2045 714 2109 ὄπισθεν
741 2051 797 2108 τοῦ
821 2044 958 2115 Λέοντος
983 2044 1198 2127 πορευόμενος
1219 2046 1278 2129 βα-

158 2146 277 2229 σιλικὴν
299 2147 417 2229 ἐσθῆτα
439 2149 750 2229 μιταμφιασαμένου,
774 2146 809 2211 τὸ
832 2146 946 2230 ταύτης
965 2147 1125 2229 πεπάτηκε
1140 2147 1277 2229 κράσπε-

157 2354 306 2424 9βσσιλεία
321 2354 433 2415 Λέοντος
446 2362 491 2409 τοῦ
503 2355 638 2424 Ἀρμενίου
652 2354 787 2424 (άρμινίου
802 2352 864 2420 CD)
879 2353 932 2409 AR
1005 2355 1039 2411 10
1051 2354 1099 2410 άσα
1112 2354 1168 2422 (καί
1181 2355 1229 2409 ὅσα
1243 2353 1277 2421 Ε)

157 2427 254 2497 συνέβη
273 2426 422 2496 σημαντικὰ
441 2435 486 2482 τοῦ
505 2428 548 2481 τὸν
567 2426 678 2497 Μιχαὴλ
697 2435 743 2481 τοῦ
762 2427 875 2487 Λέοντος
893 2427 1019 2496 διάδοχον
1037 2428 1143 2481 ἔσεσθαι
1163 2426 1210 2482 ΟΕ

212 2623 227 2676 l
246 2622 311 2678 ἀλλὰ
324 2622 383 2692 ΑΕ,
402 2622 457 2677 ἀλλ’
471 2622 554 2684 εὖδδς
567 2623 641 2694 pr
712 2631 759 2694 τῆς
776 2625 908 2693 βασιλείας
927 2622 1036 2694 AEwp,
1056 2630 1101 2678 τοῦ
1119 2621 1233 2692 κράτους
1251 2622 1277 2679 Ο

209 2695 228 2748 4
246 2695 462 2755 ἀποσπασθέντας
482 2694 517 2759 Ι),
537 2711 613 2750 corr.
633 2695 685 2754 Dw
757 2697 774 2750 ’ί
792 2695 906 2765 ἔφημεν]
926 2695 980 2750 XV
995 2695 1065 2762 17,9
1136 2699 1154 2749 8
1172 2695 1278 2765 ἐποίησε

210 2764 336 2836 prDi,
355 2767 478 2835 ἐποίησεν
497 2766 556 2833 ΑΒ,
577 2783 606 2820 ν.
626 2767 665 2820 ud
684 2766 756 2820 XIII
777 2768 799 2831 l,
820 2769 836 2820 5
955 2767 972 2820 9
990 2768 1027 2826 εἰς
1048 2765 1080 2834 O,
1101 2782 1128 2820 v.
1150 2767 1190 2820 ud
1209 2765 1278 2821 XIV

213 2839 254 2904 1‘2,
277 2840 309 2891 14
430 2839 462 2891 10
479 2838 528 2892 δύο
547 2838 681 2898 ἐνιαυτοὺς
697 2839 877 2908 βασιλεύσαντι
898 2837 1016 2904 DB·W‚
1035 2838 1169 2897 ἐνιαυτούς
1185 2845 1190 2903 Ι
1205 2840 1278 2907 βασι-

209 2910 326 2963 λεύσαντι
337 2909 371 2976 Α,
382 2908 514 2968 ἐνιαυτοὺς
523 2910 703 2979 βασιλεύσαντι
716 2951 721 2963 .
733 2951 740 2964 .
752 2951 757 2963 .
770 2911 801 2979 Ε,
813 2925 892 2978 quae
902 2911 1013 2964 lacuna
1024 2925 1040 2962 u
1059 2910 1108 2963 Wo
1119 2910 1278 2979 suppletur

425 2995 440 3019 α
1027 2994 1042 3020 u

210 3033 314 3088 addito
332 3035 371 3103 β’,
390 3036 439 3103 βσϊ
453 3033 587 3094 ἐνιαυτοὺς
604 3035 784 3104 βασιλεύσαντι
804 3033 826 3090 C
846 3035 912 3105 (pro
933 3036 982 3090 illo
995 3037 1043 3104 βοὶ·
1058 3039 1149 3088 anteo
1163 3034 1277 3104 aliquid

211 3105 294 3159 aliud
314 3115 380 3160 erat
399 3112 558 3159 exoratum
578 3121 661 3160 nuno
680 3122 741 3160 non
760 3109 964 3176 perspicuum,
985 3108 1041 3160 etei
1054 3121 1115 3160 nou
1129 3111 1195 3160 oroi
1208 3106 1276 3173 δύο),

209 3177 342 3236 ε’νιαυτοίις
360 3178 539 3246 βασιλεύσαντι
559 3180 685 3245 τέσσαρας
703 3178 748 3232 καί
767 3186 852 3246 μῆνας
870 3177 943 3231 ἐννέα
963 3177 985 3229 Β
1005 3179 1116 3232 lacuna
1132 3177 1245 3231 codicis
1258 3193 1277 3231 a

210 3249 276 3301 viro
296 3248 429 3317 quodum
449 3249 539 3302 dooto
558 3248 674 3318 Glyone
693 3250 795 3304 verbis
814 3253 853 3318 (p.
873 3249 934 3316 531,
956 3249 999 3314 l'i)
1020 3248 1168 3318 suppleta,
1193 3248 1277 3302 ἐνιαυ-

209 3318 270 3378 τοὺς
286 3320 467 3389 βασιλεύσαντι
486 3321 536 3374 δύο
555 3318 647 3390 wpDi
722 3320 867 3388 παρελθὼν
886 3319 910 3374 Ο
996 3321 1026 3372 ll
1051 3320 1160 3388 Τραάλιρ
1180 3320 1215 3390 p*
1234 3322 1277 3374 in·

210 3392 280 3444 vitis
294 3391 380 3517 &Bw
470 3392 504 3446 13
523 3399 594 3447 anie
612 3399 703 3447 τοῦτον
721 3392 791 3446 add.
811 3399 856 3446 τοῦ
876 3390 949 3460 pr
1042 3392 1076 3445 16
1094 3392 1178 3460 ἄκρον
1197 3391 1277 3446 πεπά-

209 3483 275 3531 τηκε

154 3643 311 3712 cogitavit,
342 3642 396 3697 sed
427 3644 513 3712 regia
540 3643 673 3712 insignio
700 3640 796 3696 Leoni
825 3643 917 3711 misit;
948 3642 1060 3712 ilioque
1089 3642 1205 3712 regium
1234 3642 1276 3694 iu·
1288 3645 1321 3700 19

153 3729 262 3784 grosso
288 3712 414 3768 Michaei
443 3729 510 3768 cum
542 3729 641 3768 uxore
665 3720 693 3768 et
725 3713 827 3768 liberis
857 3715 888 3768 in
920 3713 1035 3779 aedem,
1064 3729 1143 3782 quae
1172 3718 1218 3767 est
1245 3714 1276 3766 in

154 3785 264 3852 Pharo,
292 3786 421 3855 supplex
445 3787 592 3856 confugit.
629 3783 715 3839 lilino
738 3785 836 3838 avulsi
860 3784 986 3838 Michnel
1009 3786 1040 3838 in
1064 3784 1162 3838 insula
1184 3783 1321 3842 Protaeo

154 3857 322 3910 monachus
350 3859 449 3910 fectus
472 3857 565 3911 vitum
590 3857 702 3926 exegit,
731 3855 985 3926 Theophyiactus,
1014 3857 1080 3910 eius
1107 3857 1193 3923 filiun,
1223 3857 1275 3925 qui
1286 3861 1319 3913 21

153 3928 327 3997 Imperator,
349 3934 384 3982 ut
402 3928 543 3996 diximus,
567 3928 737 3998 appellatus
761 3929 870 3996 suerat,
895 3928 1034 3981 virilibus
1058 3928 1187 3981 exsectis
1207 3942 1275 3980 oum

153 4005 252 4053 matre
271 4005 302 4052 et
320 3999 466 4054 fratribus
484 4005 530 4054 eut
548 4001 712 4069 relegatus.

246 4070 287 4124 19.
323 4069 413 4125 Hune
432 4071 546 4124 exitum
568 4071 673 4125 hebuit
686 4070 839 4124 Michaelis
857 4071 1015 4140 Imperium
1036 4069 1163 4123 duorum
1185 4083 1275 4122 unno·

153 4157 230 4196 rum.
268 4140 337 4196 Lno
357 4155 429 4196 vero
450 4143 606 4212 ingressus
625 4144 741 4211 regium
760 4141 861 4195 statim
884 4147 1008 4196 exutum
1032 4144 1155 4207 vestem,
1184 4145 1302 4208 quum2

152 4213 291 4283 gerebat,
304 4211 441 4267 Michaeli
455 4212 550 4268 Balbo
564 4213 655 4281 dedit,
675 4228 764 4282 quom
779 4212 858 4266 idem
873 4213 951 4265 illico
966 4212 1071 4279 induit,
1091 4211 1172 4265 uude
1190 4212 1275 4264 multi

153 4287 352 4340 coniecerunt
370 4300 439 4353 eum
457 4284 554 4340 Leoni
573 4286 604 4339 in
623 4299 719 4354 regno
741 4298 952 4338 successurum
977 4298 1052 4337 esse.
1089 4281 1195 4351 Neque
1219 4281 1303 4342 hoo3

153 4357 252 4412 solum
271 4357 471 4411 successionis
490 4357 569 4412 illius
588 4357 751 4428 augurium
771 4357 799 4410 ei
818 4355 883 4423 suit,
903 4354 957 4409 sed
976 4353 1050 4408 iliud
1070 4355 1169 4423 etiam,
1193 4353 1276 4423 quod

151 4426 288 4484 Leonem
307 4443 388 4502 pono
406 4443 538 4504 sequens
557 4434 672 4486 vestem
692 4428 808 4501 regium
827 4427 957 4484 caleavit
976 4429 1156 4502 extremum
1182 4427 1289 4504 idque.
