3050 4775
269 379 324 448 stt
578 384 713 451 tonse.
734 388 831 449 herr.
851 384 905 453 xv
925 390 966 466 to,
987 388 1084 452 s-lo.

270 575 339 637 ὅον·
361 578 453 638 τοῦτο
468 574 522 638 καὶ
537 582 584 657 τῴ
600 576 709 639 Λέοντι
725 577 785 640 ούκ
801 577 927 660 ἀγαθὸν
949 577 1104 661 οἰώνισμα
1127 580 1227 653 ἔδοξε.
1273 580 1393 650 τούτοις

241 677 305 740 tot
336 677 389 740 καί
419 678 540 760 ἀμφοῖν
567 680 587 760 ἡ
616 680 754 760 βασιλεία
783 682 961 763 προείρητο.
1008 680 1027 745 6
1055 681 1115 763 γὰρ
1148 682 1252 746 ἄνωύι
1283 682 1393 764 ῥηθείς

268 778 450 861 Βαρύάνιος
472 780 491 843 ὁ
514 781 685 863 στρατηγὸς
711 782 766 845 καί
794 784 956 865 πατρίκιος
981 782 1046 864 πρὸ
1069 790 1124 847 τοῦ
1147 782 1303 865 τυραννίδι
1327 784 1391 846 ἐπι-

268 882 491 965 κεχειρηκέναι,
524 884 670 965 στρέφων
693 884 791 967 αὐτὴν
814 884 893 948 κατὰ
921 892 1006 962 νοῦν,
1039 888 1082 957 εἴς
1104 910 1169 950 τινα
1192 884 1336 969 μοναχὸν
1359 886 1392 949 ἒν

268 990 314 1066 τῷ
330 983 512 1066 Φιλομηλίῳ
535 985 733 1068 ἀσκούμενον
755 987 810 1050 καλ
832 987 993 1070 προλέγειν
1015 987 1052 1051 τὰ
1074 989 1226 1071 μέλλοντα
1249 986 1418 1053 ctorem-5

268 1110 364 1169 μενον
387 1086 548 1169 ἀπελθών,
576 1088 744 1170 ἐκείνῳτὸ
767 1089 948 1173 ἀπόρρητον
977 1090 1155 1173 ἀνεκάλυψε
1184 1090 1236 1154 καί
1260 1091 1289 1154 εἰ
1309 1092 1391 1153 ἔσται

242 1190 357 1271 ῦαύτῴ
389 1189 520 1260 ἐπιτελὲς
550 1189 586 1253 τὸ
617 1190 779 1273 βούλευμα
811 1192 1013 1257 ἐπυνθάνετο.
1065 1194 1083 1257 6
1113 1194 1148 1259 δὲ
1176 1194 1428 1277 ἀπηγόρευσενῦ
1443 1206 1523 1260 llldt

269 1292 357 1375 αι’ττῴ
383 1292 439 1376 τὴν
465 1293 646 1376 ἐγχείρησιν,
679 1296 822 1376 φάμενος
845 1295 891 1365 ὡς
914 1297 985 1359 οὔτε
1006 1297 1098 1380 τεύξῃ
1122 1303 1177 1361 τοῦ
1201 1296 1313 1379 ἐφετοῦ
1336 1295 1390 1359 καί

201 1399 228 1454 D
241 1395 447 1477 ὓστερηύήσῃ
476 1395 530 1458 καὶ
556 1402 610 1478 τῆς
635 1397 816 1477 περιουσίας
838 1398 892 1461 καὶ
914 1403 970 1462 τοῦ
994 1400 1111 1482 φωτός.
1157 1398 1205 1462 ἐπί
1228 1398 1348 1468 τούτοις
1371 1397 1390 1460 6

267 1496 326 1579 μὲν
357 1497 449 1580 ἀπῄει
479 1498 660 1579 περίλυπος·
693 1498 712 1561 6
740 1500 835 1565 Λέων
863 1499 897 1562 δὲ
924 1498 1016 1571 οὗτος
1043 1501 1096 1565 καὶ
1123 1500 1142 1565 6
1167 1499 1302 1583 τραυλὸς
1326 1498 1388 1563 Μι-
1401 1509 1436 1563 10

242 1606 258 1661 'l
267 1598 349 1682 χαὴλ
371 1600 427 1662 καί
446 1623 491 1670 τις
512 1600 617 1681 ἕτερος
632 1599 755 1683 θωμᾶς
771 1603 859 1684 αὐτῷ
873 1602 927 1666 τὸν
942 1605 1038 1667 ἵππον
1052 1606 1258 1687 παρέστησαν.
1304 1602 1388 1665 ἄνω-

267 1702 327 1765 ύεν
350 1701 384 1765 δὲ
411 1702 584 1784 προκύφας
607 1703 626 1765 6
647 1704 790 1787 μοναχὸς
818 1705 871 1768 καλ
899 1706 1028 1777 τούτους
1056 1706 1144 1787 ῑύών,
1176 1704 1390 1787 μετακαλεῖται

267 1802 322 1867 τὸν
344 1805 515 1887 στρατηγὸν
538 1806 594 1867 καί
614 1829 691 1888 φησι
713 1806 786 1870 “σοὶ
808 1809 877 1889 μέν,
907 1808 954 1879 ὡς
976 1809 1086 1891 εἴρηκά
1110 1831 1169 1889 σοι,
1198 1808 1237 1870 ού
1262 1806 1389 1870 ύίύωσιν

241 1907 287 1971 86
309 1906 386 1977 θεὸς
408 1914 463 1990 τῆς
484 1908 640 1989 βασιλείας
662 1915 777 1991 τυχεῖν·
810 1914 875 1973 τῶν
903 1910 937 1974 tl
963 1910 1018 1974 τὸν
1040 1912 1135 1974 ἵππον
1157 1933 1207 1973 σοι
1228 1932 1388 1991 παραστη-

268 2010 391 2073 σάντων
413 2009 486 2079 τοὺς
509 2010 578 2091 ύύο,
601 2010 655 2074 τὸν
671 2012 792 2075 Λέοντα
816 2012 869 2076 καὶ
891 2012 945 2077 τὸν
960 2012 1100 2095 Μιχαήλ,
1124 2012 1188 2075 ἴσθι
1211 2011 1264 2074 καί
1287 2011 1436 2093 ἅμφω18

241 2120 321 2199 θεῆς
352 2112 508 2196 βασιλείας
539 2114 761 2196 κρατήσοντας.
808 2115 826 2178 6
854 2111 882 2177 6’
907 2116 1011 2197 ἕτερος
1040 2115 1224 2198 ἐπιχειρήσει
1249 2113 1309 2195 μὲν
1335 2113 1389 2176 καὶ

267 2218 372 2299 ἑαυτῷ
399 2216 561 2298 περιθήσει
591 2214 740 2299 ύιάύημα,
774 2218 813 2281 ού
841 2216 976 2292 τεύξεται
1005 2216 1040 2281 ύὲ
1067 2222 1132 2281 τῶν
1153 2214 1233 2279 κατὰ
1257 2214 1388 2298 σκοπόν,

266 2429 284 2484 2
301 2429 361 2498 περὶ
379 2435 425 2484 τοῦ
443 2427 472 2483 ἐν
490 2436 528 2498 τῷ
551 2427 695 2498 Φιλομιλίῳ
712 2436 832 2500 μοναχοῦ
851 2430 896 2485 καί
916 2437 962 2485 τοῦ
981 2431 1134 2499 Βαριλανίου
1147 2429 1276 2500 Ψαρύάνη
1287 2427 1321 2494 Ε)
1335 2426 1386 2481 ΑΕ

321 2628 336 2680 1
356 2625 401 2680 κει
421 2640 477 2679 om.
499 2623 526 2677 n
630 2586 756 2680 read}
776 2626 822 2695 <=
842 2625 940 2694 araon
959 2625 1009 2697 γὰρ
1026 2626 1059 2692 n,
1079 2625 1161 2682 unse
1179 2625 1195 2680 ε
1212 2625 1318 2680 evaso
1336 2623 1385 2694 yn

320 2711 481 2768 perperam
500 2711 548 2765 up
658 2696 837 2766 Ββσροάνιος
855 2698 965 2768 AEwp,
986 2697 1094 2754 Genea.
1116 2715 1143 2770 p.
1161 2698 1186 2766 8,
1206 2697 1231 2764 2,
1251 2696 1385 2767 Theoph.

321 2777 399 2822 cont
419 2784 447 2852 p.
466 2767 491 2836 6,
512 2767 601 2834 ides,
617 2765 707 2854 ρεστ.
726 2767 870 2839 (Scylitz.)
889 2769 917 2824 II
939 2785 966 2839 p.
985 2770 1028 2837 48,
1048 2770 1083 2824 23
1103 2785 1181 2836 ann,
1202 2768 1336 2838 βαρὸάνης
1351 2767 1384 2834 Ο,

320 2839 1284 2983 {tittttlttttttttl’,lutidissimi-‘till
1298 2839 1386 2964 ¹616

320 2983 425 3036 bitum.
497 2981 686 3050 ὀφιλομηλίῳ
706 2981 740 3050 Α,
760 2981 869 3038 Gcncs.
889 2999 919 3054 p.
937 2985 962 3050 8,
982 2985 1006 3038 8.
1028 2985 1069 3051 13,
1091 2983 1132 3048 12,
1152 2982 1286 3051 Theoph.
1306 2989 1385 3036 cont.

342 3053 386 3121 .l,
405 3054 431 3121 8,
450 3053 593 3122 φτλομτλίῳ
606 3052 689 3122 pr,
709 3053 899 3108 Philomelio:
923 3055 973 3110 Wo
987 3055 1045 3121 lat,
1067 3071 1093 3108 v.
1114 3069 1232 3124 argum.
1252 3053 1291 3107 ad
1311 3053 1338 3106 b.
1358 3054 1385 3114 l,

336 3124 373 3180 ’V
391 3125 434 3190 21,
454 3125 498 3178 28.
518 3123 561 3190 22,
580 3124 616 3178 2ὂ
707 3132 780 3180 ante
797 3127 931 3194 προλέγειν
951 3129 1128 3180 asteriscum
1148 3127 1178 3180 in
1198 3125 1221 3178 Ε
1241 3124 1310 3178 add.
1336 3125 1386 3179 Wo

319 3198 336 3249 6
354 3196 506 3264 ἀνεκάλυψε
523 3193 575 3248 ΑΒ
594 3195 704 3250 Gelles.
722 3197 786 3266 p.8,
798 3199 839 3263 18,
858 3198 1016 3267 ἀπεκάλυψεν
1029 3198 1103 3268 pr
1178 3197 1212 3250 10
1229 3196 1255 3250 6’
1268 3193 1387 3266 prDi
1435 3209 1439 3216 “

354 3269 459 3322 dante
477 3266 587 3335 τραυλὸς
606 3281 663 3321 om.
683 3267 747 3337 τιὴ)
767 3269 868 3323 invitis
887 3267 941 3322 AR
1015 3269 1048 3322 14
1066 3276 1119 3323 τῶν
1137 3268 1167 3322 di
1179 3264 1305 3338 sswth,
1324 3266 1383 3336 cdvi

319 3337 349 3394 66
367 3338 394 3392 Α
467 3338 501 3393 lt
519 3344 588 3408 post
600 3339 686 3407 ἄμφω
699 3339 769 3393 add.
782 3339 849 3394 κατὰ
861 3339 970 3408 καιρούς
984 3341 1067 3402 idione
1080 3339 1154 3411 pr
1221 3339 1254 3394 l‘l
1272 3339 1345 3394 σύτῶ
1363 3337 1386 3392 Β

265 3536 377 3592 malum
406 3551 494 3591 omen
521 3535 617 3590 Leoni
645 3551 768 3606 quoque
796 3537 895 3593 visum
923 3544 976 3593 eet.
1014 3537 1129 3592 Horum
1158 3537 1237 3593 enim
1264 3536 1387 3605 utrique

238 3607 455 3680 lpraedictum
478 3609 580 3662 iuerat
602 3609 676 3676 tore,
705 3616 739 3663 ut
761 3617 935 3679 regnarent.
972 3607 1048 3665 Nam
1071 3608 1242 3663 Βαταναίαν
1269 3608 1333 3662 dux
1357 3613 1388 3661 ct

266 3681 419 3751 patricius,
438 3682 525 3734 cuius
544 3681 738 3748 supratacto
757 3687 803 3735 est
822 3682 943 3748 mentio,
962 3682 1121 3751 imperium
1141 3681 1242 3734 animo
1256 3680 1387 3749 agitans,

266 3753 441 3822 priusquam
465 3751 497 3804 id
520 3751 688 3818 invaderet,
717 3767 785 3805 cum
813 3753 961 3806 monacho
990 3751 1123 3820 quodam
1151 3753 1182 3806 in
1211 3751 1386 3805 Philomelio

266 3825 406 3892 degente,
436 3825 488 3892 qui
513 3825 616 3877 lutura
641 3823 818 3893 praedicere
841 3823 1031 3890 credebatur,
1051 3837 1196 3877 arcanum
1216 3822 1289 3877 illud
1309 3837 1386 3876 corn-

238 3893 432 3949 brnnnicavit
451 3903 654 3964 percontatus,
674 3909 746 3948 num
766 3895 828 3949 voti
850 3909 972 3964 compos
992 3897 1078 3950 toret.
1111 3894 1140 3948 lo
1160 3909 1229 3949 eum
1242 3909 1261 3948 a
1274 3899 1387 3948 conatu

265 3965 316 4019 illo
336 3966 512 4020 dehortatus
532 3981 632 4034 noque
651 3966 715 4019 voti
735 3973 904 4036 compotem
924 3967 989 4020 iore
1008 3971 1037 4019 et
1051 3967 1160 4036 opibus
1173 3981 1210 4020 ac
1222 3964 1386 4020 luminibus

238 4037 255 4090 8
266 4039 417 4107 privatum
426 4039 461 4090 iri
474 4036 639 4106 rospondit.
660 4036 776 4100 Quibus
786 4037 835 4091 ille
846 4037 957 4091 auditis
967 4038 1058 4091 tristis
1069 4038 1151 4092 abiit.
1171 4037 1227 4092 Hic
1238 4051 1311 4091 vero
1323 4034 1385 4090 Leo

265 4117 295 4162 ot
315 4107 427 4162 Bulbus
440 4108 566 4162 Michnel
587 4113 617 4161 et
635 4109 712 4162 alius
726 4108 849 4177 quidam
864 4107 995 4162 Thomas
1009 4123 1119 4178 equum
1134 4109 1161 4163 ei
1176 4109 1385 4174 adduxerunt,

239 4180 342 4249 iquos
362 4195 430 4234 curn
446 4181 614 4234 monachus
633 4194 763 4249 superne
784 4188 981 4250 prospectans
1001 4181 1133 4248 vidisset,
1153 4180 1223 4234 duci
1242 4181 1385 4233 arcessito

238 4252 308 4306 8ait
326 4251 417 4306 “Tibi
436 4250 566 4322 quidem,
585 4258 620 4305 ut
641 4251 712 4318 dixi,
732 4266 861 4321 regnum
882 4251 957 4306 deus
977 4267 1038 4306 non
1057 4252 1102 4305 lar
1126 4253 1199 4320 itur;
1219 4251 1296 4305 duos
1313 4265 1385 4304 vero

266 4323 304 4379 de
325 4324 369 4391 lis,
399 4326 581 4394 quicquum
601 4323 655 4378 tibi
675 4321 879 4393 adduxerunt,
899 4321 1032 4378 Leonem
1052 4329 1082 4378 et
1101 4267 1283 4392 ffiichaelsm,
1310 4323 1385 4377 scito

238 4395 391 4471 iimperio
411 4397 561 4470 potituros
580 4410 655 4452 esse.
692 4393 814 4453 Tertius
834 4403 935 4454 autem
958 4395 1119 4452 conabitur
1138 4397 1195 4452 iste
1214 4395 1335 4470 quidem
1355 4401 1385 4452 et
