3050 4775
401 465 653 526 NIOEPHORVS.
691 468 817 527 TVRCI.
855 470 1052 529 RVSELIVS.
1233 474 1285 531 709

166 646 223 731 τὴν
245 649 290 714 ἔω
312 656 418 734 χεῖρον
440 652 533 736 ἔσχον
555 656 575 736 ἢ
598 653 760 738 πρότερον.
807 655 825 719 ό
849 654 909 740 γὰρ
932 656 1064 720 σουλτάν
1081 654 1118 719 τὰ
1134 657 1214 721 κατὰ
1230 657 1284 721 τὸν
1295 660 1327 716 11

167 751 298 836 Διογένη
320 754 441 837 μαθὼν
463 756 518 820 καί
539 756 585 820 ὅτι
607 758 645 820 ὃν
667 758 785 829 ἐκεῖνος
807 758 917 842 λαβὼν
940 760 1143 841 όορυάλωτον
1161 760 1284 843 ἐτίμησε

167 855 221 918 καί
243 856 367 941 ἀφῆκεν
389 858 433 929 εἰς
454 858 511 941 τὴν
532 860 650 924 οἰκείαν
673 861 922 945 άπελευσύμενον
940 862 1105 945 βασιλείαν,
1128 869 1238 928 τούτου
1254 865 1284 927 οῖ

167 959 360 1041 συμφυλέιαι
382 961 513 1045 ἀπηνῶς
536 963 679 1046 οἰκτίστῳ
700 964 833 1047 θανάτῳ
855 966 1059 1049 παρέδωκαν,
1083 964 1137 1029 καί
1155 968 1188 1029 αἰ
1201 964 1284 1049 πρὸς

140 1060 286 1126 ὅὲκεῖνον
306 1062 378 1146 περὶ
401 1064 549 1129 σπονδῶν
571 1067 728 1149 συνθῆκαι
750 1068 905 1151 ἄπρακτοι
931 1069 1154 1151 μεμενήκασιν,
1186 1070 1282 1149 ύπερ-

166 1163 281 1248 ήλγησε
301 1167 356 1231 καί
378 1166 432 1238 τὰς
454 1168 571 1239 οἰκεῖος
593 1168 741 1251 δυνάμεις
762 1169 842 1233 κατὰ
865 1174 930 1235 τῶν
949 1171 1138 1254 Ῥωμαῖκῶν
1164 1176 1284 1254 χωρῶν

165 1274 282 1351 χωρεῖν
313 1269 505 1353 ἐξηρέθισεν·
538 1272 641 1335 οὐκέτι
668 1273 772 1336 τοίνυν
801 1273 848 1343 ὡς
876 1272 1052 1357 ληιζόμενοι
1075 1280 1140 1345 ταῖς
1162 1275 1283 1357 χώραις
1292 1277 1486 1333 12Ρ1128ῖλ

166 1371 310 1454 ἐπῄεσαν,
335 1372 400 1436 ἀλλ’
424 1373 471 1444 ὥς
493 1375 607 1446 ταύτας
629 1376 819 1449 καθέξοντίς
840 1400 872 1439 τε
894 1376 948 1439 καὶ
970 1377 1194 1459 κυριεύσαντες,
1226 1382 1282 1441 τοῦ

166 1479 251 1556 σφᾶς
272 1475 468 1558 ἀνείργοντος
489 1476 535 1560 μὴ
557 1478 722 1562 παρόντος.

123 1579 158 1635 10
255 1578 322 1643 Kat
344 1581 375 1643 οῖ
395 1580 454 1662 μὲν
476 1587 571 1645 ταῦτα
595 1582 734 1647 ἐποίουν·
759 1580 829 1647 dot
843 1581 988 1666 βασιλεὺς
1003 1582 1137 1666 ὀύναμιν
1157 1582 1283 1665 ἀγείρας
1293 1585 1328 1641 13

166 1682 363 1766 στρατάρχην
388 1684 501 1767 ταύτης
526 1682 582 1748 τὸν
605 1684 776 1769 Κομνηνόν
802 1686 1008 1769 προβάλλεται
1028 1684 1194 1769 Ἰσαάκων,
1227 1709 1282 1750 συ-

166 1786 278 1860 ζεύξας
305 1786 394 1868 αύτῷ
420 1786 474 1850 καί
500 1786 555 1850 τὸν
581 1787 717 1852 Λατῖνον
740 1788 922 1863 Ῥυυοὲλιον,
955 1789 1119 1872 ὁμογενῶν
1145 1790 1282 1873 ἄρχοντα

165 1889 375 1971 τετρακοσίων
397 1890 535 1973 ἀνόρῶν.
581 1890 646 1954 ἐπεὶ
663 1890 697 1954 δὲ
711 1892 783 1973 περὶ
798 1890 833 1955 τὸ
844 1891 975 1957 Ἰκόνιον
990 1892 1124 1974 ἐγεγόνει
1138 1890 1173 1956 τό
1188 1892 1281 1976 στρά-
1293 1896 1327 1950 14

165 2015 274 2074 τευμα,
307 1993 342 2066 ἐξ
368 1993 466 2063 αἰτίας
491 1991 573 2064 τινὸς
600 1994 769 2058 ἀποστατεῖ
788 1995 806 2058 ὁ
825 1994 999 2065 Ῥουσέλιος
1026 1994 1080 2058 καί
1106 1994 1178 2066 τοὺς
1203 1995 1281 2078 ‹iso-

122 2094 156 2148 15
166 2094 288 2176 φύλους
309 2094 507 2179 παραλαβὼν
529 2092 606 2159 καθ’
623 2096 735 2161 ἑαυτὸν
757 2096 797 2181 ἦν
819 2095 873 2161 καὶ
894 2104 940 2181 πῇ
962 2097 1021 2181 μὲν
1043 2102 1106 2168 τοῖς
1127 2098 1283 2179 Τούρκοις

2 2197 31 2251 Ι)
46 2198 89 2252 lV
102 2198 153 2251 221
164 2198 364 2280 προσέμισγε,
386 2204 433 2281 πῇ
456 2198 491 2261 dt
512 2199 568 2269 τὰς
588 2200 700 2283 χώρας
721 2200 777 2271 τὰς
792 2198 972 2283 Ῥωμαϊκὰς
994 2200 1159 2283 ἕκεράϊζεν.
1205 2199 1225 2263 ό
1248 2199 1327 2263 diis

165 2299 336 2383 Κομνηνός
363 2299 517 2372 Ἰσαάκιος
548 2301 625 2383 μετὰ
657 2308 713 2366 τοῦ
745 2302 927 2385 περιλοίπου
960 2302 1189 2386 στρατεύματος
1220 2308 1283 2373 τοῖς

168 2401 321 2486 Τούρκοις
342 2405 535 2488 προσβαλὼν
557 2407 677 2490 ἥττητο,
703 2405 757 2470 καί
780 2408 892 2471 ἔπεσον
914 2406 973 2488 μὲν
994 2405 1104 2470 πολλοὶ
1126 2405 1180 2470 καί
1202 2406 1282 2481 ἐζω-

167 2596 182 2649 1
201 2599 240 2651 dn
258 2598 274 2651 ό
291 2597 403 2653 οουλτὰν
421 2599 543 2663 (σουλτᾶν
554 2601 589 2665 Ε)
609 2599 639 2654 τὰ
658 2600 726 2655 κατὰ
744 2599 789 2654 τόν
809 2600 935 2670 Διογένην
951 2598 1050 2670 μαθὼν
1068 2597 1115 2670 τὴν
1131 2599 1201 2669 ἑῴαν
1219 2619 1283 2654 κατ·

166 2668 269 2738 ἔτρεχεν
286 2669 335 2725 OE
426 2671 460 2725 10
477 2673 516 2725 ὅτι
535 2673 551 2725 ό
568 2672 707 2741 Κομνηνός
723 2673 855 2732 Ἰσαάκιος
873 2671 966 2741 ἰστάλη
987 2673 1083 2741 (στάλω
1101 2671 1136 2740 Ε)
1154 2671 1219 2740 μετὰ
1238 2677 1283 2726 τοῦ

162 2741 312 2795 Ῥουτιλίου
334 2750 388 2801 τοῖς
414 2743 540 2810 Τούρκοις
567 2744 766 2812 ἀντιταξόμενος
795 2744 1005 2812 (άντιταξάμενος
1025 2743 1059 2812 Ε)
1088 2743 1133 2798 καί
1161 2741 1283 2814 ἡττηθείς

165 2811 234 2865 ἑάλω
253 2812 299 2866 καί
317 2815 493 2875 όῬουσίλιος
510 2815 684 2885 ἀπεστάτηστν
703 2817 838 2886 (dolemus
857 2814 891 2880 Ε)
911 2815 959 2872 ΟΕ

219 2992 375 3062 2ύιογίνην
392 2991 445 3047 Rw
540 2993 702 3062 δοριάλωτον
719 2991 770 3060 Di,
790 3009 818 3047 V.
839 2993 878 3048 ud
897 2993 970 3048 XIII
988 2993 1044 3058 8,3
1115 2993 1133 3046 3
1150 2993 1284 3063 βασιλείαν

219 3064 426 3132 ἀπολουσόμενον
445 3009 468 3120 ὃ
550 3065 568 3119 4
586 3066 686 3133 οἰκτρῶ
702 3065 708 3132 Ι
724 3066 834 3120 omisso
854 3066 962 3133 ύσινάτῳ
982 3065 1013 3133 C,
1032 3066 1156 3134 οἰκτίστῳ
1175 3065 1282 3131 θανάτῳ

220 3135 266 3194 Ow
338 3136 487 3191 ὃσίκτῖνον
506 3136 530 3189 Ε
602 3137 735 3207 συνθῆκαι
754 3137 818 3201 (sic)
838 3135 948 3206 Auso,
966 3152 994 3189 v.
1015 3137 1054 3190 ad
1073 3135 1172 3190 XVIII
1192 3135 1234 3203 15,
1250 3136 1283 3190 15

219 3209 236 3260 6
255 3214 308 3261 τῶν
328 3223 385 3262 om.
398 3208 423 3260 E
494 3209 512 3263 8
530 3209 681 3272 κατέξοντες
700 3206 736 3277 ρ*
809 3216 856 3263 τοῦ
869 3205 930 3275 AR,
950 3207 1010 3268 τούς
1023 3207 1086 3278 w*p
1160 3207 1195 3261 10
1212 3207 1282 3261 ταῦτ’

220 3279 247 3332 Ι)
337 3279 372 3333 13
388 3277 461 3348 παρὰ
478 3279 502 3334 Β
613 3280 646 3333 16
663 3279 818 3348 προςίσμιγε
837 3278 873 3346 I),
891 3280 1046 3350 προςίμισγε
1065 3279 1110 3333 καὶ
1127 3278 1239 3348 ἐμάχετο
1260 3277 1283 3333 G

253 3350 387 3420 ίκτράῖζεν
405 3348 545 3422 Βδινρῦἰ,
566 3351 686 3419 ἐκεράϊζε
704 3349 739 3419 Α,
760 3367 789 3406 v.
802 3351 842 3405 ud
855 3349 928 3405 XIII
943 3351 997 3419 1‚5
1070 3349 1104 3406 18
1121 3349 1170 3420 μὲν
1189 3349 1283 3406 om.C

165 3550 286 3603 vinciae
311 3549 439 3618 gravius
464 3563 556 3673 ηυειυ
582 3549 666 3618 prius
694 3548 897 3602 vexabantur.
934 3547 1010 3604 Nam
1039 3548 1184 3617 witonus,
1214 3543 1326 3604 eumll

166 3621 328 3687 didicisset,
356 3635 466 3689 quems
488 3619 611 3673 modum
630 3635 698 3674 cum
717 3619 858 3690 Diogene
877 3623 976 3674 actum
1000 3623 1086 3687 esset,
1115 3635 1282 3689 eumques

165 3694 228 3748 suis
247 3692 453 3747 crudelissime
472 3692 671 3757 interfectum,
696 3705 786 3760 quem
805 3692 869 3761 ipse
888 3692 1043 3760 captivum
1062 3691 1226 3746 honorifice
1243 3692 1282 3746 ad

165 3779 254 3818 suum
279 3763 437 3832 imperium
459 3764 630 3829 remisisset,
659 3767 690 3817 et
709 3763 793 3831 pacis
812 3762 1005 3817 condiciones
1028 3777 1096 3816 cum
1119 3763 1169 3817 illo
1192 3763 1282 3818 initas

164 3850 289 3890 manere
307 3836 416 3901 irrites,
435 3849 548 3904 magno
568 3835 673 3888 dolore
691 3835 819 3887 affectus
838 3847 909 3888 suas
929 3834 1032 3903 copias
1051 3839 1157 3888 contra
1175 3834 1282 3889 Romu·

165 3922 273 3962 norum
298 3906 472 3976 provincias
497 3906 668 3972 concitavit,
697 3920 774 3975 quus
796 3921 857 3959 non
881 3905 941 3958 iem
965 3904 1176 3975 praedabundi
1198 3903 1328 3961 iuva-12

166 3979 287 4103 εἰρύσαι,
313 3976 366 4031 sed
385 3981 420 4031 ut
438 3977 593 4031 subacturi
614 3981 644 4031 et
663 3977 839 4046 possessuri,
867 3991 935 4031 cum
955 3991 1044 4031 nemo
1064 3981 1150 4044 esset,
1175 3979 1227 4046 qui
1246 3979 1282 4032 iis

166 4066 184 4104 o
207 4051 334 4104 sisteret.

256 4120 341 4185 Quae
368 4134 437 4174 cum
464 4120 505 4174 illi
538 4122 682 4185 iacerent,
712 4134 767 4173 rex
797 4127 903 4175 coacto
931 4121 1068 4174 exercitu
1095 4117 1327 4175 Comnenum13

165 4192 316 4247 Issscium
339 4197 422 4247 erest
445 4192 562 4259 ducem,
591 4189 713 4245 Ruselio
731 4189 841 4246 Lstino
863 4191 980 4261 collega
999 4191 1111 4258 addito,
1142 4191 1191 4244 cui
1210 4206 1282 4260 qus·

166 4264 320 4333 dringenti
344 4263 508 4334 populures
535 4263 693 4333 parebant.
729 4261 843 4316 Verum
866 4263 899 4328 is,
929 4263 1065 4317 exercitu
1087 4262 1126 4316 sd
1146 4261 1282 4318 Iconium
1294 4262 1327 4316 14

165 4335 322 4460 ρετάαοίο,
343 4348 410 4389 cum
430 4337 493 4390 suis
512 4334 645 4404 quadam
664 4332 703 4387 de
722 4348 816 4388 causa
835 4333 935 4389 deficit
954 4349 991 4388 sc
1009 4349 1063 4403 per
1079 4349 1112 4388 se
1125 4334 1199 4388 alias
1213 4349 1282 4388 cum

192 4407 274 4461 urois
295 4412 422 4476 pugnat,
450 4407 524 4461 aiios
544 4406 697 4460 Romanas
716 4405 889 4474 provincius
908 4410 1016 4459 vastat.
1054 4404 1189 4460 Iesseius
1208 4421 1281 4460 vero
1293 4403 1328 4460 15

165 4476 337 4534 comnenus
357 4493 424 4532 cum
438 4478 554 4548 reliquo
568 4475 705 4532 exercitu
718 4492 735 4529 a
750 4475 857 4531 Tuscis
871 4477 1002 4532 vincitur
1016 4491 1051 4530 ac
1064 4477 1164 4532 multis
1179 4478 1282 4544 caesis,
1317 4539 1321 4546 ,
