3050 4775
403 399 484 467 2013.
520 409 680 468 IOANNIS
698 409 891 468 SPADONIS
910 410 1046 469 MORES.
1232 412 1285 468 587

165 593 361 674 θεραπαίνας
384 593 481 677 αὐτῆς
504 592 623 676 διαιρεῖ,
646 593 753 676 ἑτέρας
777 594 805 658 δ’
822 594 902 678 αὐτῇ
920 593 1001 677 πρὸς
1016 595 1188 678 θεραπείαν
1203 595 1284 657 ἀντι-

166 696 340 778 καθίστησι.
386 694 440 759 καὶ
471 695 521 759 ἐπὶ
551 696 672 767 τούτοις
702 696 758 779 τήν
786 701 999 780 γυναικωνῖτιν
1028 696 1107 780 αὐτῇ
1136 696 1284 779 δποφρά-
1296 705 1330 758 10

167 821 253 879 γνυσι
268 798 321 861 καί
337 797 484 880 φρουρὰν
497 799 675 882 περιίστησι,
699 800 753 863 καὶ
776 800 880 864 οὐδενί
895 802 1056 881 προσιέναι
1071 800 1165 881 ταύτῃ
1181 822 1284 880 παρα-

166 902 341 984 κεχώρητο,
373 903 402 965 εί
429 901 474 984 μὴ
508 901 562 966 τὸν
592 903 762 987 προσιόντα
793 904 812 967 ό
841 904 1049 987 φρούραρχος
1080 902 1286 984 κατεξήτασεν

139 1004 244 1068 suus
264 1007 337 1088 ἥκοι
360 1005 414 1069 καὶ
435 1007 517 1076 τίνος
541 1006 690 1088 δεόμενος
711 1008 932 1089 παραγένοιτο·
956 1007 1064 1071 ἐδεδίει
1080 1006 1140 1089 γὰρ
1157 1005 1286 1069 οἴκοθεν

167 1108 251 1190 ἔχων
277 1113 333 1171 τοῦ
362 1109 454 1179 δέους
479 1108 535 1179 τὰς
557 1108 718 1191 ἀφορμάς.
766 1111 808 1180 εἰς
830 1116 925 1173 ταῦτα
950 1104 979 1173 δ’
1003 1109 1169 1191 ἐνάγεσθαι
1191 1108 1330 1171 πλέον11

168 1210 186 1273 ὁ
201 1209 332 1293 Μιχαὴλ
348 1210 464 1292 λέγεται
477 1210 566 1293 παρὰ
581 1217 637 1275 τοῦ
654 1212 809 1294 συγγόνου
833 1213 930 1276 αὐτοῦ
946 1211 1096 1275 Ἰωάννου
1118 1217 1174 1275 τοῦ
1198 1211 1319 1275 ἕκτα-Ο

166 1312 251 1394 μίσυ.
298 1311 338 1396 ἦν
361 1312 421 1395 γὰρ
443 1314 497 1377 καὶ
521 1313 621 1384 δεινὸς
644 1314 662 1377 ό
685 1316 861 1395 ἄνθρωπος
888 1315 943 1377 καὶ
967 1316 1153 1398 δραστήριος
1176 1312 1229 1377 καὶ
1251 1311 1331 1377 1612

167 1414 250 1497 ἦθος
281 1416 530 1499 ὑποκαθήμενος
560 1417 615 1479 καὶ
646 1416 728 1499 πρὸς
759 1416 832 1487 τοὺς
861 1418 1103 1500 ἐντυγχάνοντας
1130 1415 1286 1479 ποικιλλό-

125 1524 159 1577 10
166 1542 272 1600 μενος,
304 1520 514 1601 περισπερχής
544 1543 577 1582 τε
608 1519 662 1582 καί
687 1520 770 1601 πρὸς
797 1520 975 1602 φροντίδων
1004 1520 1102 1602 ὄγκον
1125 1519 1288 1601 ἀκάματος

167 1620 222 1684 καί
253 1621 328 1685 οὐδὲ
360 1622 601 1704 γαστριζόμενος
629 1621 704 1685 οὐδὲ
732 1622 805 1704 περὶ
833 1622 887 1687 τὸν
910 1623 1048 1703 ἄκρατον
1070 1621 1288 1705 λιχνευόμενος

170 1722 291 1806 (ἥττητο
314 1724 375 1806 γὰρ
398 1724 499 1806 οἴνου)
524 1731 578 1807 τῆς
599 1724 671 1807 περὶ
693 1724 748 1795 τὰς
772 1726 926 1807 δημοσίας
950 1726 1114 1808 διοικήσεις
1137 1724 1288 1805 καθυφίει

168 1827 316 1909 σπουδῆς.
370 1826 424 1890 καὶ
450 1826 487 1889 τὰ
518 1826 577 1909 μὲν
609 1825 666 1890 οὖν
696 1828 768 1910 περὶ
799 1827 855 1909 τὴν
886 1828 1066 1911 βασίλισσαν
1097 1825 1287 1909 ᾠκονόμητο
1299 1833 1332 1887 13

169 1929 297 1992 οὑτωσί·
330 1929 349 1992 ὁ
373 1929 407 1993 δὲ
431 1929 561 2012 Μιχαὴλ
583 1937 637 2013 τῆς
659 1936 723 1993 τῶν
746 1936 864 1994 κοινῶν
885 1930 1082 2012 πραγμάτων
1105 1929 1288 2010 οἰκονομίας

125 2032 329 2114 Ιδάντείχετο.
375 2031 438 2094 εἶτα
460 2040 507 2114 τῷ
528 2032 587 2114 μὲν
613 2034 816 2113 ἐκραταιοῦτο
840 2034 859 2116 ή
883 2033 985 2106 νόσος,
1018 2035 1057 2115 ἣν
1081 2032 1111 2094 οί
1131 2030 1191 2114 μὲν
1213 2030 1287 2093 ἑκά·
1299 2038 1332 2092 14

168 2134 244 2199 λουν
268 2134 430 2217 δαιμόνιον
451 2136 572 2217 μήνιμα
598 2134 648 2198 διὰ
671 2134 726 2217 τὴν
749 2136 911 2218 ἐπιορκίαν
938 2136 1101 2218 ἐνσκῆψαν
1124 2135 1212 2214 αὐτῷ
1234 2131 1288 2196 καὶ

10 2251 23 2293 τ
49 2244 93 2298 IV
109 2243 160 2297 138
170 2244 344 2320 συμπνῖγον
364 2235 419 2302 τὸν
442 2238 627 2320 ἄνθρωπον,
651 2239 698 2308 ὡς
719 2238 815 2301 πάλαι
839 2238 877 2321 δὴ
901 2237 955 2301 τὸν
971 2237 1091 2319 Σαούλ,
1116 2237 1146 2299 ολ
1168 2236 1203 2301 δὲ
1224 2243 1443 2318 μωθίΙΙΙΙὸΒ

169 2451 186 2505 8
204 2451 258 2510 οἷος
277 2450 310 2519 ἦν
328 2450 358 2504 τό
375 2450 444 2520 ήθος
462 2453 479 2504 δ
495 2459 542 2506 τοῦ
559 2452 690 2522 βασιλέως
710 2450 819 2522 (μτχαὴλ
839 2450 874 2519 Ε)
893 2450 1009 2520 ἀδελφός
1027 2453 1043 2505 ό
1061 2451 1129 2520 (om.
1146 2448 1179 2515 C)
1195 2449 1287 2504 Ἰωάν-

167 2543 215 2591 νης
234 2521 282 2577 CE
354 2530 407 2591 φεῦ
427 2522 451 2575 Ε
524 2523 559 2577 lb
576 2524 637 2592 περὶ
655 2532 701 2593 τῆς
719 2525 799 2578 νόσου
818 2531 863 2578 τοῦ
881 2523 1011 2594 βασιλέως
1029 2522 1140 2592 Μιχοήλ
1160 2521 1208 2576 ΟΕ

223 2719 236 2772 l
257 2720 419 2789 θεράπαινας
438 2720 511 2790 Ewp
583 2719 659 2789 αὐτῇ]
678 2719 745 2790 αὐτὴ
758 2719 785 2774 Α
858 2721 1087 2789 2γυναικωνίτην
1100 2719 1182 2789 Ewp‚
1201 2740 1288 2788 γυναι-

221 2793 330 2844 κωνίτιν
348 2789 410 2857 ΑΟ,
429 2807 506 2846 corr.
523 2789 567 2845 Di
686 2793 753 2861 αὐτῇ
772 2809 829 2847 om.
849 2791 902 2846 DE
1028 2792 1045 2846 4
1063 2791 1241 2860 κατηξήτασεν
1260 2789 1287 2844 D

220 2861 238 2916 5
257 2861 329 2931 ἥκοι]
349 2865 410 2931 νίκη
430 2863 457 2915 D
530 2864 783 2931 καὶ-παραγένοιτο
803 2880 858 2917 om.
877 2862 912 2928 Α,
932 2863 1001 2916 add.
1015 2861 1140 2932 prDi‚
1162 2862 1287 2916 v.Psell.

222 2950 249 3003 p.
260 2934 348 2995 5529
420 2934 523 3001 ἐδεδίει]
543 2934 616 2988 οἶδὲ
634 2934 678 2988 διὰ
697 2935 753 2998 (διὰ
773 2936 891 3005 punctis
901 2937 1051 2996 notatum)
1070 2933 1098 2986 D
1171 2935 1288 2986 οἴκοθεν

222 3004 252 3066 C.
273 3021 349 3059 corr.
370 3005 415 3062 Οτι
488 3007 505 3058 6
523 3007 593 3074 ἔχων
614 3021 671 3060 om.
691 3007 720 3070 O,
741 3007 839 3076 suppl.
858 3005 904 3063 Οτι
977 3005 1057 3058 8καὶ
1076 3010 1144 3074 post
1162 3003 1211 3072 γὰρ
1232 3021 1288 3058 om.

222 3077 295 3146 Ewp
367 3078 546 3145 όᾶνθρωπος
564 3075 674 3146 AEwp,
695 3078 840 3145 ἄνθρωπος
859 3077 896 3142 Ι),
915 3078 932 3128 ό
948 3076 1015 3145 ἀνὴρ
1035 3076 1061 3129 R
1144 3075 1175 3128 12
1194 3077 1289 3145 ἥττητο

222 3147 271 3217 γὰρ
290 3150 362 3201 οἴνου
381 3147 443 3210 AR,
472 3151 510 3202 ὅτι
534 3147 564 3202 δὲ
587 3150 680 3217 ἥττητο
702 3151 775 3203 οἴνου
795 3148 831 3214 D,
859 3147 922 3202 οὐδὲ
944 3147 1092 3216 ἡττώμενος
1115 3149 1180 3200 οίνω
1204 3147 1289 3214 (οἴνου

222 3217 323 3289 wpDi)
337 3219 484 3289 E(wth)‚
504 3219 629 3289 ἀήττητος
642 3219 666 3273 δ’
686 3219 845 3282 (mutatum
866 3235 904 3273 ex
923 3219 983 3288 γὰρ)
1003 3219 1042 3273 ὢν
1060 3219 1125 3286 οἴνῳ
1144 3217 1220 3272 οὐδὲν
1234 3217 1288 3286 Cw,

223 3307 251 3344 v.
269 3290 356 3345 Pseu.
398 3291 468 3356 .54,
488 3290 522 3344 14
532 3307 569 3345 ss.
641 3290 697 3360 τῆς]
717 3299 762 3361 τῆς
781 3291 813 3358 Β,
833 3293 875 3344 ὅτε
893 3298 939 3360 τῆς
957 3290 1006 3349 Bw
1082 3289 1127 3350 τὰς
1146 3291 1288 3358 διοικήσεις

223 3307 396 3431 aspasiae&
512 3362 546 3416 13
564 3362 610 3416 κατ’
629 3378 686 3417 om.
706 3360 825 3432 prDi
940 3369 985 3431 τῆς
1002 3361 1135 3431 βασιλείας
1154 3359 1184 3428 O,
1211 3377 1288 3415 corr.

224 3433 270 3492 Οτι
361 3433 395 3488 14
413 3441 513 3488 κοινῶν
533 3435 619 3489 exitu
637 3449 746 3488 versus
767 3450 822 3488 om.
842 3433 869 3487 D
961 3434 995 3488 17
1014 3433 1159 3502 συμπνίγον
1177 3430 1288 3502 Apr,

223 3520 299 3560 corr.
319 3503 362 3560 Di
450 3504 569 3575 σαμουὴλ
587 3505 615 3558 D

169 3696 294 3751 liaribus
325 3697 453 3767 aliisque
483 3698 662 3752 substitutis.
708 3696 849 3767 Denique
877 3699 1144 3766 gynaeconitidsm
1175 3697 1289 3751 claudit
1299 3694 1334 3746 10

168 3769 367 3838 custodiaque
386 3768 521 3823 adhibita
541 3770 698 3823 anemius
717 3770 855 3838 reginam
878 3769 955 3822 adiri
979 3771 1101 3839 patitur,
1129 3770 1185 3823 nisi
1204 3769 1288 3822 satel-

169 3839 253 3893 litum
267 3841 422 3910 prsesecto
437 3841 635 3909 exposuisset,
654 3840 781 3895 undeet
795 3839 1007 3911 quidvenire-t.
1039 3841 1113 3895 Num
1132 3846 1161 3894 et
1181 3844 1289 3909 suopte

168 3911 309 3981 exemplo
319 3912 492 3966 terrebatur
505 3916 533 3965 st
547 3913 650 3965 fratris
663 3911 786 3965 Ioannis
800 3912 944 3981 spadonis
956 3912 1087 3981 impulsu
1101 3913 1287 3981 potissimum
1300 3909 1330 3962 11

53 3993 56 3996 ’
168 3983 200 4036 id
219 3985 320 4037 facere
346 3983 519 4053 putabatur.
558 3983 615 4046 Qui
640 3982 737 4052 spado
762 3987 828 4037 erat
852 3983 940 4037 homo
960 3988 1069 4037 acutus
1089 3991 1118 4036 et
1140 3998 1218 4049 acer,
1239 3981 1334 4037 ola-12

168 4069 257 4108 τουτο
270 4055 404 4124 ingenio,
423 4055 528 4108 varius
542 4055 691 4109 adversus
705 4069 766 4120 eos,
787 4055 967 4123 quibuscum
981 4053 1102 4123 agebat,
1122 4059 1288 4123 promptus,

168 4125 246 4180 mole
265 4140 407 4180 curarum
428 4132 488 4179 tam
507 4125 685 4192 indefessus,
705 4132 856 4193 utusque
875 4125 954 4179 inter
967 4125 1072 4194 epulas
1091 4139 1192 4192 neque
1211 4125 1290 4178 inter

168 4197 334 4265 potandum
363 4198 447 4260 (vino
476 4198 556 4251 enim
587 4201 652 4252 erat
681 4196 812 4264 deditus)
843 4198 1005 4267 quiequam
1034 4196 1072 4250 de
1103 4195 1289 4265 reipublicae

167 4268 323 4337 gerendas
340 4267 439 4323 studio
459 4269 632 4323 remitteret.
669 4265 714 4321 Αο
733 4270 860 4336 reginus
882 4268 930 4321 his
949 4272 1045 4322 status
1064 4269 1134 4336 fuit3
1162 4265 1289 4320 Michaul
1300 4267 1334 4319 13

168 4355 241 4393 vero
271 4340 473 4392 communium
502 4355 603 4393 rerum
631 4355 706 4393 cura
732 4343 882 4408 suscepta,
912 4354 980 4392 cum
1005 4339 1128 4393 morbus
1154 4339 1220 4392 sius
1247 4338 1289 4392 in·
1300 4337 1334 4391 14

167 4418 371 4481 gravescerst,
399 4427 489 4480 quem
508 4411 559 4465 alii
580 4411 744 4465 vindictam
763 4411 895 4466 numinis
914 4411 1048 4481 periurio
1067 4410 1177 4465 infensi
1200 4411 1289 4464 iuter-
