3050 4775
278 398 412 471 siren.
448 392 702 468 naonsnrr'vs
720 392 851 467 neom
869 394 1138 467 eousranrau.
1234 394 1269 465 ai

147 602 197 680 τῷ
217 596 344 661 πάλλειν
366 594 446 659 κατά
468 618 549 665 τινος
571 592 606 657 τὸ
629 593 775 657 ἀκόντιον
796 594 967 677 προλέγειν,
995 594 1077 657 ὅπου
1104 593 1196 675 βαλεῖ
1217 590 1271 656 τὸν

147 701 307 783 πολέμιον.
354 697 447 769 αἶπος
468 700 570 762 τοίνυν
593 705 639 779 τῴ
662 697 873 779 Κωνσταντίῳ
900 696 980 759 κατὰ
1008 701 1073 759 τῶν
1095 695 1316 777 ὀμοῳύλων33

148 802 414 883 συνεστρατεύετο,
439 802 544 883 ἄρχειν
562 800 689 882 ταχθείς
704 801 826 863 ἱππέων
841 800 909 881 ἴλης
923 799 1048 882 πολλῆς.
1094 798 1113 859 ὁ
1127 796 1316 881 βασιλεὺς34

150 904 186 967 dd
209 904 427 973 Κωυστάιτιος
455 904 604 972 πολλάκις
631 909 695 973 τοῖς
716 900 858 982 Πέρσαις
886 900 1059 983 συμβαλὼν
1080 899 1137 982 τὴν
1159 901 1270 982 ἥττονα

121 1016 138 1069 5
148 1013 267 1089 μοῖραν
290 1005 351 1088 εἶχε
374 1006 427 1069 καί
450 1005 585 1075 πολλοὺς
607 1009 671 1068 τῶν
694 1006 820 1067 οἰκείων
842 1003 987 1086 ἀπέβαλε.
1032 1002 1086 1065 καί
1104 1006 1168 1066 τῶν
1183 1000 1270 1084 Περ-

150 1114 218 1172 σῶν
242 1108 277 1172 δὲ
299 1109 432 1171 πλεῖστοι
455 1109 636 1171 πεπτώκασι
659 1107 712 1169 καί
736 1105 831 1176 αὐτὸς
853 1105 873 1168 ὁ
895 1105 1060 1188 Σαπώρης
1083 1106 1242 1188 ἐτέτρωτο.

245 1209 339 1275 Οὕτω
370 1212 476 1292 μέντοι
507 1214 571 1273 τῶν
603 1210 652 1273 ἐπὶ
682 1208 810 1291 Πέρσας
840 1207 991 1290 πολέμων
1022 1208 1302 1290 συνενεχθέντωνθ

149 1321 196 1395 τῷ
219 1312 341 1396 βασιλεῖ
359 1312 581 1395 Κωνσταντίῳ,
604 1312 724 1394 μαθὼν
747 1318 842 1374 ταῦτα
865 1309 1068 1391 Μαγνέντιος,
1091 1310 1128 1379 ὃς
1151 1310 1187 1373 ἐκ
1209 1332 1270 1373 πα-

148 1414 225 1495 τρὸς
246 1414 305 1495 μὲν
328 1416 489 1497 γεγέννητο
512 1414 700 1497 Βρεττανοῦ,
730 1415 763 1477 ἐν
791 1419 855 1483 τοῖς
883 1413 1081 1495 προτίκτορσι
1108 1408 1137 1475 δ’
1162 1412 1270 1494 ἐστρα-

104 1518 255 1586 lutetiae
283 1515 344 1579 εἶτα
372 1516 426 1579 καί
453 1516 556 1599 κόμης
585 1516 762 1598 ὠνομάσθη
791 1515 959 1596 ταγμάτων
987 1514 1047 1577 δύο
1072 1513 1305 1596 Ῥωμαίκῶν,Β

149 1620 342 1701 τυραννῆσαί
368 1642 399 1681 τε
428 1619 481 1681 καί
508 1596 622 1701 πρῴην
654 1619 822 1699 ἐπιθυμῶν
853 1617 920 1681 τότε
951 1617 1071 1699 μᾶλλον
1102 1617 1194 1681 ἔθετο
1224 1624 1272 1699 τῷ

150 1729 276 1804 σκοπῷ,
305 1722 350 1784 ὅτι
378 1722 552 1803 ἀτυχοῦντα
579 1720 651 1803 περί
677 1720 731 1783 τὸν
754 1719 915 1801 Περσικὸν
936 1718 1076 1801 πόλεμον
1097 1720 1196 1800 ἤκουε
1217 1718 1272 1783 τὸν

150 1824 382 1906 Κωνστάντιον,
412 1823 465 1885 καί
492 1823 652 1904 εὐκαιρίαν
678 1824 781 1905 ἔκρινε
807 1828 973 1905 τηνικαῦτα
1001 1827 1056 1885 τοῦ
1080 1821 1271 1904 ἐπικεχειρη-

150 1928 240 1989 κέναι
261 1932 299 2009 τῇ
321 1926 485 2009 τυραννίδι.
532 1926 585 1989 καί
607 1926 807 2007 πλασάμενος
827 1924 865 1987 τὰ
889 1926 1002 1987 ἑαυτοῦ
1017 1924 1173 2007 ἑορτάζειν
1188 1926 1299 2005 γενέ-2

104 2044 140 2097 15
151 2029 227 2091 θλια
253 2029 286 2092 ἐν
308 2028 542 2111 Αὐγουστούλῳ
569 2034 606 2111 τῇ
633 2027 720 2091 πόλει
748 2027 932 2091 συνεκάλεσε
959 2026 1033 2097 τοὺς
1060 2026 1192 2110 ἐξόχους
1217 2033 1273 2110 τῆς

150 2131 278 2201 πόλεως
305 2136 361 2195 τοῦ
389 2132 566 2213 συμποσίου
599 2130 696 2193 αὐτοῦ
728 2130 994 2212 συμμεθέξοντας,
1026 2128 1099 2198 τοὺς
1129 2128 1188 2211 μὲν
1219 2128 1273 2191 καί

150 2344 168 2398 'I
187 2344 263 2404 ὅπως
282 2342 330 2414 (ὅτι
350 2342 385 2410 Ε)
404 2342 421 2397 ὁ
438 2342 600 2412 Marad-noe
618 2342 749 2412 τυραννίδι
768 2340 968 2412 ἐπικεχείρηκεν
987 2339 1034 2397 cE

207 2555 324 2625 1λίηεικ
342 2553 419 2625 pr
499 2553 719 2608 2κωνσταντίνω
739 2552 771 2622 C,
790 2570 819 2609 V.
838 2570 883 2608 vs,
901 2553 920 2608 4
1004 2553 1022 2608 3
1040 2551 1272 2621 συνεκστρατεάιτο

206 2625 242 2696 D,
264 2642 339 2681 corr.
350 2624 403 2684 Dw
468 2624 487 2679 4
504 2633 694 2686 normannos
708 2629 780 2681 ante
789 2640 927 2681 rasuram
938 2624 970 2693 B,
991 2624 1102 2679 vasa
1167 2624 1185 2678 8
1204 2629 1272 2705 post

204 2697 303 2766 μαθὼν
322 2697 391 2752 add.
412 2695 441 2751 δὲ
460 2697 483 2750 Ε
579 2697 596 2752 9
615 2698 750 2768 γτγίιυητο
768 2697 817 2765 μὲν
836 2698 868 2764 Ε,
886 2697 935 2765 μὲν
954 2698 1075 2766 γεγένητο
1094 2695 1223 2765 prDt,
1242 2711 1270 2749 v.

206 2771 246 2824 ud
266 2769 337 2822 XIII
358 2769 419 2836 1,2
501 2775 571 2824 anie
590 2769 618 2821 ἐν
637 2768 706 2824 add.
726 2769 763 2829 ὡς
783 2769 808 2822 Ε
888 2771 967 2822 inter
986 2777 1038 2828 τοῖς
1057 2771 1088 2823 et
1105 2769 1272 2836 προτίκτορσι

207 2841 276 2895 add.
296 2842 474 2896 asteriscum
494 2839 546 2898 Dw
608 2841 641 2894 13
659 2841 853 2909 ε’πιχειρηκέναι
865 2841 896 2907 E,
916 2839 993 2894 Bab
1007 2840 1066 2894 alia
1078 2853 1173 2892 mann
1187 2853 1272 2902 corr„

206 2913 244 2981 μὴ
263 2913 455 2981 ε’πιχειρηκὲναι
476 2911 511 2980 Ι),
532 2928 607 2966 corr.
628 2911 679 2970 Dw
781 2913 815 2965 15
833 2912 1019 2980 αιήουστοάλω
1036 2912 1041 2978 Ι
1057 2910 1130 2975 Α(Ε)
1151 2917 1181 2965 et
1199 2927 1272 2963 non·

903 2999 932 3043 ςλ

207 3055 281 3110 nulli
300 3055 333 3124 P,
352 3054 519 3122 σύγουστόίω
539 3053 563 3107 Β
582 3059 612 3108 et
630 3053 769 3109 nonnulli
786 3053 818 3122 P,
837 3054 919 3123 αὔγου
940 3053 970 3122 C,
989 3053 1168 3122 αιἠουσιαλίῳ
1187 3052 1271 3122 pr,

207 3127 553 3253 gnmfffiymwmwt
573 3143 601 3180 v.
621 3125 726 3181 Zosim.
747 3126 838 3193 1141,
857 3125 876 3180 4
971 3127 1005 3180 16
1023 3126 1103 3180 αὐτοῦ
1119 3124 1180 3192 ΑΕ,
1199 3125 1272 3193 αὐτῷ

234 3214 281 3268 wI)

153 3408 303 3465 iaculator
322 3409 520 3480 peritissimus
539 3409 589 3476 ita,
608 3411 642 3462 ut
661 3409 685 3462 si
705 3407 842 3462 vIbraret
860 3409 890 3462 in
911 3423 1000 3478 quem
1019 3408 1160 3475 iaculum,
1182 3413 1273 3462 antea

154 3481 277 3548 diceret,
306 3495 367 3551 qua
394 3487 482 3550 parte
510 3482 624 3534 icturus
653 3486 731 3534 esset
759 3480 883 3534 hostem.
920 3479 977 3534 Hic
996 3480 1091 3550 igitur
1110 3495 1177 3533 curn
1198 3478 1273 3534 Con·
1281 3486 1317 3540 33

154 3553 266 3607 stantio
286 3557 391 3607 contra
409 3553 572 3622 populares
591 3566 663 3606 suos
683 3553 839 3620 profectus
858 3555 910 3617 est,
939 3553 1114 3621 praefectus
1136 3553 1271 3619 equiturn

154 3633 273 3678 turmae
293 3639 430 3694 magnae.
469 3623 579 3678 Verum
599 3621 794 3678 Constantius
814 3639 867 3676 rex
888 3637 980 3692 saepe
1000 3637 1066 3676 cum
1084 3622 1185 3676 Persis
1204 3627 1317 3682 con-34

154 3710 278 3766 gressus
297 3696 422 3749 iui'erior
441 3693 604 3749 recedebat
626 3693 727 3748 multis
751 3709 876 3748 suorum
900 3696 1024 3747 amissis.
1062 3692 1162 3762 Atque
1182 3695 1272 3748 etiam

154 3767 316 3821 Persarum
336 3766 455 3836 plurimi
475 3765 658 3833 ceciderunt,
678 3767 743 3834 ipso
763 3763 879 3834 Sapore
899 3764 1067 3818 vulnerato.

243 3837 268 3892 6.
306 3837 352 3892 Ita
371 3842 472 3891 autam
491 3853 559 3891 curn
577 3837 657 3891 bella
672 3837 796 3890 Persica
815 3837 988 3890 evenissent
1007 3838 1074 3906 regi
1088 3836 1271 3904 Constantio,

155 3911 266 3964 certior
285 3909 384 3963 factus
395 3907 596 3978 Magnentius,
617 3909 668 3977 qui
689 3913 777 3978 patre
789 3907 936 3961 Britanno
957 3915 1040 3961 ortus
1059 3910 1137 3962 iuter
1157 3915 1272 3978 protec-

155 3989 236 4036 tores
255 3981 406 4046 militarat,
424 3980 534 4034 deinde
547 3995 647 4034 comes
660 3979 831 4049 appellatus
845 3984 911 4032 orat
924 3978 1053 4032 duarum
1067 3979 1272 4034 Romanarum

155 4053 319 4122 legionum,
339 4067 406 4105 cum
426 4052 486 4104 iarn
505 4051 589 4120 prius
610 4049 779 4120 tyrannidis
799 4055 877 4104 esset
896 4049 1058 4118 studiosus,
1083 4058 1156 4104 tunc
1174 4052 1272 4119 magis

154 4125 246 4178 etiam
275 4123 399 4177 consilio
429 4127 474 4176 eet
502 4123 691 4192 astipulatus,
720 4121 803 4190 quod
828 4137 892 4175 rem
915 4121 994 4176 male
1017 4137 1126 4191 gerere
1149 4121 1271 4175 Persico

154 4195 232 4250 beiio
254 4194 462 4249 Constantium
481 4193 633 4260 audiebat,
654 4194 911 4263 opportunitatem
926 4193 991 4246 dari
1011 4193 1068 4247 sibi
1087 4198 1171 4247 ratus
1185 4207 1272 4246 occu·

155 4266 277 4336 pendae
301 4264 478 4334 tyrannidis.
516 4263 622 4334 itaque
647 4279 702 4334 per
727 4266 857 4334 speciem
886 4264 995 4317 natalis
1023 4265 1069 4318 sui
1099 4261 1299 4326 celebrandi2

154 4337 362 4410 Augustulum
372 4335 653 4408 (Augustodunum)
661 4337 691 4390 in
702 4337 809 4390 urbem
820 4338 1002 4390 convocavit
1013 4337 1159 4407 primores
1170 4337 1272 4390 civita·

155 4411 193 4470 ris
206 4409 247 4466 ad
260 4411 341 4484 ipsas
355 4407 471 4484 epulas,
490 4407 638 4482 quosdam
658 4407 773 4465 consilii
787 4409 833 4466 sui
848 4409 994 4480 conscios,
1013 4409 1174 4465 nonnullos
1187 4410 1272 4482 iguo·
