3050 4775
251 416 306 475 420
556 415 692 476 ZONAR.
713 417 811 475 EPlT.
830 417 898 476 XVI
918 421 943 488 8,
964 418 1077 476 17-30.

251 603 459 685 αὐτοκράτωρ
484 602 645 672 Βοσίλειος
672 602 726 665 καλ
753 602 833 666 κατά
859 607 924 666 τῶν
947 602 1137 684 Μανιχαλων
1166 599 1214 666 ὧν
1246 601 1377 685 ἐξῆρχεν

207 704 271 768 186
285 704 466 788 Χρυσόχειρ
482 704 688 786 καλούμενος,
712 705 766 768 καὶ
781 705 920 787 φρούριά
936 727 1000 767 τινα
1024 704 1195 787 κατασχὼν
1217 704 1270 767 καλ
1293 705 1377 767 λείαν

253 808 365 876 ἐλάσας
389 807 566 890 ἐπεχείρησε
588 807 647 888 μὲν
669 807 876 890 πολιορκῆσαι
898 807 953 870 καλ
974 807 1031 889 τήν
1054 806 1217 889 Τεφρικὴν
1238 806 1295 889 τήν
1317 807 1375 868 αὐ-

251 914 315 972 τῶν
346 909 547 992 μητρόπολιν,
581 908 674 990 γνοὺς
707 909 742 971 δὲ
770 910 884 991 ταύτην
911 909 966 972 καλ
992 909 1199 992 προσεδρείας
1222 909 1376 990 δεομένην

50 1018 242 1076 Pittacum
251 1011 369 1094 πολλῆς
391 1011 445 1072 καὶ
472 1011 575 1080 ἄλλως
604 1012 796 1082 δυσάλωτον,
828 1012 910 1091 όρας
941 1013 1063 1075 ἐκεῖθεν
1095 1011 1201 1095 ἀπῄει·
1235 1011 1290 1075 καί
1320 1011 1403 1073 advo

252 1112 427 1196 Εὐφράτην
449 1113 554 1194 εὑρὼν
571 1113 670 1176 πολὺν
685 1115 806 1196 ῥέοντα,
831 1115 944 1187 ζεύξας
965 1118 1076 1176 τοῦτον
1098 1114 1190 1177 ναυσί
1213 1113 1375 1195 διεπέρασε

251 1215 426 1279 καὶπολλὰ
455 1220 519 1278 τῶν
546 1216 612 1278 ἐκεῖ
635 1216 821 1298 λιμσάμενος
847 1216 900 1278 καλ
928 1215 1067 1298 φρούρια
1095 1216 1177 1278 ἑλῶν
1205 1217 1294 1298 ἔτερα
1322 1215 1375 1278 καί

251 1324 314 1388 τοῖς
336 1318 395 1400 μὲν
418 1322 482 1380 τῶν
497 1318 673 1400 βαρβάρων
689 1319 904 1400 σπεισάμενος,
927 1318 1000 1388 τοὺς
1016 1319 1051 1380 δὲ
1065 1318 1375 1401 προσκεχωρηκότας

252 1421 340 1501 αὐτῷ
364 1419 543 1501 δεξάμενος,
568 1421 610 1487 εἰς
634 1420 688 1501 τήν
711 1425 775 1482 τῶν
797 1422 922 1483 πόλεων
944 1420 1196 1503 προκαθημένην
1225 1421 1374 1503 ἐπανελή-

252 1522 330 1584 λυθε
353 1521 406 1585 καί
431 1521 481 1584 διά
505 1524 604 1604 μέσης
628 1523 845 1604 θριαμβεύσας
867 1529 922 1606 τῆς
948 1523 1073 1592 πόλεως
1099 1523 1143 1592 είς
1171 1523 1208 1585 τά
1235 1523 1374 1604 βασίλεια
1389 1532 1423 1585 10

208 1625 414 1707 θΟέπανῆκεν.
461 1625 480 1686 ό
506 1623 540 1686 δὲ
560 1630 623 1686 τῶν
639 1623 829 1706 Μανιχαίων
843 1621 1049 1704 προεστηκὼς
1064 1620 1084 1682 ὁ
1099 1619 1279 1704 Χρυσόχειρ
1295 1620 1374 1683 κατὰ

208 1737 239 1790 21
253 1732 316 1788 τῶν
331 1725 520 1808 Ῥωμαϊκῶν
543 1727 629 1809 ἐπῄει
652 1731 772 1808 χωρῶν
794 1724 848 1787 καί
871 1723 967 1792 αὐτάς
990 1724 1133 1806 ἐληίζετο.
1179 1724 1290 1786 στέλλει
1313 1725 1374 1786 τοί-

209 1841 309 1893 iicon
332 1829 351 1891 ό
373 1828 517 1912 βασιλεὺς
539 1828 607 1892 κατ’
635 1829 732 1891 αὐτοῦ
761 1827 815 1890 τόν
844 1827 1030 1908 δομέστικον
1056 1831 1120 1890 τῶν
1148 1826 1282 1909 σχολῶν.
1330 1826 1375 1888 ότι

254 1930 289 1991 δὲ
311 1930 356 2013 μή
381 1931 555 2012 ἀξιόχρεων
579 1931 710 2013 ἐπήγετο
734 1931 877 2012 δύναμιν,
901 1928 980 1992 κατά
1004 1928 1161 2012 συστάδην
1184 1929 1272 2010 αὐτῷ
1295 1951 1374 2010 συμ-

209 2045 243 2098 93
253 2032 359 2114 βαλεῖν
382 2033 441 2095 οὐκ
466 2035 567 2114 ἔκρινε
590 2033 663 2096 δεῖν.
710 2033 773 2115 ὅπη
797 2032 832 2094 δὲ
854 2032 1008 2114 παρείκοι,
1031 2037 1095 2101 τοῖς
1118 2031 1215 2093 αὐτοῦ
1239 2031 1374 2112 συμπλε-
1388 2040 1422 2092 15

221 2135 389 2216 Βκόμενος
427 2135 643 2218 σκιδναμένους
680 2136 734 2198 καὶ
771 2136 972 2217 ποιουμένοις
1009 2132 1215 2216 καταδρομάς
1256 2133 1375 2196 ἐκάκου

254 2236 368 2306 αὐτοὺς
394 2238 448 2301 καὶ
475 2238 535 2300 οὐκ
563 2238 667 2307 ἀδεῶς
695 2240 741 2301 εἴα
770 2238 926 2300 ποιεῖσθαι
957 2236 1012 2305 τάς
1044 2235 1206 2317 ἐκδρομὰς
1237 2236 1291 2298 καί
1321 2235 1376 2304 τάς

209 2340 424 2423 ἓλλεηλασίας.
471 2340 520 2403 διὸ
548 2341 601 2404 καὶ
629 2343 668 2424 ἣν
697 2342 758 2423 ήδη
787 2343 892 2423 ἴσχυσε
919 2339 1025 2422 λαβεῖν
1047 2338 1131 2401 λείαν
1153 2338 1172 2401 ό
1195 2337 1375 2421 Χρυσόχειρ

255 2535 284 2588 11
308 2536 381 2594 ὅπως
400 2535 415 2587 ό
433 2536 585 2603 Χρυσόχειρ
603 2536 705 2606 ἡττήθη
724 2534 795 2604 παρὰ
811 2536 954 2603 Ῥωμαίων
972 2533 1017 2588 καί
1036 2534 1156 2603 ἀνῃρέθη
1176 2531 1199 2587 C

309 2728 321 2781 1
343 2727 517 2796 αὐτοκράτωρ
537 2742 594 2781 om.
613 2726 640 2779 D
732 2728 750 2783 3
768 2729 858 2786 άλίσας
879 2725 914 2795 Ι),
935 2742 1009 2781 corr.
1030 2725 1081 2785 Dw
1171 2725 1188 2779 4
1206 2726 1375 2794 προςεδρείας

308 2798 434 2868 prDt',
454 2799 611 2867 πρσςεδρίας
629 2799 689 2865 ΛΕ,
709 2815 737 2853 v.
757 2799 797 2853 ad
818 2796 901 2852 XVII
921 2799 964 2862 23,
983 2800 1019 2851 34
1119 2798 1135 2851 i
1155 2798 1201 2851 καὶ
1222 2804 1293 2850 urite
1315 2796 1378 2864 τοῖς]

308 2870 339 2923 τά
358 2870 394 2940 p*
448 2872 466 2923 8
483 2873 728 2939 προκεχωρηκότας
742 2872 773 2937 i),
791 2871 1035 2938 προκεχωρηκότας
1047 2868 1083 2936 Ι),
1103 2885 1179 2922 corr.
1192 2868 1243 2925 Dw
1297 2868 1315 2921 9
1333 2868 1379 2921 ori-

307 2950 345 3010 τῷ
366 2958 422 2995 om.
442 2943 469 2995 D
543 2943 719 3010 ἐπανελήλυθε
732 2941 859 3011 prDi,
878 2941 1075 3009 ἐπανελήλυθεν
1087 2940 1122 3008 Α,
1142 2957 1170 2995 v,
1184 2940 1224 2993 ad
1237 2938 1310 2992 XIII
1325 2940 1378 3005 1,5

310 3015 345 3067 10
362 3015 475 3083 θριαμβ.
495 3012 539 3067 διὰ
557 3014 639 3081 μέσης
658 3012 731 3081 pr
835 3014 866 3065 ll
886 3013 1049 3081 προεστηκδς
1070 3012 1107 3081 p*
1204 3012 1238 3064 12
1256 3012 1322 3064 έπίει
1342 3010 1377 3077 Ι),

310 3102 386 3139 corr.
400 3084 449 3144 Dw
522 3085 643 3146 ε’λειίζετο
657 3083 692 3151 Ι),
712 3083 852 3142 eoran
925 3084 1012 3137 τοίουν
1032 3081 1097 3153 κ’*μ
1171 3084 1205 3136 13
1223 3083 1378 3150 δομέστιχον

310 3156 346 3227 p*
422 3158 455 3210 14
472 3155 542 3225 μηδὲ
555 3155 582 3209 D
656 3155 689 3209 15
707 3155 824 3224 παρήκοι
838 3154 949 3224 Alitis),
970 3170 1045 3208 corr.
1059 3154 1102 3208 Di
1175 3155 1208 3209 16
1225 3157 1377 3222 ποιουμένοι

309 3230 373 3297 w*p
450 3232 489 3283 λδ.
510 3244 537 3297 1).
557 3228 618 3293 ¹191,
640 3228 653 3281 1
673 3227 746 3296 ε’παγ.
766 3229 783 3279 ό
798 3229 942 3296 χρυσόχειρ
961 3225 985 3278 0

254 3420 414 3491 Agarcnos
439 3424 469 3475 ot
488 3418 689 3483 Moniciraeos,
719 3420 770 3489 qui
796 3418 916 3472 cuidam
936 3415 1117 3473 Chrisochiri
1146 3418 1303 3487 parebunt,
1331 3422 1377 3471 est

210 3496 419 3562 iiiproi'eotus,
448 3496 478 3545 et
501 3490 631 3545 castellis
656 3490 838 3559 quibusdam
868 3492 964 3559 captis
990 3496 1120 3559 actaque
1149 3491 1263 3558 praeda
1285 3490 1376 3543 etiarn

255 3564 443 3633 'Pephricam
470 3578 574 3617 eorum
595 3562 792 3631 metropolim,
822 3562 962 3615 obsidere
984 3563 1097 3629 statuit,
1126 3561 1179 3615 scd
1208 3562 1290 3630 quod
1309 3576 1376 3615 earu

255 3652 322 3690 cunr
342 3637 463 3705 longam
484 3634 671 3689 obsidionem
690 3634 845 3703 postulare
864 3640 927 3686 tum
947 3639 1128 3702 expugnatu
1146 3634 1293 3687 ‹iiiiiciIenr
1310 3648 1376 3687 esso

212 3708 457 3777 iiicognovisset,
485 3706 557 3759 inde
585 3705 733 3771 discessit3
762 3712 825 3758 trun
848 3705 1031 3773 Euphratem
1059 3705 1264 3759 exundantem
1290 3711 1377 3762 uari·

258 3782 312 3833 irus
340 3781 474 3832 iunctum
503 3778 622 3831 transiit
653 3784 683 3829 ct
710 3777 956 3829 circumiacentia
983 3776 1050 3830 loca
1076 3777 1247 3845 populatae,
1276 3780 1376 3834 multis

255 3852 384 3905 castellis
406 3849 598 3919 expugnante,
630 3863 698 3902 curn
724 3848 924 3901 barbarorum
953 3847 1019 3900 aliis
1037 3862 1113 3917 pace
1141 3849 1230 3916 sacta,
1259 3850 1325 3905 aliis
1344 3854 1375 3905 in

256 3922 438 3976 deditionem
463 3921 604 3989 acceptis,
632 3918 747 3988 Cpoiim
776 3933 918 3973 reversus
946 3920 1135 3989 triumphans
1163 3936 1218 3989 per
1245 3922 1375 3977 mediam

210 3994 361 4051 9011rbcnr
391 3994 529 4046 invectus
558 3992 588 4044 in
618 3992 734 4059 regium
763 3990 859 4043 rediit.
902 3990 943 4044 At
970 3990 1178 4059 chrysochire,
1207 3991 1376 4047 Manichae-

210 4068 241 4121 21
256 4079 340 4118 orum
362 4066 506 4133 principe,
526 4062 677 4117 Romanus
697 4063 870 4131 provincius
889 4062 1054 4116 invadente
1077 4068 1108 4116 et
1126 4064 1299 4133 populante,
1320 4082 1374 4119 rex

210 4136 452 4193 cenomanicum
481 4135 652 4189 scholarum
680 4134 784 4197 nrittit;
813 4135 865 4202 qui
893 4135 966 4202 quia
994 4135 1089 4188 iustas
1113 4136 1217 4204 copias
1240 4152 1300 4190 uon
1324 4138 1375 4191 ad·

211 4208 395 4271 seducebat,
424 4209 490 4260 acie
518 4222 586 4259 cum
611 4206 696 4258 hoste
716 4204 940 4259 decernendum
960 4221 1027 4259 esse
1046 4221 1106 4260 uon
1130 4212 1223 4273 ratus,
1250 4208 1302 4262 ubi
1326 4224 1376 4263 res

256 4280 402 4347 terebant,
431 4280 461 4332 in
490 4278 714 4331 incursionibus
738 4276 912 4345 potantibus
934 4277 1147 4331 detrimentum
1171 4280 1321 4333 inserebat
1345 4287 1376 4335 et

211 4354 245 4407 24
256 4351 447 4421 impediebat,
477 4351 637 4418 quominus
665 4350 763 4402 securi
790 4348 971 4417 praedatum
994 4350 1120 4403 exirent.
1159 4349 1261 4413 Quare
1284 4351 1376 4421 Chry·

211 4422 515 4489 assecurationem,
545 4436 635 4491 quom
659 4427 791 4491 ceperat,
820 4420 935 4490 praeda
954 4421 1075 4475 domum
1096 4421 1192 4475 rediit.
1228 4421 1274 4476 Ac
1292 4424 1375 4479 sciro·
