3050 4775
144 473 147 480 ,
234 411 287 468 392
517 409 653 468 ΖΟΝΑΒ.
674 409 772 468 ΕΡῙΤ.
790 409 860 466 XVI
878 409 904 478 2,
923 407 1020 480 31-8,
1038 407 1064 466 Β.

201 596 377 678 Βσκάμνον
408 594 520 677 εῖσέθυ,
553 593 606 658 κα)
632 593 651 658 ὁ
674 592 814 676 σφαγεὺς
840 592 920 657 κατὰ
948 599 1003 677 τῆς
1030 593 1127 657 αιἰτσῦ
1154 589 1288 676 γαστρὸς
1318 587 1354 655 τι)

235 699 327 784 ξίφος
345 699 433 773 ῶθεῖ,
457 697 511 762 καλ
532 703 588 762 τοῦ
604 697 718 780 Βάρθα
742 697 834 779 ξίφος
856 697 1055 778 ἐσκασμένου
1077 695 1131 760 κα)
1157 695 1354 766 ἀνασείοντος

235 802 288 866 καλ
321 801 520 872 ἀπειλοῦντας
550 801 677 884 πλήξειν
703 800 793 882 αὐτῷ
818 799 872 863 τὸν
899 799 1078 877 ἀμυνοῦνισ
1105 805 1152 881 τῷ
1173 799 1353 882 θνήσκονιι.

191 904 254 968 3ῖὸ
277 903 336 986 μὲν
365 902 422 968 οὖν
449 903 633 974 Θεόκτισιος
660 901 799 986 ἀνῄρητο
825 903 934 984 ῶσιιερ
961 903 1091 985 εἴρηται·
1123 901 1204 986 ἡδί
1230 925 1265 984 γε
1295 901 1392 984 iia-D
1405 899 1475 955 1V8

236 1006 311 1079 σιλῖς
334 1007 381 1078 ὡς
403 1009 485 1089 ἔγνω
508 1005 543 1070 τὸ
567 1004 704 1088 γεγονός,
728 1005 860 1088 ἐξέθορε
882 1010 938 1069 τοῦ
960 1004 1111 1087 θαλάμου
1133 1004 1282 1088 γοωμίνη
1302 1001 1383 1067 neit

236 1117 283 1190 τῷ
306 1109 368 1192 υῑιβ
389 1109 616 1192 λσιθορουμίνη
640 1106 763 1190 καὶτῷ
786 1107 944 1190 ὁμαίμονι,
968 1107 1159 1190 ἐπαρωμένη
1178 1129 1211 1171 τε
1225 1105 1279 1170 κα)
1294 1106 1356 1189 ἀμ-

32 1218 119 1274 WIII
127 1219 178 1274 127
192 1217 311 1294 33φσῖν
333 1211 465 1294 τοιούτῳ
488 1211 563 1275 τέλει
585 1209 639 1275 τὸν
661 1211 731 1293 βίον
754 1210 944 1284 ὑπεξελθεῖν.
990 1210 1063 1274 θθὲ
1078 1209 1211 1291 Βάρόας
1233 1210 1356 1274 &nouv-

237 1315 346 1378 άιττων
368 1313 470 1378 κακὸν
485 1321 531 1396 τῷ
546 1320 640 1396 κακῷ
656 1313 710 1378 καί
724 1312 760 1377 τὰ
777 1312 860 1396 πρὸς
880 1312 937 1396 τὴν
955 1314 1072 1377 οἰκείαν
1086 1313 1217 1397 μελέτην
1231 1313 1356 1377 οἰκονο-

236 1417 407 1500 μούμενος,
431 1417 485 1481 καὶ
508 1416 605 1500 αὐτὴν
620 1415 676 1500 τὴν
690 1416 834 1499 βασιλίόα
850 1415 1025 1498 Θεσθώραν
1047 1415 1272 1499 συνεβούλευσε
1292 1419 1357 1478 τῶν

193 1519 423 1604 34ἀνακτόρων
451 1525 651 1603 κατενεγκεῖν.
697 1521 717 1602 ι)
742 1519 777 1583 δὲ
804 1525 928 1583 συνεῖσα
955 1518 991 1584 τὸ
1018 1519 1250 1603 βουλευόμινον
1276 1518 1356 1582 ἀντι·
1369 1523 1403 1578 10

238 1629 344 1706 στῆναι
374 1623 434 1706 οὐχ
466 1623 638 1706 ᾑρειίσαιο,
672 1623 721 1686 ἴνα
753 1621 799 1706 μὴ
832 1621 951 1704 σφαγαὶ
983 1622 1170 1704 ἀνθρώπων
1200 1621 1356 1703 συμβῶσι.

152 1727 507 1809 ΟΒδμεταιιεμηιαμὲνη
532 1725 568 1790 θέ
590 1749 624 1808 γε
647 1723 719 1794 τοὺς
741 1731 796 1808 τῆς
818 1724 946 1809 βουλῆς,
968 1723 1069 1808 “aritio
1085 1725 1171 1807 μέν”
1189 1725 1252 1807 ἔφη
1271 1723 1358 1787 “uin

237 1827 403 1910 βασιλείων
425 1825 598 1910 ἐξίσταμαι·
622 1829 671 1892 ἵνα
695 1827 730 1892 δὲ
751 1827 797 1911 μι)
821 1829 878 1913 ἔχη
901 1829 998 1911 λέγειν
1020 1829 1039 1893 ὁ
1060 1826 1204 1911 βασιλεὺς
1219 1827 1266 1898 ῶς
1281 1825 1357 1891 κενὰ

237 1930 413 2013 θησαυρῶν
435 1929 472 1993 τὰ
496 1937 615 2012 ταμιεῖα
639 1931 753 2014 εὕρηκε
776 1929 814 1994 τὰ
842 1932 991 2014 βασίλεια,
1024 1929 1075 1995 θιὰ
1101 1935 1193 1994 τοῦτο
1219 1929 1294 2011 ὑμῖν
1319 1927 1357 1992 τὰ

193 2041 228 2097 36
238 2033 507 2116 τεθησαυρισμένα
528 2033 659 2116 θηλῶ·”
681 2033 735 2098 καὶ
757 2034 868 2098 αὐτίκα
891 2033 963 2106 τοὺς
985 2034 1097 2117 ταμίας
1119 2033 1213 2097 εἰπεῖν
1235 2032 1357 2097 ἐκέλευε
1369 2035 1403 2090 15

239 2241 255 2294 7
274 2242 311 2294 ὅτι
330 2240 376 2294 καλ
394 2241 410 2309 ι)
428 2241 529 2312 βασιλὶς
551 2241 682 2310 θεοθώρα
701 2249 754 2296 τῶν
773 2243 930 2311 ἀνακτόρων
948 2241 1051 2312 ἀπῆλθε
1071 2243 1222 2310 γνωρίσασα
1241 2247 1294 2300 τοῖς
1312 2247 1358 2309 τῆς

237 2313 336 2382 βουλῆς
354 2313 402 2366 ὅσα
421 2319 470 2381 (γν.
484 2311 531 2382 τὴν
548 2313 691 2383 εἰτιβουλὴν
709 2314 756 2368 κα)
774 2315 823 2368 ὅσα
836 2313 871 2380 Ε)
888 2313 1012 2383 χρήματα
1023 2312 1095 2383 παρὰ
1113 2315 1182 2382 (om.
1195 2312 1230 2379 E)
1248 2321 1302 2372 τοῖς
1314 2332 1357 2368 τα-

237 2385 321 2453 μείοις
339 2383 525 2453 καταλιμπάνει
545 2383 676 2453 (κατέλιπε
696 2383 730 2454 Ε)
752 2383 800 2442 CE

294 2579 308 2632 l
329 2584 401 2632 ante
419 2578 537 2645 σκόμνον
557 2577 625 2632 add.
645 2576 696 2633 ὑπὸ
715 2577 789 2650 pr
872 2578 895 2633 l.
914 2577 931 2632 2
949 2576 1008 2633 κατ’
1026 2577 1108 2633 αὐτοῦ
1123 2577 1128 2645 Ι
1144 2584 1190 2633 τοῦ
1208 2581 1278 2643 (0111.
1298 2576 1357 2647 νιρ)

292 2648 322 2703 τὸ
340 2652 418 2717 ξίφος
437 2649 508 2703 ὠθεῖ
522 2656 567 2719 τῆς
586 2650 696 2719 γαστρὸς
718 2649 791 2721 Ewp
881 2650 898 2705 3
917 2651 1041 2719 θνὴξοντι
1060 2649 1112 2704 Eu
1134 2647 1185 2717 Di,
1204 2650 1358 2705 morienti:

297 2720 348 2776 Wo
367 2720 418 2775 lat.
490 2720 507 2776 6
527 2721 725 2791 λοιθοροθμενσι
745 2721 782 2787 D,
802 2737 880 2777 corr.
891 2721 943 2780 Dw
1014 2722 1100 2775 καίτοι
1141 2761 1148 2787 ,
1167 2720 1214 2776 καλ
1226 2730 1264 2790 to]
1283 2737 1359 2776 corr.

293 2790 346 2849 Dw
446 2798 517 2847 ante
536 2800 574 2861 τῷ
592 2794 635 2861 ὀμ.
656 2808 712 2847 om.
732 2793 778 2847 καῖ
795 2793 819 2847 Ε
920 2793 1102 2857 Ίθιτὲξελθον
1121 2791 1158 2860 Ι),
1177 2808 1254 2848 corr.
1273 2792 1324 2853 Ι),

329 2862 492 2917 ἐπισυνάτιτει
513 2863 540 2917 D
613 2865 630 2919 8
648 2871 728 2919 κακῶ
748 2870 785 2918 τῶ
803 2871 884 2918 κακῶ
903 2864 939 2933 D,
958 2872 1038 2919 κακῶ
1055 2863 1142 2919 κακὸν
1154 2862 1215 2931 Dw,
1233 2871 1313 2919 κακῶ
1332 2862 1361 2918 τι)

294 2934 380 2989 κακὸν
393 2934 417 2989 Ε
481 2936 702 3004 οἱκονομοθμενος
715 2934 776 3004 ΑΕ,
788 2937 979 3004 ιιρσκαθιστῶν
991 2956 1017 2989 ιε
1029 2936 1075 2990 κατ’
1086 2936 1361 3005 πρασικονομαθμενσς

295 3004 391 3076 Bswp‚
409 3008 642 3075 πρακαθισιῶντος
660 3006 706 3062 καί
723 3009 997 3077 ιιροοικονσμσθμενσς
1013 3007 1044 3075 C,
1061 3008 1250 3075 προκαθιστῶν
1268 3028 1296 3061 ιι
1315 3005 1361 3061 καλ

293 3078 506 3147 προβσυλόμενσς
519 3078 555 3143 D,
575 3078 628 3133 sed
646 3078 686 3132 ad
699 3079 817 3147 προκαθ.
836 3082 981 3134 asterisco
1002 3080 1099 3149 posito
1120 3078 1171 3137 Dw
1190 3078 1272 3131 adda
1290 3079 1362 3132 σλκο·

294 3151 456 3218 νομοθμενος
545 3150 562 3203 9
580 3149 661 3219 αὐτὴν
681 3150 740 3217 Dw,
760 3151 831 3204 οὕτω
850 3148 877 3203 D
966 3151 1138 3220 συνεβσθλσσε
1157 3148 1193 3217 Ι),
1213 3165 1290 3205 corr.
1311 3148 1361 3207 Dw

296 3222 328 3275 ll
349 3227 418 3291 post
429 3224 567 3291 συμβῶσιν
580 3221 649 3275 add.
664 3223 798 3290 ὁμογενῶν
812 3220 885 3292 pr
951 3222 985 3275 12
1003 3242 1032 3290 γι
1046 3237 1102 3275 0111.
1116 3221 1188 3290 Ewp
1254 3221 1288 3274 13
1305 3222 1360 3290 ἔχοι

296 3291 320 3347 0
394 3293 428 3346 14
445 3294 591 3362 θησαυρῶν
609 3291 719 3361 AEwp,
738 3293 885 3362 χρημάτων
904 3292 929 3349 0
1017 3291 1046 3345 τὰ
1064 3300 1166 3359 ισμιεῖα
1185 3289 1311 3362 prDi,
1330 3291 1361 3346 τὰ

295 3362 325 3418 ιὰ
342 3372 403 3431 μεῖα
415 3363 450 3431 Α,
470 3380 527 3418 0111.
542 3363 577 3430 Ι),
597 3372 698 3431 ταμιεῖα
711 3363 771 3431 Βτι,
790 3364 822 3419 τὰ
834 3373 926 3433 ταμεῖα
939 3366 1016 3418 coni.
1030 3363 1119 3429 B·W,
1138 3378 1166 3416 v.
1181 3362 1220 3417 ad
1233 3379 1262 3433 p.
1272 3364 1333 3431 418,
1344 3364 1361 3419 ‘I

330 3437 432 3503 ιῦρτικι
450 3434 487 3504 D,
507 3450 583 3489 corr.
603 3435 655 3493 Dw
727 3435 791 3504 ἡμῖν
809 3435 837 3489 Ι)
911 3436 944 3491 15
962 3436 1084 3490 ἐκέλευσε
1103 3433 1175 3504 Ewp

242 3639 351 3687 ventre
379 3634 443 3687 eius
472 3633 585 3701 defigit,
616 3632 716 3685 Barda
742 3647 865 3702 quoque
884 3634 1020 3687 strictum
1050 3648 1152 3687 ensem
1173 3633 1314 3688 vibrante
1332 3637 1362 3687 et

243 3718 348 3759 necem
368 3705 395 3757 ei
414 3705 579 3770 minitante,
600 3706 651 3772 qui
671 3704 811 3758 morienti
830 3704 870 3757 illi
892 3720 980 3773 opem
1000 3708 1100 3758 terret.

198 3772 233 3827 32
333 3774 507 3829 Theoctisto
527 3774 570 3828 ite
589 3776 716 3839 sublato,
737 3776 846 3844 regius
865 3776 1001 3830 facinore
1021 3776 1143 3844 cognito
1163 3775 1281 3829 eiulans
1300 3776 1362 3829 tha-

243 3849 322 3901 lamo
342 3846 472 3912 exsiluit,
503 3848 648 3901 conviciis
676 3845 769 3900 iiliurn
798 3852 829 3900 et
855 3848 979 3900 fratrem
1007 3848 1155 3900 insectatu
1183 3853 1214 3900 et
1241 3847 1363 3915 utrique

198 3916 368 3973 assimilem
388 3918 541 3971 interitum
561 3919 734 3986 imprecata.
773 3916 890 3971 Berdes
919 3934 993 3972 vero
1022 3919 1133 3971 melum
1162 3918 1242 3971 malo
1261 3932 1363 3972 eumu-

244 3991 309 4043 lans
333 3988 421 4043 etad
441 3990 565 4043 consilia
584 4004 640 4043 sue
659 3989 858 4057 exsequenda
878 3990 958 4042 viam
988 4004 1100 4058 perans
1124 3990 1220 4057 ipsein
1241 4002 1363 4058 quoque

199 4058 381 4131 34reginenr
406 4074 423 4113 e
442 4062 528 4129 regia
549 4061 763 4114 removendam
790 4074 856 4113 esse
875 4060 991 4114 suadet.
1029 4060 1096 4124 Quo
1124 4060 1248 4114 consilio
1269 4060 1363 4115 Theo·

245 4133 320 4187 dore
339 4132 492 4185 intellecto
521 4131 560 4183 ad
590 4131 731 4185 vitandas
762 4132 917 4186 hominum
946 4131 1055 4185 caedes
1079 4147 1141 4185 non
1160 4131 1362 4186 resistendum

199 4200 310 4259 3besse
330 4204 447 4257 censuit
471 4202 525 4257 sed
544 4204 689 4257 arcessito
709 4212 834 4256 senatur
860 4202 954 4272 “Ipsa
974 4202 1119 4272 quidenr''
1137 4204 1236 4271 inquit
1253 4203 1363 4273 “regie

245 4275 329 4330 cedo.
367 4272 412 4329 Ne
442 4290 515 4329 vero
535 4288 589 4327 rex
611 4273 712 4327 dicere
732 4275 826 4341 possit
854 4290 887 4327 se
914 4275 1065 4328 thesauris
1092 4288 1192 4328 vacue
1210 4276 1364 4329 invenisse

246 4348 403 4401 conclavia
426 4346 520 4414 regie,
549 4360 587 4399 ea
616 4345 653 4399 de
679 4359 774 4399 eausa
793 4347 955 4414 repositam
976 4347 1137 4415 pecuniam
1165 4346 1254 4401 vobis
1272 4346 1364 4413 signi-

199 4416 330 4478 ostrow
366 4418 400 4475 Et
434 4424 611 4492 quaestores
640 4418 739 4471 statim
760 4418 827 4474 auri
846 4418 1029 4491 argentique
1059 4432 1218 4476 numerum
1247 4420 1363 4475 referre
