3050 4775
265 398 317 452 110
574 399 710 456 zonis.
730 398 830 456 EPIT.
849 399 917 456 XIV
935 397 960 469 4,
980 399 1076 456 3-14.

263 583 442 665 συμπαθεῖν
464 590 502 666 τῇ
525 584 619 665 σαρκὶ
640 590 695 648 τοῦ
718 584 831 665 κυρίου
854 585 908 648 καί
927 585 982 666 τίγν
998 583 1142 667 θεότητα,
1166 585 1284 655 ἐκεῖνος
1299 584 1382 666 ἐλέγ-

231 685 314 759 Οξαι
336 686 442 749 θέλων
457 686 559 750 ἄτοπα
574 686 789 768 λέγοντοςκαὶ
804 687 1010 759 όιόάσκονιας
1024 689 1145 761 ἄπιστα,
1168 686 1384 770 παρεσκεύασέ

262 811 327 851 τινα
356 794 421 852 τῶν
448 790 573 852 οἰκείων
598 789 768 871 παρόντων
794 794 858 853 τῶν
886 791 1019 874 ἀνιέρων
1047 790 1229 854 ἐπισκόπων
1255 789 1384 853 ἐκείνων

236 889 344 972 4ιτρὸς
367 889 424 961 οὖς
445 914 472 953 τι
495 893 583 974 αὐτῷ
606 893 797 974 ἀπαγγεῖλαι.
843 899 898 956 τοῦ
915 893 949 957 δὲ
964 895 1152 976 ποιήσαντος
1166 891 1202 956 τὸ
1218 891 1383 974 ἐπιταχθὲν

237 993 282 1056 bd
300 992 558 1076 Ἀλαμούνόαρος
580 995 813 1077 έοκυθρώπασε
835 995 889 1059 καὶ
911 995 1074 1060 λυπεῖσθαι
1101 995 1265 1078 ύττεκρίθη.
1312 995 1382 1076 ἐρα·
1394 1011 1417 1059 l)
1434 1006 1474 1060 lll
1489 1007 1521 1059 ‘lt

263 1097 371 1178 μένων
395 1096 429 1160 di
450 1102 515 1160 τῶν
537 1097 719 1160 ἐπισκόπων
741 1097 816 1161 ὅτου
840 1098 931 1181 χάριν
953 1100 1139 1181 συγκέχυται
1160 1097 1214 1162 καί
1236 1098 1265 1160 τί
1282 1099 1322 1160 ἂν
1336 1099 1382 1179 εἴη

263 1199 299 1262 τὸ
322 1200 482 1282 ἀγγελθὲν,
507 1200 625 1270 ἐκεῖνος
647 1201 708 1282 ἔφη
733 1200 922 1285 ἀγγελθῆναι
941 1203 1028 1284 αὐτῷ
1043 1201 1097 1266 τὸν
1112 1200 1305 1284 ἀρχόγγελον
1321 1199 1383 1262 θα·

238 1304 326 1366 dvctv
349 1303 486 1386 Μιχαήλ.
531 1307 596 1366 τῶν
619 1303 653 1367 όὲ
676 1304 782 1386 ηιευόῆ
803 1304 859 1387 τὴν
886 1305 1029 1386 ἀγγελίαν
1052 1304 1290 1384 θιατεινομένων
1312 1325 1383 1383 τυγ-

265 1405 378 1487 χόνειν,
410 1404 566 1469 ἀδύνατον
588 1405 649 1488 γὰρ
671 1404 747 1469 εἶναι
770 1406 878 1470 θανεῖν
900 1405 954 1470 τὸν
976 1407 1180 1490 ἀρχάγγελον,
1212 1405 1384 1487 ύιτολαβὼν

265 1509 284 1570 ὁ
306 1507 469 1590 φύλαρχος
492 1507 577 1571 είιιεν
597 1508 650 1570 “ei
669 1506 727 1571 οὖν
749 1509 879 1590 ἅγγελος
902 1511 941 1573 οὐ
956 1510 1097 1593 θνήσκει,
1120 1514 1192 1580 πῶς
1206 1508 1284 1572 καθ’
1301 1509 1384 1590 ὑμᾶς
1398 1518 1429 1571 10

117 1611 285 1692 111111111
309 1609 423 1693 θεότης
445 1611 547 1673 ἔπαθέ
568 1635 600 1674 τε
628 1611 682 1673 καὶ
709 1611 805 1674 ἔθανε
832 1618 870 1695 τῇ
898 1610 991 1694 σαρκί
1020 1612 1233 1694 συγκραθεῖσα
1261 1609 1315 1674 καὶ
1341 1611 1384 1680 είς

192 1717 219 1769 Ι)
240 1713 340 1795 ῖμίαν
367 1713 463 1796 φύσιν
491 1712 776 1789 ἀποτελεσθεῖσα;”
805 1715 925 1786 τούτοις
947 1717 978 1778 οῖ
1000 1715 1163 1780 ἐπίσκοποι
1186 1715 1304 1778 ἐκεῖνον
1326 1713 1384 1795 μὲν

266 1815 454 1897 ἐθαύμασαν
475 1822 530 1899 τῆς
552 1817 721 1887 συνέσεως·
745 1816 834 1880 αύτοί
857 1815 891 1880 δὲ
914 1816 1101 1898 ἀπογνόντες
1119 1816 1167 1886 ὡς
1181 1815 1241 1880 ούκ
1257 1815 1296 1878 όν
1310 1837 1385 1878 ποτε

265 1925 456 2001 μετενεγκεῖν
478 1918 574 1983 αύτόν
597 1919 761 2001 όυνηθεῖεν
783 1919 827 1989 είς
841 1918 897 2001 τὴν
913 1918 1010 1994 όόξαν
1025 1920 1139 2000 αὐτῶν,
1163 1918 1383 2001 ὑπεχώρησαν.

239 2027 257 2078 3
357 2021 430 2085 Τῶν
456 2021 491 2085 ἀὲ
517 2022 716 2103 Βουλγάρων
742 2020 836 2092 αὖθις
862 2021 898 2086 τὸ
921 2020 1090 2104 Ἰλλυρικὸν
1116 2019 1385 2102 καταδραμόντων
1398 2031 1430 2084 15

267 2125 469 2197 ἀντετάξαντο
490 2123 610 2195 τούτοις
630 2124 708 2195 τινὲς
733 2129 799 2186 τῶν
817 2123 985 2205 Ῥωμαίων
1011 2126 1189 2205 ταξιαρχῶν
1215 2119 1293 2204 μετὰ
1321 2126 1385 2184 τῶν

241 2222 320 2289 θύετ’
344 2225 459 2298 αὐτοὺς
480 2227 656 2308 ταγμάτων.
702 2227 832 2290 ἐκείνων
864 2226 898 2290 dt
930 2225 1068 2309 έπῳόαῖς
1096 2225 1305 2308 χρησαμένων
1333 2222 1387 2288 καὶ

268 2329 428 2412 γοητείαις,
461 2329 641 2413 ἡττήθησαν
672 2329 813 2412 αἰσχρῶς
845 2331 875 2394 οί
899 2328 1048 2411 Ῥωμαῖοι
1076 2327 1130 2392 καί
1160 2327 1242 2410 πλὴν
1272 2326 1387 2410 ἀλίγων

272 2548 303 2603 15
321 2550 381 2618 περὶ
399 2556 453 2603 τῶν
472 2552 540 2615 (om.
559 2550 784 2619 Ε1Βουλγάρων,
811 2549 857 2605 καί
875 2552 947 2610 ὅπως
966 2552 1078 2620 ἥττησαν
1097 2548 1156 2611 τούς
1171 2549 1319 2619 Ῥωμαίους
1339 2548 1387 2604 ΟΕ

324 2761 338 2813 1
358 2765 427 2829 post
445 2762 540 2829 κυρίου
559 2760 629 2815 add.
647 2768 757 2829 χριστοῦ
776 2761 861 2829 pr,
882 2775 909 2812 v.
930 2760 998 2815 XIV
1017 2761 1042 2828 3,
1064 2761 1096 2815 17
1178 2760 1195 2813 2
1215 2764 1281 2830 posi
1299 2760 1388 2813 θέλων

323 2830 393 2885 add.
410 2830 505 2891 αὐτούς
523 2828 641 2901 prDi
711 2833 796 2885 ἄτοπα
808 2831 927 2900 λέγοντας
940 2832 986 2886 καί
998 2832 1050 2887 διό.
1063 2832 1167 2901 ἄπιστα]
1188 2832 1234 2885 De
1253 2832 1386 2885 chiasmo

323 2918 351 2955 v.
371 2902 411 2955 ad
429 2901 502 2957 XIII
521 2903 546 2971 2,
565 2904 582 2957 6
680 2902 698 2957 3
715 2903 826 2957 ἐκείνων
845 2903 999 2957 ἐπισκόπων
1020 2904 1044 2957 Ε
1134 2904 1151 2958 5
1169 2904 1308 2957 λυπεῖσθαι
1327 2903 1387 2955 dme-

322 2974 407 3042 κρίθη
419 2973 478 3041 ΑΕ,
497 2975 652 3043 ὑπεκρίνετο
670 2976 840 3042 (ὑπεκρίνατο
851 2974 889 3039 D)
909 2974 952 3028 τόν
969 2975 1134 3042 λυπούμενον
1152 2975 1226 3043 pr
1299 2974 1315 3028 7
1334 2975 1386 3042 ἔφη

322 3046 423 3104 ἐκεῖνος
442 3044 515 3115 pr
590 3047 624 3099 10
642 3046 772 3115 φίλαρχος
791 3044 855 3111 ΑΙ),
875 3060 952 3100 corr.
966 3046 1017 3103 Dw
1089 3054 1152 3115 γοῦν
1170 3046 1194 3099 E
1268 3045 1299 3098 11
1321 3052 1387 3114 post

323 3118 504 3185 συγκραθεῖσα
516 3117 585 3171 edd.
599 3118 645 3172 καὶ
660 3119 823 3187 συγχυθεῖσα
837 3118 910 3187 pr
985 3116 1018 3171 12
1036 3116 1146 3185 ἐκεῖνον]
1166 3116 1234 3170 οίΕ
1308 3116 1341 3169 13
1359 3116 1388 3170 ἀὲ

324 3186 413 3253 ARW,
432 3188 457 3242 θ’
476 3187 618 3258 B⁸(?)p1)i
718 3189 752 3243 15
764 3189 916 3314 ηλαρβάρων
935 3188 958 3241 Ε
1058 3189 1090 3242 16
1109 3192 1259 3256 ταξιαρχῶν
1278 3184 1387 3257 Apr,

324 3259 475 3328 ταξιάρχων
494 3258 544 3328 Di,
563 3276 593 3314 v.
612 3260 652 3313 ad
671 3259 745 3314 XIII
781 3260 806 3327 0,
828 3261 858 3313 ll
934 3260 967 3315 l'I
986 3259 1134 3329 ταγμάτων]
1154 3258 1352 3328 τα1ξιαρχῶνο

271 3475 322 3542 qui
352 3474 563 3543 praesentibus
590 3475 741 3544 episcopIs
764 3474 823 3528 illis
848 3474 984 3544 profanis
1008 3475 1040 3527 in
1065 3490 1169 3528 aurern
1194 3474 1309 3543 ailquid
1334 3474 1389 3529 sibi

243 3539 434 3599 lnnntiaret.
476 3547 533 3609 Qui
562 3561 630 3600 cum
658 3547 774 3600 iussum
803 3546 931 3612 fecisset,
960 3544 1184 3600 Alamunderue
1213 3546 1334 3600 tristitia
1362 3552 1392 3599 ct

244 3612 422 3670 5maestitia
448 3617 589 3671 simulata
614 3617 771 3687 respondit
797 3618 945 3687 episcopis
975 3618 1200 3685 quaerentibus,
1229 3632 1284 3671 cur
1312 3622 1392 3672 esset

272 3688 418 3742 confusus
437 3693 467 3742 et
487 3688 561 3757 quid
580 3693 659 3744 esset
677 3690 857 3755 nuntiatum,
888 3703 921 3742 se
947 3690 1105 3743 certiorem
1131 3704 1197 3743 esse
1220 3690 1334 3743 factum
1354 3688 1392 3742 dc
1446 3744 1450 3752 ,

244 3754 368 3813 dmorte
387 3758 540 3814 Michaelis
560 3760 744 3830 archangeli.
782 3759 907 3827 Quibus,
935 3774 1002 3814 cum
1028 3760 1136 3813 lelsum
1162 3774 1227 3815 esse
1252 3760 1392 3813 nuntium

271 3837 513 3900 perseverarent,
540 3832 622 3901 quod
641 3832 706 3886 lieri
726 3847 788 3885 non
807 3836 917 3901 posset,
939 3835 974 3884 ut
992 3835 1162 3886 moreretur
1180 3830 1391 3899 archangelus,

272 3916 411 3956 sermone
430 3907 559 3972 excepto
578 3904 720 3973 princeps
737 3901 793 3957 “Si
811 3901 928 3973 igitur’'
950 3902 1048 3972 inquit
1070 3902 1223 3971 “angelus
1247 3917 1308 3955 non
1332 3916 1392 3954 mo·

271 3973 356 4039 titur,
377 3989 438 4043 qua
456 3976 575 4029 ratione
593 3988 649 4029 vos
668 3974 822 4028 affirmatis
841 3973 984 4029 deitatem
1003 3978 1033 4029 et
1052 3989 1172 4044 passam
1191 3988 1258 4027 esse
1272 3977 1302 4027 et
1316 3988 1392 4026 mor·

272 4048 356 4098 tuam
376 4060 444 4099 cum
468 4060 560 4100 carne
583 4047 769 4100 commistam
796 4050 826 4099 et
853 4046 884 4099 in
910 4060 1002 4099 unam
1028 4050 1167 4099 naturam
1194 4042 1392 4099 redactam‘?”

246 4113 327 4169 iliis
346 4117 448 4170 verbis
467 4118 609 4187 episcopi,
628 4116 708 4171 illius
726 4116 866 4170 admirati
882 4118 1088 4186 sagacitatem,
1108 4131 1161 4185 spe
1175 4116 1240 4169 eius
1252 4129 1388 4184 unquam

273 4186 453 4242 traducendi
472 4190 502 4242 in
522 4204 609 4243 suam
627 4189 800 4257 opinionem
820 4187 939 4241 ablecta
958 4192 1155 4242 recesserunt.

247 4257 265 4311 8
365 4258 515 4330 Balgaris,
539 4275 608 4315 cum
626 4260 734 4315 iterum
753 4261 786 4313 in
805 4258 957 4327 Illyricum
976 4260 1167 4327 invasissent,
1189 4258 1326 4312 nonnulli
1345 4259 1393 4312 tri·

249 4329 349 4385 ilbuni
369 4330 497 4386 Romani
516 4347 549 4385 se
568 4346 637 4386 cum
658 4330 830 4402 legionibus
854 4330 916 4383 suis
940 4334 1156 4401 opposuerunt,
1184 4329 1238 4385 sed
1259 4329 1393 4397 Romani,

277 4416 344 4455 cum
364 4402 466 4457 hostes
485 4402 625 4457 cantibus
644 4402 770 4474 magicis
792 4402 840 4456 usi
864 4405 964 4457 essent
988 4406 1017 4457 st
1040 4402 1222 4472 praestigiis,
1249 4406 1309 4455 tam
1335 4407 1393 4456 tur·
