3050 4775
243 374 296 433 242
514 370 650 432 ZONAR.
670 368 768 429 EPIT.
788 368 857 429 XIV
875 370 918 441 26,
937 368 1052 441 aa-at,
1070 368 1095 428 5.
1132 374 1137 385 “

242 561 373 645 μήνυτο,
404 558 424 624 ό
450 556 593 642 βασιλεὺς
623 557 823 639 ὑποτοπήσας
851 556 1010 638 συμβῆναί
1035 580 1062 618 τι
1089 554 1267 639 φερόμενον
1293 550 1361 617 κατ’

244 664 350 737 αὐτοῦ,
375 664 540 743 ἐξώρμησε
560 666 614 743 τῆς
632 658 823 732 Βυζαντίόος
845 658 899 721 καί
922 659 985 729 ἕως
999 658 1150 741 Σινώπης
1172 658 1279 721 ἐλθὼν
1301 658 1364 740 όρᾷ

199 766 297 829 23τόν
320 765 429 831 στόλον
452 762 531 827 εὐθὺ
554 770 607 846 τῆς
629 762 754 831 πόλεως
767 761 989 843 πλοῖζόμενον·
1013 762 1123 824 αι’τίκα
1139 761 1241 824 τοίνυν
1257 761 1364 843 γέγονε

199 868 297 933 24καί
331 867 425 937 αὐτὸς
459 865 702 947 ὀπισθόρμητος.
759 870 814 926 τοῦ
850 863 884 926 δὲ
912 863 1100 927 Φιλιππικοῦ
1133 863 1364 946 εὐπλοήσαντος

212 970 296 1035 Οκαί
318 968 615 1051 προκαταλαβόντος
637 966 693 1048 τὴν
715 965 934 1049 μεγαλόπολιν,
958 966 1075 1035 ἐκεῖνος
1090 966 1124 1028 ἐν
1138 972 1185 1047 τῴ
1200 965 1389 1047 Δαματρόϊό

199 1074 414 1156 ἳόἐσκήνωσε.
460 1070 541 1153 πρὸς
570 1071 607 1133 ὃν
635 1069 840 1152 όείρημένος
862 1067 969 1138 Ἠλίας
1000 1068 1183 1137 ἀποσταλείς
1214 1068 1361 1151 ἠδυνήθη

243 1180 344 1237 πεῖσαι
366 1173 401 1237 τὸ
424 1173 501 1255 μετὰ
516 1171 732 1235 Ἰουστινιανοῦ
753 1169 973 1253 στρατιωτικὸν
995 1171 1165 1253 ἀποστῆναι
1188 1170 1285 1233 αὐτοῦ
1308 1171 1362 1233 καὶ

199 1282 439 1360 96προσρυῆναι
465 1274 650 1356 Φιλυιτικῴ.
696 1274 915 1355 καταλειφθείς
942 1274 1046 1337 τοίνυν
1071 1273 1158 1355 παρὰ
1181 1279 1245 1336 τῶν
1268 1280 1398 1355 στρα-Ι)
1413 1279 1455 1334 lIl
1491 1288 1523 1329 ‘t

243 1385 364 1444 τιωτῶν
391 1377 606 1448 Ἰουστινιανός
639 1382 794 1460 χειροῦται
827 1377 881 1439 καί
914 1376 1019 1459 χερσίν
1053 1377 1179 1445 οἰκείαις
1212 1376 1311 1445 εὐθὺς
1343 1376 1361 1438 ό

199 1494 233 1549 27
243 1479 350 1551 Ἠλίας
372 1480 478 1564 ἀφεῖλε
500 1480 556 1563 τὴν
579 1480 675 1543 αὑτοῦ
698 1478 851 1561 κεφαλήν.
897 1479 916 1541 ό
939 1478 974 1542 δὲ
996 1479 1107 1542 τούτου
1134 1484 1208 1549 παῖς
1230 1479 1249 1541 ό
1274 1478 1361 1562 Τιβέ-
1372 1487 1407 1540 10

242 1607 310 1666 ριος
332 1584 409 1665 μετὰ
433 1590 487 1666 τῆς
508 1580 589 1663 πρὸς
611 1580 731 1665 μητρός
752 1583 888 1665 μάμμης
898 1582 1100 1652 Ἀναστασίας
1124 1580 1156 1664 (ἡ
1181 1580 1241 1664 γὰρ
1256 1584 1361 1666 μήτηρ

243 1687 339 1750 αὐτοῦ
367 1684 523 1766 Θεοόώρα
547 1685 632 1767 ἔφθη
656 1683 777 1767 θανεῖν)
805 1693 852 1766 τῷ
879 1685 912 1747 ἒν
935 1684 1129 1767 Βλαχέρναις
1160 1693 1231 1766 ναῷ
1261 1708 1361 1767 προσ-

242 1788 357 1871 φυγὼν
384 1788 485 1851 εῑσὲόυ
508 1786 544 1851 τὸ
566 1788 655 1851 θεῖον
677 1788 900 1869 θυσιαστήριον
922 1786 976 1849 καί
998 1786 1061 1850 ὑπὸ
1083 1786 1140 1869 τὴν
1161 1795 1288 1870 παναγῆ
1310 1812 1360 1870 χε-

242 1892 375 1974 νόμενος
400 1890 566 1971 τράπεζαν,
599 1889 669 1960 ἑνὸς
690 1894 755 1953 τῶν
777 1890 892 1971 ταύτην
913 1888 1091 1971 ἀνεχόντων
1113 1890 1286 1953 στυλίσκων
1309 1890 1359 1954 όε-

152 1994 420 2077 Β28όραχμένσς
448 1992 562 2055 ἱκέτευε
589 1990 635 2074 μὴ
668 1991 784 2055 θανεῖν.
830 1986 896 2053 ἀλλ’
920 1992 951 2055 σί
978 1991 1135 2063 σταλέντες
1163 1992 1206 2062 είς
1235 1993 1360 2075 ζήτησιν
1371 2002 1404 2057 15

241 2098 339 2160 αὐτοῦ
362 2095 578 2170 ἐξελκύσαντες
598 2100 654 2158 τοῦ
670 2094 893 2177 θυσιαστηρίου
908 2092 963 2157 τὸν
977 2093 1075 2157 παῖόα
1089 2094 1232 2177 μαχαίρᾳ
1246 2094 1359 2158 τούτου

241 2197 294 2263 τόν
316 2196 429 2280 λοιμόν
451 2197 498 2268 ὡς
519 2198 722 2281 βοσκήματος
745 2197 900 2279 ἀπέτεμον
922 2196 1061 2279 ἀπηνῶς.

188 2306 231 2373 26
323 2298 408 2385 Ἤδη
445 2300 479 2363 δὲ
512 2306 567 2384 τῆς
599 2300 755 2383 βασιλείας
788 2298 894 2382 τυχὼν
925 2298 944 2361 ό
975 2298 1159 2370 Φιλυτπικὸς
1191 2298 1272 2364 κατὰ
1304 2307 1360 2385 τῆς

241 2405 332 2487 ἕκτης
354 2405 574 2487 οἰκουμενικῆς
596 2403 732 2468 συνόδου
758 2403 926 2486 ὡπλίσατσ,
958 2402 1013 2466 καί
1041 2404 1177 2468 σόνοόσν
1205 2405 1359 2487 ἀθροίσας

241 2599 258 2651 6
276 2597 407 2666 ἀναίρεσις
425 2597 579 2667 (ἀνάρρησις
593 2595 626 2665 C)
643 2597 826 2652 Ἰουστινιανσῦ
844 2597 890 2651 καί
905 2605 950 2651 τοῦ
968 2596 1062 2657 παιδός
1081 2599 1150 2661 (ulmi
1164 2598 1198 2662 E)
1217 2598 1298 2653 αὐτοῦ
1311 2597 1359 2654 ΟΕ

243 2671 276 2723 18
293 2670 411 2738 βασιλεία
432 2669 593 2723 Φιλιππικοῢ
613 2677 658 2723 τοῦ
677 2670 722 2723 καί
741 2668 869 2737 Βαρδόνη
889 2676 921 2733 (τ.
941 2691 967 2723 κ.
983 2670 1070 2737 Βαρό.
1091 2685 1148 2724 om.
1161 2669 1197 2738 Β)
1216 2667 1278 2738 AR,
1295 2671 1359 2724 ὅθεν

240 2740 366 2809 ἀθετῆσαι
385 2740 432 2810 τὴν
450 2741 473 2800 ς’
494 2741 605 2794 σόνοόσν
623 2741 751 2810 προήχθη
772 2740 820 2797 GE

293 2918 460 2987 ἳέξώρμισε
479 2917 515 2984 Ι),
535 2934 612 2973 corr.
632 2917 683 2976 Dw
769 2919 786 2971 3
803 2919 984 2987 πλωϊζόμενον
1003 2917 1059 2971 Dw
1164 2920 1358 2990 ὓκατσλαβόν·

294 3011 337 3049 τος
356 2989 380 3044 Ο
454 2991 470 3045 6
489 2990 564 3059 ηλίας
579 2987 614 3055 Α,
633 2991 707 3060 ἠλίας
720 2988 846 3059 prDt',
866 3007 894 3043 v·
914 2989 954 3043 ad
966 2989 1036 3044 XIV
1090 3032 1097 3058 ‚
1119 2991 1151 3045 17
1223 2991 1240 3045 6
1259 2993 1359 3052 σταλείς

295 3060 412 3131 Ewth'
484 3063 625 3131 ’ίποιῆσαι
642 3061 669 3113 l)
741 3067 813 3116 antu
831 3064 911 3115 ιὀυστ.
932 3061 1001 3115 add.
1020 3070 1067 3116 τοῦ
1086 3063 1158 3133 Ewp
1233 3062 1267 3117 10
1284 3063 1358 3132 ἠλίας

293 3133 403 3203 Apr,
424 3149 452 3187 v.
471 3148 515 3187 vs.
535 3133 552 3186 6
643 3134 674 3187 11
694 3133 785 3201 μόμης
804 3132 866 3199 ED,
886 3148 962 3193 corr.
985 3131 1036 3192 Dw
1118 3134 1152 3188 14
1170 3133 1315 3203 ίνεχόντων
1335 3135 1358 3188 Ε

294 3205 328 3259 16
348 3209 418 3259 ante
437 3212 484 3258 τοῦ
503 3204 572 3258 add.
591 3203 622 3258 ἔκ
642 3203 674 3272 Ε,
694 3220 722 3258 v.
742 3205 782 3258 ad
801 3203 870 3258 XIV
890 3203 932 3273 17,
952 3203 986 3258 lb

240 3377 395 3446 proiectus
414 3389 483 3428 eum
503 3388 602 3443 usque
613 3371 755 3443 Sinopam
767 3375 907 3441 venisset,
928 3375 1012 3429 videt
1022 3375 1148 3430 classem
1166 3377 1274 3432 urbem
1294 3394 1358 3433 var·

134 3450 175 3504 23.
195 3450 291 3504 alsus
317 3447 568 3516 proticiscentem
597 3447 696 3500 atatim
717 3445 810 3514 igitur
837 3452 867 3500 et
895 3447 960 3515 ipsa
988 3462 1084 3500 naves
1102 3451 1260 3503 convertit.
1298 3448 1358 3505 Sed

240 3519 424 3588 Pliilippicus
444 3533 589 3587 prospera
608 3517 807 3586 navigatione
830 3533 905 3571 usus
924 3525 1129 3588 praeoccupat
1148 3535 1176 3572 m
1243 3537 1291 3575 am
1310 3537 1359 3576 ur-

195 3591 316 3656 25bem‚
336 3589 386 3644 illa
405 3594 506 3643 autem
525 3589 556 3642 in
577 3588 723 3657 Damatry
743 3590 856 3642 stativa
874 3589 974 3643 habat.
1011 3588 1059 3643 Ad
1079 3605 1169 3660 quem
1217 3591 1290 3646 eliaa
1308 3593 1359 3648 ille

239 3663 347 3715 missua
365 3660 522 3714 Iustiniani
534 3659 676 3712 militibus
687 3661 844 3728 persuasit,
864 3667 899 3713 ut
909 3659 1028 3715 deserto
1048 3660 1098 3715 illo
1117 3677 1150 3716 se
1168 3663 1208 3716 ad
1218 3663 1359 3735 Philippi·

195 3734 308 3789 260um
319 3731 501 3786 conferrent.
530 3728 828 3800 Iustinianusigitur,
848 3746 917 3785 cum
937 3747 956 3785 a
973 3731 1117 3786 militibus
1128 3733 1266 3789 desertus
1280 3742 1359 3791 esset

240 3811 356 3872 captus,
375 3804 475 3858 statim
495 3803 534 3856 ab
545 3801 632 3855 Helia
652 3803 713 3856 suis
724 3803 865 3856 manibus
876 3803 993 3856 occiana
1004 3810 1049 3856 eat
1059 3805 1159 3874 capite
1169 3804 1358 3862 detruncato.

195 3873 332 3932 almus
357 3879 458 3928 autem
483 3874 548 3927 eius
567 3872 708 3927 Tiberius
734 3888 802 3926 cum
828 3875 899 3928 avia
923 3880 1061 3928 materna
1088 3875 1251 3931 Anastasia
1276 3879 1359 3944 (nam

240 3945 401 4000 Theodora
420 3950 515 3998 mater
534 3945 593 3997 iam
614 3945 742 4010 obierat)
761 3946 793 3997 in
812 3945 956 4015 templum
975 3945 1187 4001 Blachernium
1210 3949 1358 4020 confugit,

240 4032 370 4086 cumque
388 4021 615 4071 sacrosanctum
644 4016 786 4070 sacellum
805 4018 962 4086 ingressus
980 4033 1115 4072 mensam
1137 4021 1356 4075 sanctissimam

239 4089 388 4154 subiisset,
416 4087 566 4157 prehensa
585 4103 647 4140 una
667 4087 826 4141 columella
845 4103 911 4142 eam
931 4089 1075 4142 illiciente
1094 4094 1219 4145 mortem
1244 4099 1289 4146 est
1308 4093 1357 4148 de-

194 4163 229 4216 ‘28
239 4164 388 4231 precatus.
427 4157 485 4214 Sed
499 4159 550 4228 qui
570 4159 609 4212 ad
629 4173 697 4212 aum
709 4160 917 4228 quaerendum
928 4165 1015 4213 erant
1025 4161 1115 4228 misai,
1133 4163 1221 4230 pueri
1239 4179 1256 4218 a
1269 4179 1357 4219 sacro

238 4233 381 4287 abstracti
402 4231 511 4286 collum
529 4235 681 4299 tamquam
702 4230 828 4300 pecudis
847 4229 1010 4285 crudeliter
1028 4239 1233 4289 resecuerunt.

326 4303 370 4356 26.
407 4301 470 4356 Iam
490 4303 603 4372 potitus
622 4317 718 4371 ragno
737 4301 940 4356 anmpmvs
959 4308 1065 4357 contra
1084 4310 1202 4359 sextam
1221 4321 1358 4363 oecume-

239 4375 336 4430 nicam
351 4373 501 4445 synodum
521 4388 605 4428 arma
615 4374 735 4444 pai-avit
746 4373 920 4443 indictaque
934 4374 1051 4444 synodo
1072 4375 1160 4430 homo
1181 4378 1231 4433 ille
1251 4395 1358 4450 vanus,
