3050 4775
403 444 590 507 MANIACIS
608 444 720 509 MORS.
757 442 990 504 TRIVMPHVS.
1205 442 1258 501 623

136 640 183 716 τῷ
204 639 461 717 πρωταγωνιστῇ,
483 641 531 716 τῷ
545 632 697 716 Μανιόκη
717 632 810 720 φημί,
833 636 1001 714 τροποῦται
1023 628 1060 695 τό
1081 634 1146 694 τῶν
1169 630 1256 693 ἐναν-

136 735 212 799 τίων
235 735 455 817 στρατόπεδον,
478 735 513 799 τὸ
537 731 565 799 δ’
590 735 640 798 ἐπὶ
662 742 699 818 τῇ
717 734 755 801 τό
771 735 906 817 ἡμέτερα
924 732 1108 816 διεξαγούση
1124 732 1257 814 προνοίᾳ

138 838 262 920 ἇδρόον
284 840 492 921 ἀπέστραπτο
514 838 551 902 τὰ
580 846 635 921 τῆς
660 837 775 921 μάχης,
808 836 861 900 καὶ
893 838 1021 920 ἥττηντο
1050 836 1080 898 οῖ
1106 836 1176 918 περ)
1204 835 1258 897 τὸν

138 942 316 1024 Μανιόκην.
362 941 410 1013 ὡς
441 939 502 1023 γὰρ
535 942 653 1010 ἐκεῖνος
685 940 783 1011 ἐπιὼν
814 938 869 1008 τὰς
900 939 1001 1012 τάξεις
1028 938 1176 1002 διεκλόνει
1204 936 1303 1009 zia-14

111 1044 303 1127 όφάλογγας
330 1043 384 1107 καῖ
411 1044 458 1115 οῖς
487 1046 527 1107 ἂν
549 1042 714 1126 ἐνεβόησεν
736 1042 835 1112 εὐθὺς
857 1042 1045 1124 ἀνεχάζοντο
1067 1040 1121 1104 καὶ
1144 1041 1162 1105 δ
1186 1064 1258 1104 συν-

138 1146 294 1230 ασπισμὸς
333 1147 477 1228 διελύετο,
522 1148 636 1229 αἴφνης
678 1145 896 1233 πεπληγμένος
934 1144 1051 1227 εὖρόδη
1089 1144 1143 1207 καλ
1179 1144 1258 1227 πλη-

139 1248 198 1331 γὴν
229 1250 364 1332 καιρίαν,
398 1250 433 1322 ἒξ
465 1246 502 1333 ἧς
533 1248 568 1312 τὸ
600 1248 678 1331 αίμα
712 1248 888 1335 καταρρέον
921 1246 1001 1310 πολὺ
1034 1246 1131 1329 ἀχλὺν
1162 1246 1259 1309 αὐτοῦ

139 1352 348 1416 κατεσκέδασε
369 1351 423 1415 καὶ
444 1352 574 1433 πάρεσιν
591 1358 655 1421 τοῖς
674 1351 798 1435 μέλεσιν
820 1350 1005 1432 ἐνεποίησεν,
1028 1349 1109 1413 ὥστε
1131 1349 1185 1414 καλ
1206 1348 1261 1413 τὸν

140 1452 266 1538 χαλινόν
294 1454 464 1519 διεκπεσεῖν
489 1461 544 1538 τῆς
572 1454 676 1538 χειρός
704 1454 813 1541 αὐτοῦ,
845 1453 992 1516 κάκεῖνον
1023 1452 1260 1536 καταβληδῆναι

98 1558 184 1627 1οείς
207 1563 265 1640 γῆν
287 1557 324 1620 ἐκ
346 1564 402 1621 τοῦ
425 1559 533 1639 ἵππου,
556 1563 610 1640 τῆς
625 1557 721 1639 ἕδρας
735 1556 999 1639 όπολιοδήσαντα.
1045 1556 1143 1617 ἔκειτο
1157 1556 1260 1617 τοίνυν
1273 1559 1305 1612 15

142 1661 252 1723 αὐτίκα
275 1660 388 1724 θανὼν
411 1662 474 1733 ἔξω
496 1685 523 1723 τι
545 1666 600 1723 τοῦ
622 1658 807 1742 μεταιχμίου
834 1657 948 1741 βραχύ,
980 1657 1033 1720 καῖ
1056 1658 1087 1720 ol
1108 1656 1261 1740 βασιλικοὶ

142 1762 283 1826 ἐπελθεῖν
304 1764 385 1833 τέως
399 1763 488 1844 αὐτῷ
502 1762 668 1825 ἐδεδίεσαν.
715 1762 762 1830 ὡς
786 1761 814 1824 δ’
840 1762 870 1823 οῖ
892 1761 1012 1824 ἐκείνου
1035 1759 1088 1824 τὸν
1111 1761 1262 1843 σφέτερον
1273 1764 1305 1818 16
1327 1762 1349 1819 O

0 1888 2 1921 ¹
22 1878 63 1932 lV
80 1878 132 1932 162
142 1866 243 1945 ἔγνων
258 1864 399 1948 ἀρχηγὸν
413 1865 557 1939 πεσόντα,
577 1863 670 1946 πτοίᾳ
685 1864 857 1947 ληφθέντες
874 1863 1149 1946 διεσκεδάσθησαν.
1194 1862 1261 1925 τότε
1272 1867 1305 1921 17

141 1974 188 2049 τῷ
210 1968 346 2050 κειμένῳ
369 1967 549 2051 ἐπέδραμον
571 1968 602 2030 αῖ
623 1973 678 2050 τῆς
700 1967 808 2048 ἑτέρας
829 1966 945 2049 μοίρας
967 1967 1021 2029 καὶ
1043 1965 1099 2048 τὴν
1121 1970 1176 2028 τοῦ
1200 1964 1260 2027 δει-

98 2070 230 2138 15λαίου
253 2069 395 2153 κεφαλὴν
418 2069 597 2153 ἐκτεμόντες
618 2076 666 2151 τῴ
688 2074 782 2152 σφῶν
804 2072 1008 2153 προσήγαγον
1031 2074 1203 2151 στρατηγῷ.
1243 2066 1306 2130 618

142 2172 177 2235 δὲ
191 2171 305 2255 ταότην
320 2172 431 2235 αὐτόια
450 2180 497 2254 τῷ
519 2171 728 2255 αὐτοκράτορι
749 2172 911 2255 πέπομφε,
934 2172 1079 2241 κάκεῖνος
1100 2172 1262 2253 μετέωρον

141 2274 255 2358 ταύτην
270 2274 329 2358 ἦρε
343 2273 424 2339 κατὰ
439 2275 474 2338 τό
490 2276 641 2357 θέατρον·
665 2273 727 2337 εἶτα
743 2274 798 2339 καλ
819 2282 874 2338 τοῦ
898 2274 952 2338 τόν
973 2274 1113 2355 πόλεμον
1135 2297 1261 2356 κατωρ-
1273 2280 1306 2335 19

142 2377 285 2441 δωκέναι
317 2376 467 2452 δόξαντος
495 2378 641 2461 ἐκτομίου
669 2376 897 2448 ἐπανελθόντος
922 2376 1000 2461 μετὰ
1028 2384 1082 2460 τῆς
1110 2380 1261 2460 στρατιᾶς,

142 2480 304 2563 θρίαμβος
331 2481 451 2562 γίνεται,
483 2486 539 2544 τοῦ
565 2481 720 2563 βασιλέως
748 2481 781 2544 ἐν
808 2488 854 2563 τῴ
881 2480 963 2563 πρὸς
985 2479 1041 2562 τὴν
1064 2479 1185 2562 ἀγορὰν
1208 2479 1262 2542 έπ-

97 2584 349 2665 ροεστραμμένῳ
379 2585 636 2667 προτεμενίσματι
667 2590 723 2647 τοῦ
751 2585 785 2654 δν
815 2589 852 2667 τῇ
875 2583 991 2666 Χολκῇ
1023 2583 1174 2666 λεγομένη
1206 2587 1262 2645 τοῦ

143 2685 299 2768 Σωτῆρος
326 2691 405 2749 ναοῦ
433 2687 685 2770 προκαθημένου
711 2685 789 2769 μετὰ
816 2686 933 2769 πολλῆς
958 2692 1013 2769 τῆς
1035 2685 1262 2769 λαμπρότητος,

143 2788 344 2869 ἑκατέρωθεν
366 2788 464 2851 αὐτοῦ
486 2788 627 2853 καὶτῶν
648 2789 819 2872 βασιλίδων
842 2789 1107 2872 συγκαθημένων.

197 2941 216 2994 2
235 2946 303 3010 post
321 2943 495 3010 στρατόπεδον
514 2944 692 3003 asteriscum
712 2944 797 3012 ponit
815 2943 865 2998 Wo
878 2942 910 2996 in
930 2942 952 2998 O
1007 2941 1045 3009 τό]
1065 2941 1128 2997 αὐτὸ
1141 2941 1168 2994 D
1224 2941 1264 3004 ἕξ·

197 3014 296 3081 ογοόση
317 3013 344 3065 D
434 3015 654 3082 ddvrs'orpamur
671 3015 698 3068 Ι)
795 3014 947 3082 4μανιάκη
967 3013 995 3066 D
1084 3015 1110 3066 4.
1130 3014 1146 3067 5
1165 3013 1263 3071 ἐκεῖνος

199 3085 330 3153 (punctis
343 3085 493 3152 notatum)
511 3087 656 3153 ἐπληροῦτο
669 3085 713 3145 τὰς
724 3086 831 3153 πράξεις
847 3086 852 3151 Ι
868 3085 895 3138 Ι)
968 3087 985 3139 5
1004 3085 1035 3140 ἂν
1047 3085 1186 3154 ἐνεβόησεν
1198 3082 1262 3150 AD,

198 3155 340 3225 ἀνεβόησεν
359 3157 391 3223 Ε,
410 3157 442 3210 ἂν
459 3157 614 3226 ε’μβοὴσειεν
632 3157 666 3225 R,
685 3157 839 3227 ε’μβοήσειεν
857 3157 921 3226 w*p
1017 3158 1034 3211 'l
1053 3157 1132 3210 αὐτοῦ
1144 3155 1264 3225 ἀχλὺνΕ

198 3227 216 3281 8
233 3227 357 3295 πάρεστιν
376 3227 403 3280 Ι)
477 3228 512 3281 10
529 3235 601 3284 anie
619 3237 668 3297 γῆν
686 3229 755 3282 αδδ.
776 3228 822 3296 τὴν
842 3227 864 3284 O
938 3228 972 3282 13
991 3235 1058 3297 post
1069 3228 1180 3282 πεσόντα
1194 3226 1263 3281 add.

198 3297 244 3352 καί
263 3298 337 3369 pr
422 3297 521 3367 τότε]τ
564 3320 591 3353 τε
610 3299 637 3352 D
729 3301 761 3354 17
782 3307 827 3354 τοῦ
847 3299 946 3355 om.C
1035 3300 1071 3354 20
1089 3307 1135 3353 τοῦ
1155 3313 1211 3353 om.
1231 3297 1264 3362 B,

198 3379 237 3439 τῷ
255 3370 283 3423 Ι)
355 3370 496 3440 λεγομένου
541 3387 588 3441 wp

145 3524 302 3594 profligat3
330 3523 383 3578 sed
399 3524 613 3648 providentiae
636 3530 713 3579 nutu
731 3540 780 3579 res
800 3531 919 3579 nostras
938 3525 1140 3595 gubernantis
1164 3525 1264 3579 subito

147 3602 331 3650 commutata
349 3596 420 3650 beli
440 3597 572 3663 fortuna,
590 3598 656 3651 eius
676 3597 784 3651 milites
803 3597 975 3650 vincuntur.
1012 3595 1088 3650 Nam
1107 3596 1164 3664 illc,
1193 3596 1263 3650 dum
1276 3599 1310 3652 14

146 3668 242 3720 aciem
263 3669 444 3736 obequitans
462 3668 630 3736 phalanges
650 3668 776 3738 dissipat
798 3668 875 3736 etii,
895 3683 971 3737 quos
990 3668 1141 3732 inclamat,
1164 3669 1264 3722 statim

148 3738 295 3795 dissoluta
319 3738 471 3793 testudine
495 3739 615 3806 cedunt,
644 3741 755 3793 vulnus
779 3739 867 3794 letale
891 3741 1000 3808 accipit
1023 3754 1060 3792 ac
1083 3739 1168 3793 mulli
1199 3755 1265 3794 san·

148 3811 250 3879 guinis
279 3811 429 3880 profluvio
459 3811 590 3879 caligine
618 3811 712 3864 oeulis
741 3812 857 3875 oborta,
887 3810 1012 3864 habenis
1037 3825 1130 3863 rnanu
1154 3811 1265 3879 elapsis

149 3881 224 3936 sella
243 3882 416 3936 devolvitur
435 3883 597 3950 statimque
616 3888 754 3936 mortuus
774 3881 905 3936 concidit
923 3897 985 3935 non
999 3882 1091 3950 longe
1111 3897 1129 3934 a
1149 3897 1264 3950 campo,
1275 3885 1309 3938 15

148 3954 179 4006 in
200 3968 261 4021 quo
280 3952 427 4023 proelium
448 3954 699 4008 committebatur.
743 3954 849 4022 Neque
869 3960 969 4007 tamen
989 3953 1065 4022 regii
1089 3954 1173 4023 prius
1196 3967 1265 4006 eum

148 4025 279 4094 aggredi
298 4025 364 4078 ausi
384 4029 462 4090 sunt,
486 4040 578 4093 quam
598 4025 663 4079 eius
684 4025 791 4080 milites
812 4025 896 4079 ducis
915 4025 1039 4078 interitu
1059 4026 1180 4094 cognito
1201 4039 1265 4092 per·
1275 4028 1310 4082 16

150 4097 245 4149 territi
264 4112 300 4150 ac
319 4096 455 4165 dissipati
474 4102 553 4151 sunt.
591 4095 668 4150 Turn
688 4097 807 4151 demum
828 4096 867 4150 ad
888 4098 985 4149 virum
1002 4096 1149 4149 iacentem
1166 4096 1265 4150 hostes
1276 4100 1309 4154 ll

149 4176 348 4222 accurrerunt
367 4173 396 4222 et
410 4169 511 4223 miseri
525 4174 618 4237 caput
630 4175 819 4238 amputatum
833 4183 888 4222 suo
905 4168 974 4221 duci
988 4166 1163 4233 attulerunt,
1183 4168 1265 4235 quod
1276 4172 1310 4224 18

149 4243 198 4296 ille
216 4241 316 4293 statim
336 4238 375 4291 ad
392 4241 606 4309 imperatorem
626 4241 724 4308 mittit,
752 4243 805 4309 qui
824 4238 855 4293 id
873 4241 905 4292 in
924 4240 1043 4293 sublimi
1067 4239 1184 4292 theatro
1204 4253 1265 4292 sus-

149 4310 254 4382 pendit
274 4315 304 4364 et
321 4311 450 4379 spadoni
470 4327 537 4366 cum
558 4313 695 4365 exercitu
714 4312 828 4379 reduci,
847 4316 882 4364 ut
901 4325 933 4365 re
953 4312 1030 4364 bene
1049 4317 1145 4380 gesta,
1165 4311 1263 4364 trium·
1277 4313 1310 4366 19

150 4385 242 4454 phuni
262 4383 405 4450 decernit,
425 4383 533 4452 ipsein
547 4383 697 4437 vestibulo
712 4383 797 4438 aedis
810 4382 980 4438 Sel-valoris
993 4383 1023 4436 in
1038 4381 1147 4436 chalce
1166 4383 1265 4435 forum

149 4460 307 4528 spectante
325 4455 442 4508 medius
460 4457 538 4510 inter
557 4455 680 4525 reginas
700 4470 766 4509 oum
782 4471 894 4525 magna
907 4456 1064 4508 rnaiestatc
1082 4453 1265 4524 praesidens.
