3050 4775
290 455 524 518 SYRACVSAE.
562 457 717 519 BASILIO
737 459 900 521 REGNVM
918 461 1182 523 PRAEDICTVM.
1239 464 1293 522 433

172 643 387 726 ἐκπέπομφεν,
410 644 511 726 ἄνδρα
536 645 748 728 γενναιότατον
766 645 850 729 όμού
866 647 920 711 καλ
934 649 1233 733 στρατηγικώτατον,
1257 651 1294 721 ὃς

172 745 225 808 καλ
247 746 347 809 πολλὰ
369 746 449 810 κατὰ
472 752 537 811 τῶν
553 749 652 830 Ἅγαρ
676 749 819 832 ἐκγόνων
841 751 990 833 ἐστήσατο
1013 751 1157 834 τρόπαια.

255 847 328 912 Ὅτε
357 849 392 912 δὲ
418 856 465 932 τῷ
491 848 685 934 Θεοφιλίτζῃ,
718 851 764 922 ὡς
793 853 918 935 εἴρηται,
952 853 1129 936 ἐξυπηρέτει
1157 851 1249 924 οὗτος
1276 855 1340 921 ό15

172 951 325 1034 βασιλεύς,
358 952 574 1034 συγκατῆλθεν
603 953 713 1036 ἐκείνῳ
743 954 787 1024 είς
815 953 1061 1038 Πελοπόννησον
1088 957 1143 1020 καλ
1170 959 1214 1026 είς
1241 957 1295 1021 τδν

145 1060 226 1116 broli
250 1054 340 1136 ἁγίου
364 1055 540 1118 ἀποστόλου
559 1055 763 1138 Ἀνδρονίκου
787 1057 865 1121 ναδν
887 1058 1013 1140 εἰσῆλθε
1036 1059 1092 1122 σὺν
1118 1067 1165 1142 τῷ
1192 1060 1295 1142 κυρίῳ

172 1156 279 1219 αὐτοῦ.
325 1155 364 1239 ήν
394 1152 422 1220 δ’
452 1158 549 1221 ἐκεῖσε
578 1160 770 1242 προσμένων
796 1160 939 1242 μοναχός
965 1183 1010 1230 τις
1042 1161 1296 1244 ἀντιποιούμενος
1306 1174 1340 1227 16
1353 1170 1504 1228 Pullus

172 1258 293 1342 ἀρετῆς,
326 1260 362 1328 ὃς
391 1265 447 1322 τοῦ
475 1259 534 1342 μὲν
561 1259 745 1344 Θεοφιλίτζη
776 1262 927 1344 οὐδεμίαν
956 1262 1108 1345 φροντίδα
1135 1265 1295 1347 πεποίητο,

31 1367 62 1420 D
77 1360 225 1424 lilerio
249 1361 283 1424 δὲ
308 1361 469 1425 Βασίλειον
492 1363 691 1444 ύεασόμενος
714 1363 768 1426 καί
792 1364 981 1448 ἐξυπανέστη
1004 1365 1058 1428 καί
1080 1367 1297 1450 προσεκύνησε

172 1464 225 1526 καί
252 1464 458 1547 φιλοφρόνως
487 1465 684 1536 ἐδεξιώσατο.
732 1467 809 1548 γυνή
839 1465 875 1528 δέ
901 1490 945 1536 τις
973 1468 1056 1550 χήρα
1084 1468 1118 1530 ἐν
1144 1475 1181 1552 τῇ
1204 1470 1296 1551 χώρᾳ
1308 1484 1340 1538 17

128 1566 272 1650 1οἐκείνγγ
301 1568 497 1650 τυγχάνουσα
528 1569 581 1631 καὶ
607 1573 671 1631 τῶν
695 1569 861 1652 ἐγχωρίων
882 1569 1091 1650 πρωτεύουσα
1114 1570 1243 1653 πλούτῳ
1265 1595 1297 1633 τε

170 1673 396 1754 περιρρεομίνη
419 1672 537 1754 πολλῷ,
571 1673 713 1755 συνήθης
737 1669 817 1735 orion
841 1679 888 1753 τῷ
909 1679 1045 1755 μοναχῴ
1068 1672 1121 1735 καί
1142 1672 1295 1754 μαθοῦσα

169 1771 205 1835 τδ
229 1773 365 1855 γεγονός,
390 1775 611 1857 μετεπέμψατο
634 1780 744 1838 τοῦτον
767 1773 821 1837 καί
844 1776 938 1857 ήρετο
960 1775 1108 1844 πῶςτὸν
1129 1775 1188 1857 μὲν
1215 1773 1295 1839 Θεο-

170 1875 308 1959 φιλίτζην
331 1877 467 1960 ἄρχοντα
490 1884 649 1960 περιφανῆ
672 1877 725 1940 καί
740 1882 805 1946 τοῖς
820 1877 978 1960 βασιλεῦσι
994 1877 1074 1941 κατὰ
1091 1879 1181 1960 γένος
1195 1901 1295 1960 προσ-

170 1979 286 2060 ήκοντα
311 1980 381 2042 οὔτε
403 1981 611 2063 προσρήσεως
636 1981 707 2043 οὔτε
731 1980 909 2052 δεξιώσεώς
931 2003 1013 2050 τινος
1035 1981 1220 2063 κατηξίωαε,
1246 1987 1295 2063 τῴ

125 2091 160 2146 lii
171 2076 200 2143 δ’
224 2082 334 2164 ἐκείνῳ
356 2083 559 2164 ὑπηρετοῦντι
582 2083 635 2146 καί
663 2083 894 2166 προσεφώνησε
921 2083 975 2146 καλ
1002 2089 1092 2166 τιμῆς
1117 2083 1296 2166 μετέδωκεν

170 2185 230 2247 ούκ
254 2183 470 2267 ἀναλογούσης
494 2191 531 2268 τῇ
560 2185 742 2250 καταστάσει
772 2185 878 2257 αὐτοῦ,
911 2185 988 2248 ἀλλὰ
1020 2185 1074 2249 καί
1102 2185 1170 2249 λίαν
1195 2186 1328 2267 ὑπερ-Β

169 2286 346 2370 βαλλούαης
370 2287 476 2370 αὐτήν.
523 2289 626 2362 είκαζε
650 2287 720 2370 γάρ,
744 2288 842 2350 είδυῐα
860 2287 916 2351 τὸν
929 2288 1082 2371 μοναχδν,
1105 2288 1151 2371 μή
1167 2287 1293 2371 ἀλόγως
1303 2298 1338 2351 18

169 2546 186 2599 3
204 2544 263 2615 περὶ
281 2554 326 2617 τῆς
344 2548 477 2615 γυναικός,
497 2546 515 2616 ᾗ
534 2554 659 2616 προεῖπεν
677 2546 693 2599 δ
711 2544 739 2601 ἐν
757 2553 795 2614 τῷ
815 2552 872 2615 ναῷ
887 2552 933 2599 τοῦ
950 2545 1026 2615 ἁγίου
1042 2546 1164 2615 Ἀνδρίου
1175 2545 1292 2614 μοναχδς

168 2618 290 2687 περὶτοῦ
310 2617 451 2672 Βασιλείου
471 2618 509 2677 ὡς
526 2619 673 2689 βασιλεύσει
694 2618 750 2686 (τοῦ
770 2618 873 2687 ἁγίου·
881 2618 1029 2689 βασιλεύσει
1050 2633 1106 2672 om.
1126 2616 1162 2686 E)
1181 2616 1229 2672 ΟΕ

225 2863 238 2915 1
253 2866 324 2917 ante
336 2863 404 2929 δμού
418 2862 487 2916 add.
500 2882 528 2914 τε
541 2862 613 2931 Ewp
675 2860 919 2931 στρατηγικώτατον
928 2858 990 2927 AR,
1003 2858 1227 2928 στρατηγιώτατον
1239 2858 1291 2926 w*,

223 2934 435 3024 ρτρατηγώτατον
449 2933 484 3003 p*
558 2934 575 2987 2
588 2934 655 3023 ηλγαρ
668 2933 788 3001 ἐκγόνων
800 2931 835 3000 Α,
848 2939 893 3001 τής
906 2932 972 3023 ήγαρ
985 2932 1103 2999 ἐκγόνων
1113 2929 1291 3021 EpwwpDi,

223 3001 1290 3146 IIIIIIIJsssaolrffli‘v‘fss'iiffffr‘ll’ssssssfifissffffi‘ifflm',IIIIIIJI

222 3146 436 3215 4πελοπόνησον
456 3149 520 3211 (sie)
540 3147 644 3217 Apr
742 3147 892 3215 ῑιάνδρεόυ
911 3146 985 3215 pr
1074 3146 1138 3199 ναόν
1157 3151 1228 3199 aute
1246 3145 1290 3198 όν-

221 3217 341 3285 dolove
414 3218 588 3287 (ἐπερομένων
605 3218 641 3286 D,
661 3234 737 3272 eorl.
752 3218 803 3275 Dw
876 3218 1084 3287 Ίδεοφιλίτζου
1104 3218 1166 3287 w*p
1186 3218 1290 3269 inVItill

220 3288 274 3343 All
330 3292 347 3343 8
365 3290 524 3359 ὑπεξανέστη
540 3289 666 3360 CDEwp
685 3288 771 3344 Cedr.
785 3288 931 3359 (Seylitz.)
945 3288 973 3341 Il
987 3305 1015 3358 p.
1026 3290 1087 3354 191,
1099 3290 1130 3342 11
1192 3288 1226 3342 13
1242 3291 1289 3358 βα-

221 3362 331 3415 σιλεῦσιν
350 3360 432 3431 Ewp,
452 3378 480 3416 v.
499 3361 539 3416 ad
558 3360 630 3416 XIII
650 3362 710 3430 l,I')
784 3361 818 3415 ll
836 3361 904 3431 αὐτῆ
922 3359 958 3429 D,
977 3360 1044 3430 αὐτῇ
1063 3360 1114 3417 Dw

168 3613 224 3682 piis
244 3612 408 3683 ablegavit,
437 3613 535 3667 virum
564 3612 757 3667 ior·tissimnm
787 3626 823 3665 se
847 3612 890 3665 rei
911 3610 1049 3665 militaris
1068 3610 1289 3680 peritissimum,

168 3686 219 3754 qui
238 3683 399 3754 Agnrenos
419 3700 511 3754 saepe
529 3684 711 3754 profligavit.

258 3754 332 3811 Cum
364 3760 466 3811 autem
496 3755 545 3809 hie
571 3770 627 3808 rex
657 3754 865 3825 Theophilitzi,
901 3760 936 3808 ut
965 3768 1060 3823 supro
1090 3752 1203 3806 dietum
1235 3758 1289 3818 est,
1299 3752 1333 3805 15

168 3829 336 3895 inserviret,
365 3842 429 3881 une
456 3840 523 3881 eum
542 3827 592 3880 illo
611 3829 641 3879 in
661 3825 902 3897 Peloponnesum
922 3824 1079 3879 deseendit
1096 3829 1126 3877 el
1144 3824 1288 3892 templum

168 3898 343 3965 Andronici,
369 3900 465 3953 saneti
485 3897 621 3967 apostoli,
648 3904 693 3952 est
711 3900 876 3967 ingressus,
900 3899 931 3950 in
952 3912 1013 3966 quo
1032 3896 1166 3965 degebat
1184 3895 1332 3949 meua-16

168 3972 242 4025 ellus
261 3970 385 4039 quidem
407 3971 524 4023 virtutis
538 3969 700 4037 studiosus,
720 3971 772 4038 qui
786 3968 985 4037 Theoplrilitzi
1005 3967 1118 4021 nullam
1138 3967 1288 4020 rationem

167 4042 286 4108 hebuit,
314 4042 368 4096 sed
396 4041 507 4095 Basilio
536 4046 697 4111 conspeetu
727 4040 849 4094 honoris
876 4054 970 4093 esum
997 4038 1129 4093 surrexit
1156 4052 1288 4105 eumque

166 4114 326 4167 adorei-um
357 4118 493 4166 amenter
512 4112 640 4181 excepit.
677 4110 785 4165 Mulier
803 4115 904 4164 eutem
926 4110 1075 4180 quaedum
1095 4108 1190 4161 vidue
1208 4108 1331 4164 illmsrl

166 4184 223 4238 loci
243 4185 388 4253 primorie
406 4188 435 4237 et
454 4185 572 4253 maguis
601 4183 710 4252 opibus
738 4182 865 4235 affluens
892 4198 929 4237 eo
956 4182 1078 4249 cognito
1104 4178 1287 4233 monsehum

167 4271 221 4325 pro
246 4256 451 4309 familiaritate
470 4256 644 4309 arcessitum
664 4256 842 4324 interrogat,
870 4269 925 4307 eur
943 4251 1188 4321 Theophilitzem,
1208 4251 1287 4320 prin·

167 4328 192 4380 ei
216 4342 262 4380 em
283 4326 427 4380 illustrem
448 4331 478 4379 et
496 4326 621 4395 regibus
640 4330 812 4395 cognatum,
837 4339 936 4394 neque
954 4322 1086 4391 elloquio
1105 4336 1206 4389 neque
1224 4322 1286 4375 ullo

166 4413 184 4451 o
216 4400 263 4452 elo
283 4398 409 4467 (lignum
428 4396 599 4465 iudicasset,
626 4398 796 4452 ministrum
825 4412 898 4450 vero
926 4397 991 4449 eius
1018 4394 1130 4446 allartus
1158 4399 1238 4446 esset
1256 4398 1286 4446 et

166 4470 258 4539 longe
289 4484 383 4540 supra
417 4468 619 4523 conditionem
649 4470 834 4524 honorasset.
880 4466 970 4532 Nam,
1003 4480 1070 4518 eum
1103 4464 1285 4518 merraehum
1298 4464 1331 4518 18

219 4574 337 4621 Ζοιιατσε
352 4574 465 4631 Ερίισιιιι
479 4572 526 4621 111.
1097 4552 1133 4608 28
