3050 4775
234 414 288 472 522
527 417 665 475 ZONAR.
684 419 782 474 EPIT.
801 420 886 477 XVII
907 423 929 490 l,
951 421 1063 477 11-21.

236 598 332 682 άννην
346 599 418 671 τοὺς
435 600 632 684 Μανιχαίους
648 603 683 666 ἐκ
699 609 753 686 τῆς
769 604 853 688 ἐῴας
867 604 1037 687 μετοικίσαι
1051 604 1133 686 πρὸς
1155 604 1193 666 τὰ
1215 605 1351 686 ἑσπέρια,

192 709 226 764 12
235 701 371 776 πολλοὺς
404 710 441 787 τῇ
476 705 581 768 αὐτῶν
613 715 744 790 μσααρᾷ
777 709 891 790 αίρέαει
923 707 1172 790 ὁιαφθειροντας.
1226 705 1265 772 οὔ
1296 707 1352 790 τὴν

236 806 364 880 ἀξίωσιν
397 807 528 890 πληρῶν
562 811 605 880 εἰς
637 810 882 874 Φιλυιιιοόπολιν
914 813 1069 894 μετήγαγε
1100 809 1135 874 τὸ
1168 811 1257 893 γένος
1288 815 1352 874 τῶν

192 907 433 992 13Μανιχαίιυν.
479 911 499 974 ὁ
526 911 560 976 δὲ
586 913 780 998 πατριάρχης
807 913 1011 987 Πολύευκτος
1042 921 1079 998 τῇ
1110 919 1167 978 τοῦ
1200 915 1353 996 Πιμιακη

236 1012 404 1096 άναρρήσει
427 1014 590 1096 τριάκοντα
614 1015 667 1079 καί
690 1017 780 1080 πέντε
807 1018 930 1100 ἡμέρας
952 1017 1090 1100 ἐπιβιοὺς
1112 1016 1167 1080 τὸν
1188 1017 1259 1099 βίον
1279 1022 1379 1098 μετ-5

236 1114 357 1198 η’λλαξε,
390 1115 444 1179 καί
468 1117 654 1202 ἀντειαήχθη
683 1120 726 1190 είς
752 1118 806 1183 τόν
836 1119 1052 1203 ἀρχιερατικὸν
1074 1119 1195 1202 θρόνον
1217 1125 1271 1201 τῆς
1292 1120 1352 1201 βα-

203 1217 416 1301 Οαιλευαόσης
438 1225 503 1284 τῶν
524 1220 649 1285 πόλεων
671 1222 690 1286 ὁ
712 1222 854 1306 μοναχός
870 1223 1032 1294 Βααίλειας
1053 1221 1352 1306 ὁΣκαμανόρηνός.

192 1327 226 1383 14
329 1319 369 1384 Oi
387 1317 415 1385 θ’
432 1323 468 1386 ἐκ
483 1329 537 1406 τῆς
549 1325 657 1407 Ἅγαρ,
681 1324 725 1407 μὴ
751 1325 881 1390 ἀνεκτὸν
903 1326 1072 1409 ἡγούμενοι
1094 1326 1269 1408 στερεῖσθαι
1289 1328 1355 1388 τῶν

234 1422 360 1488 πόλεων
381 1427 419 1494 ἃς
442 1426 504 1510 ἤδη
532 1426 704 1511 ἀφῄρηντο,
738 1429 944 1513 συνελέγησαν
971 1429 1171 1512 πανταχόθεν
1199 1427 1253 1491 καλ
1280 1451 1353 1492 συν-

235 1528 341 1610 θήκας
367 1527 439 1611 περὶ
465 1528 636 1612 ὁμαιχμίας
658 1531 862 1615 πεποιηκότες
884 1532 938 1595 καλ
959 1538 1025 1604 τοῖς
1046 1531 1278 1615 Καρχηδονίοις
1299 1529 1355 1613 τὴν
1367 1538 1402 1592 10

235 1635 329 1713 σφῶν
363 1631 531 1714 ἡγεμονίαν
564 1633 805 1715 προσνείμαντες
843 1635 1082 1718 ἐξεστράτευσαν
1120 1632 1199 1697 κατὰ
1233 1639 1287 1716 τῆς
1321 1633 1355 1696 ἐν

192 1741 226 1796 15
236 1732 349 1817 Δάφνη
364 1735 549 1818 Ἀντιοχείας
567 1735 620 1798 καλ
642 1736 756 1819 ταύτην
779 1737 995 1820 ἐπολιόρκουν.
1041 1743 1106 1802 τῶν
1122 1733 1150 1800 θ’
1167 1737 1201 1800 ἐν
1215 1743 1253 1820 τῇ
1267 1736 1355 1799 πόλει

235 1837 474 1920 ἀνθισταμένων
505 1838 610 1909 αὐτοῖς
641 1839 863 1922 κραταιότερον
894 1840 1033 1924 ἠγγέλθη
1064 1848 1111 1923 τῷ
1142 1840 1263 1923 βασιλεῖ
1290 1843 1355 1902 τῶν

192 1946 225 2001 16
236 1939 342 2004 ἐθνῶν
364 1941 384 2023 ἡ
408 1940 591 2011 συνέλευσις.
637 1942 656 2006 ὁ
680 1941 714 2006 <ii
735 1943 852 2008 κελεύει
867 1951 913 2026 τῷ
927 1952 1091 2026 στρατηγῷ
1106 1942 1355 2024 Μεσοποταμίας

235 2043 439 2127 ἐπικουρῆσαι
461 2050 525 2115 τοῖς
539 2045 830 2128 πολιορκουμένοις·
853 2047 907 2110 καί
921 2048 1063 2129 πολέμου
1077 2045 1160 2129 πρὸς
1175 2044 1247 2116 τοὺς
1261 2045 1353 2126 Ἀγα-
1366 2051 1400 2106 15

235 2144 351 2228 ρηνσὺς
382 2147 591 2230 συρραγέντος
622 2149 653 2211 σί
683 2148 851 2233 βάρβαροι,
885 2150 985 2214 καίτοι
1018 2148 1242 2213 πολλαπλάσιοι
1271 2146 1354 2230 πρὸς

192 2254 226 2310 17
234 2248 307 2320 τοὺς
326 2248 502 2332 Ῥωμαίους
526 2251 621 2332 ὄντες,
653 2253 818 2334 τρέπονταί
842 2275 874 2315 τε
900 2252 954 2316 καί
976 2251 1162 2317 σκίθνανται.
1209 2252 1240 2314 αλ
1262 2250 1297 2315 όέ
1319 2274 1354 2332 γε

231 2350 311 2422 ‘tior
325 2349 360 2416 τὸ
375 2357 439 2417 τῶν
457 2352 652 2439 Βουλγάριον
667 2353 763 2427 ἔθνος
785 2355 838 2419 καλ
860 2354 916 2437 τὴν
938 2356 1049 2440 χώραν
1072 2354 1178 2419 αὐτῶν
1199 2349 1256 2437 ὑφ’
1280 2353 1354 2417 ἑαυ-

197 2454 307 2528 Βτοὺς
332 2457 536 2541 ποιησάμεναι
563 2456 617 2521 καί
645 2457 718 2528 τοὺς
741 2458 899 2541 ἡγεμόνας
921 2464 977 2523 τοῦ
1000 2459 1116 2529 ἔθνους
1137 2456 1192 2521 τὸν
1215 2456 1356 2541 Βσρίσην

234 2686 251 2741 4
269 2688 330 2755 περί
347 2694 516 2757 πατριαρχάιν
535 2687 584 2744 OE
673 2690 691 2744 8
708 2690 767 2755 περί
786 2696 838 2743 τῶν
853 2689 1003 2757 Ἆγσρηνῶυ
1022 2686 1045 2743 Ο
1138 2687 1171 2740 17
1190 2688 1228 2740 ότι
1246 2687 1275 2740 σί
1287 2688 1356 2745 Ῥῶς

236 2758 301 2827 (ῥώς
329 2758 362 2823 C)
393 2760 599 2828 μετακληθέντες
629 2760 698 2815 κατὰ
728 2767 782 2813 τῶν
808 2760 981 2829 Βουλγάρων,
1012 2759 1058 2813 καί
1085 2756 1181 2818 αὐτοὺς
1211 2778 1356 2826 καταγωνι-

235 2830 350 2898 σάμενοι,
368 2830 520 2885 ἐπανελθεῖν
537 2832 574 2891 εἰς
593 2830 623 2885 τὰ
642 2833 695 2887 ίόια
714 2832 764 2886 οὐκ
784 2832 889 2900 ἤθελον.
920 2832 966 2886 καί
984 2834 1033 2897 (ότι
1047 2830 1214 2900 ολαῆθελον.
1233 2828 1279 2884 καί
1298 2844 1355 2883 om.

234 2902 270 2968 E)
288 2902 348 2972 περί
366 2910 411 2957 τοῦ
429 2904 588 2973 Καλοκυρσῦ
608 2902 655 2959 ΟΕ

290 3098 304 3151 1
325 3106 481 3167 μετοικῆσαι
495 3096 531 3163 D,
551 3111 628 3150 corr.
639 3094 690 3155 Dw
754 3096 772 3150 2
790 3117 812 3150 τ.
825 3096 882 3151 αὐτ.
895 3097 991 3164 αίρίαει
1005 3104 1037 3165 τῇ
1048 3093 1194 3163 μυααρᾷΟ
1260 3093 1277 3146 3
1296 3114 1356 3146 κατ·

288 3170 368 3239 ήγαγι
388 3167 415 3222 Ι)
500 3168 533 3223 10
551 3169 746 3237 Καρχηδονίοις
766 3166 802 3237 p*
820 3168 924 3222 invitis
943 3165 1025 3221 ARw
1098 3166 1131 3219 11
1152 3170 1220 3235 post
1239 3164 1267 3218 ἐν
1285 3163 1356 3218 add.

288 3240 464 3382 ἷηΕξΙζτὶὶνὲρ
552 3239 585 3293 13
603 3240 682 3310 αὐτῆς
700 3238 736 3306 D,
756 3254 833 3294 corr.
853 3238 904 3297 Dw
992 3238 1025 3292 16
1043 3238 1113 3292 καίτι
1133 3236 1160 3289 Ι)
1250 3235 1283 3290 18
1301 3234 1357 3304 ῥὼς

192 3502 226 3557 12
236 3502 358 3560 Oriente
372 3504 403 3558 in
417 3502 608 3560 Occidentem
629 3504 875 3559 transferrentur.
912 3501 1005 3558 Cuius
1024 3501 1183 3571 postulatis
1200 3500 1251 3555 iile
1269 3500 1354 3555 obse·

192 3574 226 3629 13
236 3580 324 3630 cutus
334 3572 579 3629 Manichaeorum
589 3590 688 3645 genus
699 3574 929 3647 Philippopolim
941 3574 1100 3629 transtulit
1133 3572 1173 3626 At-
1182 3570 1355 3642 patriarcha

235 3647 428 3717 Poiyeuctus,
447 3662 515 3700 cum
528 3652 597 3715 post
607 3646 774 3701 Tzimiscae
787 3647 1053 3716 proclamationem
1068 3643 1178 3699 XXXV
1189 3643 1253 3697 dies
1266 3644 1356 3696 vixis·

235 3724 289 3845 ξεί,
313 3718 436 3773 obiitin
457 3718 583 3788 eiusque
602 3717 700 3772 locum
720 3719 865 3773 successit
882 3716 1012 3772 Basilius
1030 3715 1196 3770 monachus
1215 3712 1357 3769 Scaman-

258 3804 357 3845 renus.

192 3860 227 3913 14
324 3860 459 3932 Agareni
485 3876 557 3916 vero
582 3876 642 3916 non
667 3861 827 3917 ferendum
852 3874 919 3915 csse
943 3860 1009 3926 rati,
1037 3859 1063 3913 si
1090 3857 1238 3927 ademptis
1265 3855 1356 3911 modo

236 3932 364 3988 urbibus
383 3932 548 3987 carendum
567 3940 656 4002 esset,
675 3933 881 4001 undecunque
898 3934 1108 3987 convenerunt
1121 3934 1273 3999 pactaque
1287 3926 1357 3982 balii

236 4004 381 4059 societate
401 4003 696 4076 Carthaginiensium
716 4004 810 4058 ductu
833 4010 862 4057 et
886 4002 1029 4071 auspiciis
1047 4000 1248 4067 Antiochiam,
1276 4014 1357 4068 quae

192 4073 227 4128 15
237 4080 283 4131 est
300 4078 388 4130 iuxta
401 4075 568 4146 Daphnem,
590 4076 784 4131 obsederunt.
822 4073 882 4130 Sed
901 4073 973 4127 dum
993 4073 1075 4127 cives
1093 4072 1150 4125 iliis
1169 4072 1357 4126 constantius

193 4145 227 4200 16
237 4148 387 4216 resistunt,
415 4148 553 4217 gentium
575 4148 626 4201 ilia
650 4146 875 4217 conspiratione
901 4145 1025 4215 cognita
1046 4159 1103 4197 rex
1121 4142 1357 4212 Mesopotamiae

237 4219 344 4274 ducem
373 4220 503 4274 obsessis
531 4234 618 4289 opem
649 4220 730 4273 sarra
760 4219 857 4286 iuhet3
888 4216 1003 4287 proelio
1035 4215 1192 4269 commisso
1224 4214 1356 4278 barbari,

237 4290 376 4360 quamvis
404 4306 529 4345 numero
558 4291 651 4345 multo
677 4291 857 4359 superiores,
884 4304 903 4342 a
925 4287 1068 4341 Romanis
1094 4286 1248 4357 profligati
1274 4284 1357 4338 dissi-

194 4361 227 4417 17
238 4366 357 4431 pantur.
395 4360 534 4417 Ceterum
555 4362 650 4429 Russi,
680 4360 883 4431 Bulgarorum
907 4360 1031 4413 natione
1055 4362 1084 4412 et
1108 4358 1266 4427 provincia
1288 4354 1377 4410 sub-⁹

238 4438 314 4505 acta,
334 4448 397 4487 una
416 4448 483 4489 cum
504 4434 632 4490 ducibus
651 4432 756 4491 Bor-ise
775 4448 812 4488 ac
825 4431 971 4499 Romano,
990 4429 1074 4485 obiiti
1091 4429 1210 4502 patriae
1228 4427 1288 4483 illic
1306 4427 1357 4483 iru-
