3050 4775
150 379 302 437 PERSAE
315 381 626 439 PROFLIGANTVR.
665 382 883 453 CHAGANVS,
897 384 1060 440 AVARVM
1073 386 1164 441 DVX.
1220 388 1269 442 181

150 563 258 626 κλινον
273 564 360 645 παρὰ
377 564 541 629 ,Ἰουστίνου
560 566 739 649 δομηύέντα
763 568 1068 650 προσεπεκόσμησεν.
1114 568 1271 651 Εὐτυχίου
1282 576 1316 631 15

152 666 188 729 δὲ
217 672 273 729 τοῦ
300 669 495 751 πατριάρχου
524 668 574 733 ἐπὶ
601 671 753 752 τέσσαρας
782 671 941 742 ένιαιποὺς
972 672 1007 734 τὸ
1040 674 1186 755 δεύτερον
1217 673 1272 736 τὸν

151 768 275 851 δρόνον
288 776 343 853 τῆς
358 770 551 846 Βυζαντίδος
568 774 788 854 κοσμήσαντος
810 774 864 836 καλ
887 774 1110 848 ἐκλελοιπότος,
1133 798 1270 858 χειροτο-

152 878 245 935 νεῖται
270 874 464 957 πατριάρχης
487 875 635 946 διάκονος
657 883 711 959 τῆς
733 877 871 960 μεγάλης
893 878 1059 961 ἐκκλησίας
1083 877 1230 961 Ἰωάννης
1253 879 1271 941 ό

122 975 328 1058 ὃνηστευτής,
352 975 433 1059 ἀνήρ
449 978 623 1059 ἱερώτατος.
669 978 742 1049 τοὺς
766 976 794 1043 δ’
817 981 859 1050 εἷς
880 979 937 1062 τήν
960 981 1103 1062 βασιλίδα
1125 985 1190 1044 τῶν
1211 980 1270 1043 πό-
1282 987 1315 1041 16

153 1077 236 1141 λεων
258 1078 459 1161 εἰσαχθέντος
482 1080 705 1162 δορυαλώτους
728 1082 858 1164 Πέρσας
884 1084 1024 1153 ἅπαντας
1051 1084 1272 1167 μεταμφιάσας

153 1178 173 1241 ὁ
201 1179 344 1263 βασιλεὺς
370 1182 620 1264 μεγαλοπρεπῶς
649 1184 691 1252 εἰς
718 1184 754 1246 τά
788 1184 886 1247 οἰκεῖα
918 1186 1042 1268 ἀφῆκεν
1074 1185 1304 1249 ἒπανελδεῖν·Β

153 1285 211 1353 οὓς
233 1283 421 1355 ἀνελπίστως
445 1286 476 1348 ολ
496 1285 709 1367 προσήκοντες
727 1286 919 1368 θεασάμενοι
933 1288 1202 1370 ύπερεδαύμασαν
1217 1288 1271 1351 καὶ
1282 1295 1314 1348 17

10 1386 193 1449 1111129οδό
217 1387 356 1451 ἐπαίνων
377 1387 431 1451 τὸν
454 1390 581 1472 βασιλέα
609 1390 785 1473 πεποίηντο.
831 1390 881 1452 ἐπί
903 1390 1015 1453 τούτου
1038 1396 1094 1453 τοῦ
1115 1391 1271 1474 βασιλέως
1281 1398 1315 1451 18

106 1488 171 1554 106
197 1488 349 1572 Χαγάνος
377 1491 396 1554 ό
421 1496 486 1555 τῶν
508 1490 652 1575 Ἀβάρων
679 1492 819 1575 ἀρχηγὸς
845 1493 981 1575 ᾐτήσατο
1010 1492 1156 1577 σταλῆναι
1183 1494 1271 1576 αὐτῷ

151 1590 354 1675 οἰκοδόμους,
378 1594 427 1657 ἵνα
451 1596 539 1677 αὐτῷ
563 1595 764 1677 δομήσωνται
786 1595 921 1676 λοετρόν.
968 1596 1141 1660 σταλέντων
1164 1596 1199 1659 δὲ
1220 1598 1314 1678 γέ-19

150 1716 258 1775 φυραν
280 1694 367 1777 παρὰ
390 1695 444 1759 τόν
460 1696 617 1779 Δάνουβιν
635 1697 838 1780 ᾠκοδόμησε,
862 1698 1053 1780 βιασάμενος
1074 1696 1156 1780 πρὸς
1178 1704 1269 1761 τοῦτο

150 1797 276 1878 αύτούς,
300 1798 349 1861 ἵνα
374 1794 412 1862 δι’
436 1799 532 1882 αὐτῆς
554 1799 683 1870 ἀπόνως
700 1801 929 1884 περαιούμενος
943 1800 1000 1883 τήν
1015 1800 1079 1864 ὗπδ
1094 1800 1271 1883 Ῥωμαίους

150 1899 296 1983 ληίζηται.
342 1902 377 1974 ἐξ
398 1902 537 1966 ἐθνικῶν
561 1903 595 1966 δὲ
617 1902 741 1986 πλῆθος
765 1904 804 1973 ές-
819 1903 960 1987 χιλιάδας
982 1904 1109 1968 δώδεκα
1128 1904 1315 1967 curtato-20

151 2113 164 2164 1
183 2112 244 2180 περὶ
260 2113 424 2182 πατριάρχου
437 2114 461 2168 Ε
532 2114 550 2169 9
567 2115 627 2183 περὶ
639 2114 763 2184 Χαγάνου
778 2116 809 2182 Ε,
828 2116 888 2184 περὶ
900 2116 1025 2185 Χαχάνσυ
1037 2118 1076 2171 ότι
1089 2116 1189 2176 σταλεὶς
1202 2117 1269 2171 κατὰ

148 2186 264 2251 Περσῶν
282 2186 298 2239 ό
315 2187 468 2255 Μαυρίκιος
487 2186 533 2242 καὶ
556 2186 699 2256 συμβαλὼν
721 2188 811 2247 αὐτοῖς
831 2188 937 2257 ένίκησε
955 2188 1000 2242 κατ’
1019 2188 1137 2259 γαμβρός
1156 2196 1202 2243 τοῦ
1218 2191 1267 2258 βα-

145 2256 465 2398 ffiffiffiffiaff’mffl
483 2258 609 2327 ἐνίκησαν
627 2257 687 2318 τοὺς
705 2259 813 2327 Πέρσας
831 2261 860 2312 σί
872 2261 1000 2328 Ῥωμαῖοι
1019 2260 1065 2315 καί
1084 2260 1203 2328 γαμβρός
1221 2268 1268 2314 τοῦ

202 2541 220 2594 3
238 2542 392 2610 βυζαντίόσς
410 2540 520 2610 Apr,
539 2541 672 2610 βασιλίδος
691 2540 713 2596 C
811 2541 990 2601 έκλελειιτότος
1009 2541 1072 2611 w*p
1091 2542 1195 2596 invitis
1214 2541 1268 2597 AR

202 2612 219 2665 6
238 2612 366 2680 ἀχθέντας
384 2612 457 2682 pr
529 2613 708 2680 δοριαλώτους
727 2611 777 2680 Di,
797 2628 824 2666 v.
845 2614 883 2666 ad
903 2613 976 2668 XIII
994 2613 1020 2679 8,
1039 2613 1057 2667 3
1134 2615 1152 2666 8
1170 2615 1267 2682 δεησό-

201 2704 276 2750 μενοι
296 2683 323 2737 D
405 2684 440 2738 10
458 2690 525 2753 poet
544 2685 560 2737 ὁ
579 2686 663 2754 priua
683 2685 751 2738 add.
769 2685 856 2752 μέντοι
876 2684 900 2738 0
985 2684 1145 2739 calterum
1167 2701 1223 2739 om.
1243 2685 1266 2738 B

237 2755 384 2824 βαρβάρων
403 2755 439 2823 D,
459 2771 535 2810 corr.
555 2754 615 2818 Dav,
634 2772 662 2809 v.
683 2755 722 2808 ad
742 2755 812 2809 XIV
832 2757 874 2823 13,
895 2757 929 2809 14
1012 2756 1127 2825 ήτήσατο
1145 2757 1267 2825 σταλῆναι

202 2823 335 2896 AOEwp),
354 2827 453 2886 στείλας
464 2827 579 2896 ᾐτήσατο
592 2827 635 2881 τόν
647 2828 760 2896 τιβέριον
773 2828 895 2896 σταλῆναι
915 2826 939 2881 Ο
1013 2829 1045 2880 11
1064 2827 1137 2896 αὐτῷ
1156 2827 1266 2898 AEwp,

202 2900 231 2951 σί
247 2897 353 2964 0,1θ(1
373 2913 411 2952 cx
430 2900 458 2950 οἷ’
474 2899 641 2966 δομήσιονται
662 2900 692 2952 in
711 2898 738 2952 D
758 2904 907 2952 mutatum
926 2899 1155 2968 οίκοδομήσωνται

204 2969 239 3022 12
257 2969 396 3040 δάννουβιν
415 2968 467 3022 BD
541 2970 582 3023 12.
604 2971 636 3024 13
654 2971 720 3039 πρὸς
739 2979 815 3023 τοῦτο
834 2969 928 3029 αὐτούς
946 2967 1057 3038 ΑΕυτρ,
1075 2971 1135 3030 τοὺς
1153 2974 1267 3038 τεχνίτας

201 3040 269 3108 πρός
288 3040 336 3110 τὴν
355 3041 475 3109 τοιαύτης
496 3041 600 3110 (ταύτης
619 3041 683 3107 BD)
702 3041 849 3110 οἰκοδομὴν
868 3040 893 3096 Ο
982 3041 1014 3094 13
1032 3043 1138 3101 ἀπόνως
1157 3040 1266 3111 Asswp,

201 3112 326 3179 εὐμαρῶς
343 3111 376 3176 R,
394 3112 481 3171 ἀδεῶς
500 3112 527 3165 D
631 3113 666 3166 14
683 3113 794 3167 έδνικοῦ
813 3111 836 3165 Β
942 3112 1060 3178 δώδεκα]
1078 3114 1267 3167 πεντεκαίδεκα

203 3183 338 3251 Theoph.
358 3183 372 3237 I
391 3199 418 3253 p.
432 3183 537 3250 251,λὸ
556 3183 705 3247 (Anastas.
725 3185 885 3253 chronogr.
906 3185 973 3253 trip.
992 3183 1159 3253 ρ.11>4,18),
1180 3183 1266 3238 Cedr.

202 3254 216 3308 I
236 3269 264 3324 p.
278 3254 338 3320 690,
354 3254 399 3323 14;
420 3256 536 3325 cogitat
554 3256 648 3325 igitur
666 3253 867 3310 Sauerbreiue
885 3255 903 3309 l.
924 3271 948 3308 c.
968 3272 996 3325 p.
1015 3254 1050 3309 55
1070 3255 1108 3311 de
1126 3257 1200 3310 vitio
1220 3271 1267 3310 co·

203 3325 305 3380 dicum
324 3325 475 3395 Zonarae3
496 3327 550 3381 sed
570 3343 598 3380 ν.
617 3327 701 3382 B·W
716 3332 875 3382 comment.
894 3326 1040 3383 Fleckeio.
1060 3343 1088 3397 p.
1108 3325 1160 3381 148
1169 3342 1207 3382 ss.

147 3540 179 3590 ot
197 3551 304 3591 senum
323 3537 524 3606 receptacula,
544 3541 574 3592 ot
593 3550 720 3591 aureum
737 3537 898 3591 triclinium
919 3538 958 3591 ab
977 3536 1092 3592 iustino
1112 3537 1265 3591 conditum

147 3609 238 3662 novis
257 3609 344 3661 auxit
363 3609 555 3662 ornamentia.
593 3608 740 3677 Eutychio
770 3609 951 3677 patriarcha,
980 3624 1048 3663 cum
1067 3607 1265 3677 Byzantinam
1277 3605 1311 3659 15

148 3679 252 3734 sedem
266 3693 321 3749 per
333 3679 374 3734 IV
387 3695 483 3733 annos
496 3679 663 3733 secrradum
677 3685 823 3747 ornasset,
844 3686 972 3746 mortuo,
992 3679 1166 3749 patriarcha
1184 3679 1266 3749 eligi-

148 3755 198 3804 tur
216 3765 349 3821 magnae
360 3751 506 3805 ecciesiae
516 3750 662 3805 diaconus
673 3750 804 3805 ioannes
816 3752 975 3820 ieiunatur,
994 3753 1041 3804 vir
1051 3752 1265 3804 sanctissimae.

148 3821 257 3876 Persas
277 3823 414 3891 captivos
432 3823 463 3874 in
483 3823 598 3892 regiam
618 3822 724 3876 urbem
736 3822 899 3892 perductos
918 3838 972 3876 rex
993 3837 1096 3876 omnes
1106 3823 1266 3891 magnifice
1277 3819 1311 3872 16

148 3893 275 3948 vestitos
295 3892 416 3947 domum
435 3893 535 3946 redire
552 3893 635 3958 sivit3
655 3909 731 3963 quos
750 3895 884 3963 ipsorum
906 3895 1028 3962 cognati
1049 3899 1169 3963 praeter
1182 3908 1266 3962 spem
1279 3890 1311 3944 11

149 3964 315 4034 conspicati
334 3979 383 4017 ma
429 3979 448 4017 a
467 3964 748 4018 cumadmiratione
768 3979 871 4033 regem
886 3964 1106 4019 collaudarunt.
1126 3962 1266 4018 Ceterum
1277 3962 1311 4015 18

149 4036 205 4089 sub
226 4050 261 4090 eo
282 4034 389 4159 τεηεΟ
412 4049 540 4105 aganus,
560 4034 695 4089 Avarum
716 4035 788 4103 dux,
809 4037 902 4105 potiit,
921 4040 956 4090 ut
975 4037 1053 4089 fabri
1066 4037 1264 4098 mitterentur,

149 4108 199 4176 qui
214 4107 271 4160 sibi
282 4107 321 4160 ba
333 4121 424 4161 neum
435 4107 638 4161 aedificarent.
658 4106 698 4160 iis
708 4108 806 4161 miscis
818 4113 939 4177 pontem
954 4109 985 4160 iu
996 4107 1138 4160 Danubio
1149 4112 1266 4160 struere
1278 4104 1311 4156 19

149 4178 250 4247 coegit
279 4177 411 4247 opifices,
444 4183 478 4231 ut
505 4179 617 4232 flumen
646 4179 711 4233 sine
736 4179 872 4248 periculo
901 4179 1031 4232 traicere
1057 4182 1087 4231 ct
1114 4176 1266 4231 Romanas

148 4249 322 4318 provinciae
333 4247 471 4318 populari
482 4254 591 4319 posset.
615 4249 783 4319 Imperator
793 4255 895 4304 autem
906 4250 1072 4303 exercitum
1083 4248 1141 4302 XII
1152 4247 1266 4302 milium
1276 4246 1312 4299 20

149 4320 341 4375 robustorum
370 4321 515 4376 iuvenum
545 4337 583 4374 ex
604 4321 746 4390 gentibus
767 4322 876 4390 coegit,
896 4335 984 4389 quem
1005 4335 1044 4374 ex
1070 4334 1125 4373 suo
1144 4321 1266 4372 nominc

148 4393 278 4460 vocavit,
303 4397 333 4446 ct
352 4391 506 4460 Mauricio,
526 4393 634 4446 comite
654 4392 889 4460 foederatorum,
909 4391 965 4445 illis
985 4391 1157 4460 praeposito
1178 4391 1266 4458 eique
