3050 4775
257 406 312 461 5³2
551 405 689 463 ZONAR.
707 406 806 461 EPIT.
825 406 909 461 XVII
931 406 972 474 13,
990 404 1087 461 5-20.

232 583 325 651 auu!
349 586 440 671 ἧττον
463 588 542 672 αὐτῇ
564 589 705 673 προσῄει.
751 588 791 672 ἠν
815 588 874 671 γὰρ
897 587 951 652 καὶ
966 588 1059 671 φύσει
1073 586 1185 671 νωθής
1200 586 1281 669 πρὸς
1295 588 1379 669 μίξιν
1390 599 1419 653 D
1437 600 1483 654 IV
1498 602 1518 653 1.

259 690 313 753 καὶ
343 691 606 774 μαλθακώτερος,
637 692 699 774 ἠὸη
732 692 767 755 δὲ
794 692 848 754 καὶ
876 690 895 754 ὁ
921 690 1036 774 χρόνος
1064 691 1151 773 αὐτῷ
1177 689 1234 773 τὴν
1260 690 1379 773 κίνησιν

233 793 428 876 Ἱήμβλονεν.
474 794 520 864 ὡς
549 793 585 857 ὁέ
611 816 688 865 τινες
715 794 803 875 αὐτῷ
833 793 882 856 ε’τιὶ
904 800 943 877 τῇ
965 792 1103 876 βασιλείᾳ
1126 793 1380 875 ἐξεμετρήβησαν

227 895 403 977 Βίνιαυτοί,
426 896 480 959 καί
504 896 717 979 ἀποστρόφαις
740 895 802 979 εἶχε
825 894 907 977 πρὸς
930 896 985 979 τήν
1007 896 1196 978 βασίλισσαν,
1225 896 1244 978 ἡ
1270 894 1304 958 ὁὲ
1325 894 1380 957 καλ

260 1000 545 1081 καταφρονουμένη
577 997 659 1082 πρὸς
689 1005 782 1082 μῖσος
811 998 958 1081 ἠρέὸιστο
987 998 1041 1061 καὶ
1067 998 1162 1061 πλέον
1191 994 1229 1061 δι’
1258 996 1410 1079 ὁμιλίαν5

234 1101 385 1182 δάνὸρός.
432 1100 471 1184 ἠν
500 1101 536 1165 ὁέ
563 1125 606 1172 τις
634 1101 688 1165 καὶ
714 1100 779 1184 πρὸ
802 1108 855 1183 τής
878 1101 1034 1183 βασιλείας
1057 1102 1202 1183 ἐκτομίας
1224 1101 1381 1183 ὑπηρέτης

261 1211 308 1287 τῷ
330 1202 456 1286 βασιλεῖ,
479 1204 582 1287 τούτῳ
606 1196 640 1267 ὁὸ
659 1204 831 1287 ὁμαίμονες
848 1202 937 1286 ἦσαν,
962 1200 1010 1267 ὧν
1025 1204 1067 1275 εἷς
1084 1202 1123 1287 ἠν
1138 1204 1191 1267 καὶ
1207 1204 1225 1266 ὁ
1241 1202 1381 1285 Μιχαήλ,

235 1305 344 1388 9ἀνήρ
359 1303 388 1388 ιβ
403 1305 460 1389 τήν
475 1306 551 1387 ὄφιν
566 1308 585 1388 ἠ
602 1306 696 1388 φύσις
711 1307 859 1379 ἀντέξεσεν
870 1306 913 1375 εἰς
929 1306 1045 1389 ἀκριβῆ
1061 1305 1247 1389 ὡραιότητα.
1271 1310 1381 1368 τοῦτον

262 1408 442 1491 ὁάὁελφὸς
468 1408 546 1490 μετὰ
575 1408 631 1491 τήν
657 1408 815 1491 βασιλείαν
841 1409 1015 1491 παρέστησε
1037 1416 1083 1491 τῷ
1102 1408 1260 1491 Ῥωμανῴ
1281 1430 1381 1489 προσ-

222 1616 419 1687 ΙΟκατέταξε.
464 1613 576 1677 τούτου
599 1620 645 1695 τῷ
668 1614 761 1695 ἔρωτι
784 1613 904 1676 ἁλοῦσα
927 1614 947 1695 ἠ
970 1612 1089 1696 βασιλὶς
1110 1613 1311 1695 ἒπυρπολεῖτο
1326 1613 1383 1695 τήν

263 1716 372 1800 ψυχὴν
399 1715 454 1779 καὶ
475 1715 511 1780 τὸ
532 1722 597 1799 πῦρ
620 1715 655 1780 τὸ
679 1717 798 1780 ἐκείνου
822 1716 937 1787 κάλλος
960 1711 1036 1779 καθ’
1061 1716 1194 1798 ἑκάστην
1217 1716 1383 1798 ὁρώμενον

221 1818 466 1901 11ὑπανέφλεγε.
511 1819 702 1901 μισούμενος
725 1815 754 1881 δ’
779 1818 857 1901 αὐτῇ
881 1817 995 1901 πρῴην
1018 1818 1037 1881 ὁ
1060 1817 1207 1901 ἐκτομίας
1235 1819 1302 1882 τότε
1328 1818 1382 1881 καί

264 1922 486 2003 προσεκαλεῖτο
508 1921 561 1985 καί
589 1921 711 2003 ὁμιλίας
739 1923 855 2003 ἠξίωτο
883 1922 1100 2003 χνησιώτερον,
1133 1920 1195 1984 εἶτα
1228 1921 1281 1985 καὶ
1312 1921 1383 2002 περὶ

222 2030 319 2088 12τοῦ
335 2022 466 2106 Μιχαὴλ
487 2024 632 2105 ἠριστᾶτο
655 2030 710 2088 τοῦ
733 2024 885 2107 ἀδελφοῦ.
931 2024 1079 2095 πολλάκις
1103 2024 1137 2087 δὲ
1160 2024 1270 2087 τούτου
1295 2048 1381 2107 γενο-
1396 2034 1429 2089 15

233 2126 374 2208 Ομὲνου,
407 2124 508 2195 ὁεινὸς
534 2127 582 2189 ὢν
609 2126 727 2197 ἐκεῖνος
754 2132 870 2209 συνῆκε
898 2125 951 2190 τὸν
979 2127 1081 2208 ἔρωτα
1108 2124 1231 2209 καὶτῷ
1253 2126 1383 2208 ἀδελφῷ

267 2229 402 2293 ὑπέθετο
431 2227 485 2291 καὶ
510 2229 671 2311 προσιέναι
697 2235 736 2312 τῇ
767 2229 938 2313 βασιλίσσῃ,
972 2228 1025 2291 καὶ
1056 2230 1085 2292 εί
1113 2236 1250 2311 πειρῷτο
1282 2230 1382 2312 ἐκείνη

267 2451 284 2504 6
307 2453 380 2510 ὁπως
402 2452 419 2504 ὁ
439 2449 596 2518 Παφλαγὼν
614 2448 726 2519 Μιχαὴλ
747 2451 925 2520 προσελήφὸη
949 2451 1021 2520 παρὰ
1044 2459 1089 2505 τοῦ
1114 2451 1251 2520 βασιλέως,
1279 2452 1325 2506 καὶ
1347 2451 1385 2511 ὡς

266 2523 372 2591 ἠράσθη
396 2522 476 2576 αὐτοῦ
495 2522 513 2590 ἠ
531 2522 605 2590 Ζωή,
633 2522 679 2575 καί
702 2523 741 2575 ὅτι
764 2521 809 2577 διὰ
833 2523 877 2578 τὸν
897 2523 984 2590 ἔρωτα
1007 2523 1023 2576 ὁ
1043 2522 1165 2592 βασιλεὺς
1180 2521 1317 2591 Ῥωμανὸς
1339 2523 1384 2577 ἐκ·

266 2593 414 2662 εβουλειίὸη
434 2593 479 2648 κατ’
498 2593 627 2661 τέθνηκεν
644 2592 667 2647 O

321 2789 557 2857 λμαλὸακότερος
577 2789 649 2859 Ewp
722 2790 768 2843 καί
788 2805 845 2844 om.
866 2789 892 2842 l)
964 2791 1067 2858 κίνησιν
1086 2787 1197 2859 Apr,
1216 2792 1320 2860 βίνηαιν
1339 2790 1384 2848 Cw

321 2861 401 2916 4και·
421 2860 743 2930 alte1·um0m.Bpr
825 2862 936 2928 ὁμίσος
955 2877 992 2915 ex
1012 2871 1089 2930 μῖσος
1107 2861 1246 2916 mutato
1324 2861 1385 2917 'la'

320 2933 387 3002 ἦσαν
406 2934 546 3001 ὁμαίμονες
566 2931 640 3000 pr
723 2933 768 2986 καί
788 2948 844 2985 om.
865 2931 912 2986 BC
994 2935 1094 3002 ὃόιμιν
1112 2933 1128 3000 ἠ
1148 2932 1238 3001 φύσις]
1259 2934 1339 3001 φύσιν
1357 2933 1384 2986 Ι)

356 3006 382 3064 ἐς
402 3003 450 3058 BC
548 3004 590 3057 10.
611 3004 642 3056 ll
664 3025 684 3056 τ.
704 3004 938 3072 ὁσλαμηπολοῦσιν
956 3005 1056 3058 ἐκεῖνον
1074 3005 1218 3071 συνέταξεν,
1238 3005 1318 3072 οὗπερ
1338 3001 1384 3060 BC

322 3077 410 3130 1213
428 3076 590 3144 ὁπανέφλεχε
604 3080 672 3144 post
683 3083 737 3142 πῦρ
752 3073 799 3130 BC
856 3075 889 3127 1⁵2
907 3075 971 3130 καθ’
984 3076 1097 3145 ἑκάστην
1117 3091 1173 3129 oin.
1185 3075 1211 3127 D
1268 3076 1301 3130 13
1320 3075 1385 3131 ὁὲῦ

356 3204 421 3270 αὕτη
433 3201 460 3254 D
520 3200 553 3255 14
565 3201 741 3269 γνησιωτέρας
754 3199 832 3269 Ewp,
846 3201 1012 3268 χνησιοτὲρας
1024 3201 1050 3254 D
1106 3201 1139 3255 15
1152 3165 1244 3269 ἠρώτα
1254 3202 1385 3271 (punctis

323 3277 472 3336 notatum)
489 3271 538 3339 1τό
557 3272 584 3325 D
675 3272 709 3325 16
727 3271 812 3331 δεινὰς
831 3270 879 3340 ὢν]
899 3271 996 3326 ἐννοῶν
1015 3275 1135 3342 punctis
1155 3276 1293 3326 notatum
1312 3272 1338 3326 D

357 3343 496 3411 συνηκετοὶ
515 3344 646 3413 (punctis
664 3347 814 3409 notatum)
833 3344 919 3411 ἔρωτα
938 3342 965 3396 D

241 3547 331 3603 litum
351 3553 463 3602 natura
481 3550 604 3618 segnior
623 3549 663 3603 ad
682 3549 793 3604 coitum
814 3556 844 3602 et
862 3548 987 3614 mollior,
1015 3554 1080 3603 tum
1099 3565 1173 3604 vero
1193 3553 1294 3604 aetate
1313 3550 1388 3604 salu·

241 3619 258 3673 l
269 3621 359 3674 uitale
378 3620 530 3675 hebetata.
566 3620 606 3675 Ut
625 3621 718 3690 igitur
737 3621 853 3674 exactis
873 3620 988 3689 aliquot
1005 3621 1123 3689 imperii
1143 3621 1230 3674 annis
1249 3622 1387 3691 reginam
1418 3623 1421 3630 '

268 3692 478 3757 aversabatur,
497 3693 539 3745 ila
558 3692 608 3746 illa
628 3698 658 3746 et
677 3694 724 3746 sui
738 3697 914 3760 contemptu
934 3695 1083 3746 commota
1096 3697 1126 3746 et
1138 3691 1263 3746 libidine
1276 3692 1315 3746 ud
1330 3693 1386 3746 viri

241 3762 258 3815 8
270 3764 373 3817 odium
385 3763 571 3817 irritabatur.
607 3762 768 3819 serviebat
781 3770 883 3817 autem
896 3761 1032 3816 Romano
1052 3768 1114 3816 tum
1129 3765 1249 3832 privato
1264 3763 1386 3832 quidam

268 3834 373 3904 spado,
402 3836 488 3888 cuius
506 3835 608 3890 fratris
626 3834 780 3889 Michaalis
800 3835 907 3888 faeiem
928 3841 1038 3888 natura
1057 3835 1097 3887 ad
1121 3835 1301 3903 exquisitam
1324 3835 1387 3905 pul·

241 3904 470 3960 9chritudinem
489 3907 671 3976 expolieral;
697 3907 748 3975 qui
769 3905 904 3960 Romano
924 3907 981 3960 iam
1003 3907 1069 3975 regi
1089 3921 1108 3959 a
1127 3907 1221 3960 fratre
1241 3921 1387 3962 commuu-

225 3977 259 4030 10
269 3978 358 4031 datus
385 3978 464 4031 inter
489 3978 619 4032 cubiculi
649 3979 800 4032 ministros
829 3978 940 4031 ascitus
970 3981 1043 4030 arat.
1081 3977 1152 4031 Eius
1172 3978 1266 4047 igitur
1285 3994 1388 4034 amora

269 4055 358 4118 capta
372 4049 480 4118 ragina
493 4049 621 4104 ardebat
634 4051 744 4116 animo,
763 4064 853 4118 quam
865 4048 1004 4102 ardorem
1019 4049 1189 4103 cotidianus
1208 4053 1388 4120 conspectus

224 4120 255 4172 ll
269 4120 502 4204 pulchritudinis
523 4121 602 4174 illius
625 4121 842 4174 inflammabat.
889 4118 963 4174 Cum
989 4126 1090 4174 aulum
1115 4121 1282 4205 spadonenJ
1304 4120 1387 4175 illum

225 4191 786 4332 12llllldllliilulillu
799 4191 1387 4327 illlllll‘lllllillil‘llllul,

268 4336 390 4403 saepius
409 4335 502 4401 fleret,
523 4335 612 4389 homo
631 4334 680 4388 ille
699 4339 808 4389 acutus
826 4333 979 4388 intellecto
999 4349 1102 4389 amore
1122 4337 1246 4390 fratrem
1263 4335 1387 4402 monuit,

268 4409 302 4460 ut
330 4407 468 4476 raginam
496 4407 672 4460 conveniret
696 4410 733 4474 el,
761 4407 786 4460 si
810 4406 849 4459 ab
873 4405 924 4458 illa
947 4411 1124 4476 tentaretur,
1152 4405 1225 4461 nihil
1244 4421 1387 4462 verecun-
