3050 4775
286 437 340 497 624
548 435 684 497 ZONAR.
703 436 802 494 ΕΡῙΤ.
822 434 905 493 XVII
924 436 967 507 22,
986 434 1100 507 20-23,
1120 436 1145 493 8.

241 630 278 684 20
370 622 462 686 Ἀλλὰ
482 621 519 686 τά
534 622 593 705 μὲν
608 621 688 686 κατά
702 620 757 685 τὸν
773 621 944 703 Μανιάκην
961 621 995 683 ἐν
1009 620 1129 689 τούτοις
1143 619 1403 700 τετελευτήκασιν·

249 726 361 809 viriq
386 722 415 789 θ’
439 724 534 794 αὖθις
562 726 705 808 κεκίνητο
733 724 885 807 τυραννίς,
919 721 957 805 ής
986 722 1025 805 ήν
1052 723 1183 805 ἐργάτης
1210 719 1364 803 Θεόφιλος
1387 722 1405 785 ὁ

241 828 461 909 21Ἐρωτικός.
508 830 544 898 ὃς
566 827 603 890 τά
626 826 706 891 κατὰ
728 826 784 889 τὸν
808 826 952 906 δεύτερον
969 825 1108 908 Μιχαήλ,
1131 823 1186 887 τὸν
1200 829 1256 887 τοῦ
1275 824 1405 904 πρώτου

285 931 486 1013 ἀδελφιδοῦν,
517 930 638 1012 μαθὼν
668 929 723 993 καλ
750 929 797 999 ὡς
825 926 962 1010 γυναιξὶν
989 928 1008 1009 ή
1036 927 1174 1011 βασιλεία
1201 927 1404 1009 πεπίστευται,

284 1032 357 1101 τοὺς
372 1032 536 1113 Κυπρίους
550 1032 701 1096 ὑπελθών
725 1030 859 1114 (τούτων
875 1030 935 1113 γὰρ
958 1032 1064 1113 ἔτυχεν
1086 1031 1197 1113 ἅρχων
1219 1028 1299 1111 τότε)
1324 1031 1432 1094 ἀπο-ι’)

240 1135 393 1217 22στασίᾳ
416 1136 566 1217 ἐπιχειρεῖ.
613 1136 652 1198 οὐ
673 1137 779 1217 μέντοι
794 1135 902 1217 τριβῆς
916 1140 962 1215 τῷ
978 1134 1169 1216 Μονομάχῳ
1193 1132 1300 1216 ἐδέησε
1322 1132 1405 1215 πρὸς

284 1238 339 1321 τήν
362 1240 474 1302 τούτου
496 1239 693 1318 καθαίρεσιν·
716 1236 827 1301 στόλον
850 1236 910 1319 γάρ
934 1236 1051 1306 στείλας
1068 1232 1106 1299 δι’
1124 1237 1221 1299 αὐτοῦ
1236 1234 1290 1300 τὸν
1301 1234 1404 1317 Ἐρω-

283 1340 369 1405 τικάν
387 1342 576 1424 ἐχειρώσατο
599 1340 652 1403 καί
674 1340 730 1423 τήν
751 1346 849 1422 νήσω
872 1340 952 1421 ῥᾷον
975 1339 1018 1409 είς
1042 1338 1197 1403 δούλωσιν
1220 1338 1404 1421 ὑπηγάγετο.

240 1454 276 1508 23
378 1443 513 1527 Θνήσκει
533 1443 568 1507 ἀὲ
583 1444 602 1507 ὁ
616 1443 811 1525 πατριάρχης
827 1437 971 1522 Ἀλέξιος,
996 1438 1044 1505 ἐπ’
1062 1444 1113 1524 ἔτη
1138 1442 1215 1505 ἀέκα
1237 1440 1319 1523 πρὸς
1341 1448 1405 1513 τοῖς

285 1546 370 1610 ὀκτὼ
393 1546 635 1615 καταπολαύσας
657 1551 713 1609 τοῦ
733 1546 857 1628 θρόνου
873 1551 928 1609 τοῦ
944 1550 1182 1627 πατριαρχικοῦ,
1206 1544 1260 1607 καί
1274 1544 1404 1627 Μιχαὴλ
1418 1552 1450 1605 10

240 1650 304 1714 2λό
332 1650 499 1733 λεγόμενος
527 1648 747 1732 Κηρουλάριος
779 1648 860 1730 πρὸς
893 1647 988 1711 αὐτὸν
1020 1646 1227 1729 ἀνθιάρύεται.
1273 1646 1404 1729 χρυσίου

285 1752 320 1815 ἀὲ
343 1751 526 1834 κεντηνάρια
549 1752 639 1813 πέντε
660 1751 714 1814 καλ
735 1752 851 1813 εἴκοσιν
866 1750 901 1813 ἒκ
918 1755 972 1832 τῆς
986 1754 1042 1811 τοῦ
1057 1748 1252 1831 πατριάρχου
1267 1749 1403 1823 Ἀλεξίου

284 1862 385 1936 μονῆς
413 1854 432 1915 ὁ
460 1852 659 1936 Μονομάχος
688 1853 840 1935 ἀφείλετο,
872 1847 948 1933 παρ’
977 1851 1097 1915 ἐκείνου
1125 1857 1180 1915 τοῦ
1208 1852 1403 1935 πατριάρχου

79 1952 539 2034 ΡΙΙ251Αρῇθηοαυρισθέντα
563 1953 635 2014 ἐκεῖ.
682 1952 703 2014 ὅ
725 1976 759 2033 γε
782 1952 847 2034 μήν
871 1952 1016 2035 ἐκτομίας
1034 1952 1193 2036 Ἰωάννης,
1224 1954 1242 2015 ὁ
1266 1954 1404 2036 γεγονὼς

285 2055 540 2137 ὀρφανοτράφος,
572 2054 592 2115 ὁ
615 2060 669 2116 τοῦ
696 2054 936 2137 βασιλεύσαντος
960 2055 1088 2139 Μιχαὴλ
1111 2062 1165 2120 τοῦ
1189 2054 1404 2139 Παφλαγόνος
1417 2064 1449 2115 15

284 2157 489 2239 α’ῧτάθελφος,
523 2157 566 2226 είς
589 2157 770 2239 Μιτυλήνην
792 2164 847 2219 τοῦ
872 2158 1073 2241 Μονομάχου
1096 2159 1309 2242 κρατήσαντος
1330 2183 1402 2241 μετ-

284 2260 394 2342 αχθείς
410 2260 475 2322 ἐκεῖ
487 2265 641 2343 πηροῦται
656 2259 729 2329 τοὺς
751 2260 952 2343 ὀφθαλμούς,
976 2262 1023 2331 ὡς
1044 2262 1104 2343 μέν
1125 2285 1182 2325 τισι
1198 2262 1294 2335 δοκεῖ,Ι
1315 2261 1402 2344 παρὰ
1415 2270 1442 2321 D
1456 2267 1489 2322 II'
1502 2266 1523 2317 li

283 2370 338 2446 τῆς
359 2362 518 2446 βασιλίδος
545 2361 719 2446 Θεοδώρας
742 2363 873 2447 γνώμης
895 2364 967 2448 άτερ
996 2370 1051 2428 τοῦ
1080 2364 1324 2448 αὐτοκράτορος,
1358 2366 1405 2436 ὡς

285 2462 313 2529 θ’
338 2467 438 2548 ἐνίοις,
462 2467 559 2530 αὐτοῦ
582 2473 638 2530 τοῦ
660 2473 852 2550 κρατοῦντος
875 2473 965 2530 τοῦτο
988 2467 1200 2546 κελεύσαντος,
1228 2474 1404 2552 μηνιῶντος

285 2723 300 2776 1
319 2723 464 2778 ἀποστασία
482 2731 528 2778 τοῦ
544 2723 693 2793 Ἐρωτικοῢ
712 2724 760 2779 CE
851 2726 868 2779 9
885 2725 945 2794 περί
963 2734 1134 2796 ποτρισρχών
1153 2726 1229 2782 Aci}
1315 2728 1348 2783 14
1366 2731 1405 2782 ὅτι

283 2795 430 2864 ἐτυφλώθη
448 2797 464 2848 ὁ
482 2796 596 2866 γεγονὼς
615 2798 817 2865 ὀρφανοτρόφος
833 2797 958 2866 Ἰωάννης
978 2797 1025 2853 ΟΕ

339 3047 350 3098 1
371 3045 421 3115 μὲν
440 3063 497 3101 om.
517 3046 544 3100 D
635 3047 754 3116 ίνάρχσν
774 3046 810 3118 p*
903 3047 1061 3102 ἀποστασίαν
1080 3048 1132 3102 ΒΕ
1222 3051 1239 3104 6
1258 3051 1348 3120 ἐδέησε
1367 3059 1405 3104 τῶ

336 3139 395 3186 μον.
417 3119 463 3174 BC
535 3121 552 3173 8
571 3120 691 3173 δουλείαν
711 3119 813 3189 DEwp
887 3120 918 3173 li
939 3121 1130 3189 κηρουλλάριος
1149 3121 1174 3174 Ι)
1247 3123 1403 3192 ἀναάράεται

338 3189 364 3243 Ι)
449 3191 481 3244 12
499 3193 585 3244 εἴκοσι
605 3189 772 3260 DszpDI,
793 3207 821 3245 v.
841 3191 880 3244 ad
900 3191 971 3244 XIII
995 3194 1017 3260 l,
1036 3193 1053 3246 ί)
1146 3194 1178 3246 13
1196 3203 1280 3263 μονῆς
1300 3211 1356 3249 om.
1376 3193 1404 3246 D

339 3263 427 3316 13.14
445 3263 462 3315 ἃ
477 3264 518 3327 (ἃς
529 3262 563 3328 Β)
577 3265 593 3314 ὁ
603 3264 767 3331 πατριάρχης
779 3263 878 3322 ἐκεῖνος
893 3264 951 3316 ἐκεῖ
967 3264 1143 3332 ἔθησαύρισεν
1158 3263 1205 3319 BC
1280 3267 1313 3320 14
1332 3272 1405 3320 unte

336 3333 391 3388 ε’κτ.
410 3333 480 3387 add.
500 3335 515 3387 ὁ
533 3333 560 3386 Ι)
634 3335 667 3388 16
685 3335 816 3401 ἀπαχθεὶς
834 3333 861 3387 D
935 3336 969 3390 18
987 3336 1080 3405 γνώμη
1101 3335 1128 3388 D

237 3589 274 3643 20
372 3583 417 3639 Aa
429 3584 575 3640 Maniacie
594 3587 642 3639 irie
660 3587 719 3640 fuit
738 3587 851 3656 exitum
871 3602 976 3642 veram
991 3587 1051 3640 alia
1066 3589 1205 3656 tyrannis
1222 3593 1267 3642 eei
1286 3594 1403 3656 exorta,

237 3663 271 3715 21
283 3661 408 3712 auctore
425 3657 591 3727 Theopiiiio
605 3659 734 3712 Erotieo.
773 3659 829 3722 Qui
845 3673 911 3712 cum
926 3658 1051 3712 secundi
1066 3658 1227 3728 Michaelis,
1246 3662 1296 3728 qui
1315 3661 1402 3730 primi

283 3744 378 3798 nepes
406 3736 479 3796 erat,
509 3731 622 3783 exitum
647 3737 677 3784 et
700 3745 828 3798 regnum
853 3732 1011 3784 mulierum
1042 3733 1244 3800 cognovisset,
1275 3731 1402 3800 Cypriis,

238 3807 273 3858 22
283 3815 411 3869 quorum
427 3807 489 3854 tum
504 3807 626 3869 praetor
639 3806 712 3867 erat,
732 3807 798 3855 arte
812 3803 868 3856 sibi
882 3803 1056 3869 coireiiiatis,
1077 3801 1184 3856 deficii.
1222 3801 1283 3856 Sed
1301 3809 1402 3856 motus

283 3873 332 3926 iiie
351 3873 434 3925 nulia
453 3887 538 3927 mora
558 3873 653 3926 classe
672 3875 762 3927 missa
782 3889 801 3926 a
820 3873 1017 3927 Monomacho
1038 3877 1083 3927 eei
1101 3887 1291 3943 suppressus,
1320 3875 1402 3928 vicie

284 3945 402 3997 ilrotiee
423 3952 453 3998 et
472 3944 570 3997 Insula
588 3946 619 3997 ia
639 3945 816 3998 servitutem
836 3946 924 3998 i'aeile
943 3945 1076 3998 redacta.

237 4021 273 4073 23
371 4014 480 4070 Alexio
505 4016 678 4085 patriarcha
702 4021 830 4083 mortuo,
859 4031 926 4069 cum
951 4015 1051 4070 sedem
1077 4016 1156 4069 iliam
1182 4031 1279 4070 armoe
1302 4016 1402 4071 XVIII

282 4089 385 4156 quiete
404 4088 557 4153 tenuisset,
586 4087 711 4140 Michaei
738 4095 941 4156 cognomento
962 4086 1135 4141 cerularius
1159 4089 1189 4141 in
1213 4091 1278 4142 eius
1302 4088 1400 4142 locum

237 4163 272 4215 24
282 4166 328 4213 est
350 4159 504 4212 suffectus.
541 4158 758 4212 Monomaeims
781 4174 853 4214 vero
879 4161 944 4213 auri
968 4160 1144 4213 centenaria
1163 4158 1245 4212 XXV
1265 4175 1282 4214 e
1300 4175 1401 4214 umna-

236 4233 373 4288 austerio
392 4231 492 4285 Alexii
512 4232 551 4283 ab
571 4230 621 4285 illo
634 4231 806 4299 patriarcha
819 4233 849 4284 in
864 4232 1023 4284 thesauros
1036 4231 1132 4283 relata
1146 4232 1277 4286 absiuiii.
1316 4231 1401 4286 ioan·

281 4319 335 4356 nes
355 4308 456 4356 autem
478 4303 583 4372 spado,
603 4302 874 4371 orphanotrophum
894 4303 1084 4371 Imperatoris
1104 4301 1257 4356 Michaelis
1275 4302 1400 4371 Paphia-

281 4377 370 4442 genis
381 4377 482 4440 irater,
497 4373 694 4426 Monemaeho
709 4375 877 4443 imperante
888 4373 1059 4442 Mitylenen]
1071 4375 1236 4428 translatus
1249 4382 1400 4440 caecatur,

281 4449 347 4502 eive
372 4447 498 4516 reginae
523 4444 704 4500 Theodorae
728 4449 814 4500 iussu
843 4446 918 4500 eiam
944 4448 1136 4516 imperatore,
1166 4446 1231 4499 eive
1258 4445 1400 4504 mandato
