3050 4775
352 402 599 465 IVSTlNIANVS
618 405 647 462 11
666 402 897 465 RECVPERAT
916 404 1115 465 IMPERIVM.
1241 405 1293 467 937

176 589 327 672 κεφαλήν.
373 590 426 653 καὶ
453 592 489 660 ὃς
516 591 665 654 συνέθετο
694 592 746 654 καὶ
781 592 839 655 δύο
872 592 955 661 τινὰς
986 597 1051 655 τῶν
1082 594 1298 675 ᾠκειωμέναιν
1311 602 1343 655 10

176 692 263 773 αὐτῷ
286 693 403 762 στείλας
426 693 459 756 ἐν
480 694 670 776 ἀπορρήτοις
686 693 852 758 ἐνετείλατο
867 694 922 759 τὸν
933 693 1150 758 Ἰουοτινιανδν
1165 695 1297 758 ἀνελεῖν·

177 795 195 855 ὃ
221 794 271 856 διὰ
297 794 414 858 δούλου
436 796 590 878 μαθοῦσα
614 798 633 878 ἠ
662 795 819 877 Θεοδώρα
841 805 889 878 τῴ
911 797 1001 879 ἀνδρὶ
1028 798 1233 880 καταγγέλλει.
1280 798 1350 860 δ11.
1371 807 1406 861 12

179 896 212 959 δὲ
234 896 306 966 τοὺς
330 898 533 968 ἐνταλθέιτας
557 898 652 963 αι’τδν
675 900 792 963 ἀνελεῖν
815 900 877 981 ἰδίᾳ
899 900 1197 982 προσκαλεσάμενος
1224 902 1331 963 ina-C

148 1012 250 1063 ῖιοτον
272 1000 390 1083 ἀγχόνη
414 1002 563 1083 στερίσκει
585 1007 641 1064 τοῦ
666 1003 723 1085 ζῆν
746 1003 799 1064 καί
822 1002 878 1085 τὴν
899 1002 959 1085 μὲν
974 1000 1150 1084 Θεοδώραν
1168 1004 1212 1071 εἰς
1227 1001 1297 1065 Χα-

178 1104 287 1183 ζαρίαν
310 1102 494 1185 ἕξέπεμφεν,
525 1104 619 1173 αὐτὸς
643 1104 678 1167 δὲ
701 1106 744 1173 εἰς
767 1105 879 1167 ἀλιόδα
903 1105 1092 1187 ἐμβεβηκὼς
1115 1105 1297 1186 ἀπέπλευσε,

176 1204 257 1285 πρὸς
275 1203 418 1288 Τέρβελιν
434 1206 536 1269 ἀπιὼν
552 1205 605 1269 τὸν
620 1212 684 1269 τῶν
701 1206 899 1288 Βουλγάρων
915 1207 1096 1290 έξάρχοντα.
1133 1207 1299 1277 κλύδωνος
1310 1216 1343 1270 13

178 1306 213 1370 δὲ
234 1308 373 1390 μεγάλου
402 1309 625 1391 κατειληφότος
654 1308 749 1373 αὐτὸν
779 1310 812 1372 ἐν
839 1318 886 1391 τῷ
917 1310 1028 1392 πλέειν,
1061 1310 1232 1373 καταδῦναι
1263 1309 1298 1373 τό

177 1410 340 1492 πλοιάριον
367 1410 551 1474 ἐκινδύνευε.
598 1416 662 1475 τῶν
687 1412 721 1475 δὲ
744 1413 967 1495 συμπλεόντων
990 1413 1231 1495 ἐπαγγείλασθαι
1252 1420 1343 1495 scails

133 1512 249 1593 1οθεῷ
272 1514 553 1596 συμβουλευόντων
576 1516 673 1596 αὐτῷ,
697 1516 725 1577 εἰ
744 1515 936 1598 περισωθείη
960 1515 1012 1577 καὶ
1030 1516 1086 1598 τὴν
1102 1516 1203 1598 ἀρχὴν
1218 1516 1297 1578 ἀπο-

178 1614 320 1697 λήφοιτο,
352 1617 397 1699 μή
424 1640 451 1678 τι
478 1616 580 1679 κακδν
606 1622 670 1686 τοῖς
697 1618 766 1679 κατ’
794 1617 891 1680 αὑτοῦ
915 1619 1093 1699 γενομένοις
1116 1618 1298 1699 ἐπενεγκεῖν,

179 1718 297 1786 ἐκεῖνος
325 1718 377 1779 “ει’
402 1720 550 1801 φείσομαι
572 1720 693 1782 τούτων
701 1720 722 1742 ”
748 1720 810 1802 ἔφη
833 1720 946 1799 “τινός,
980 1720 1090 1783 αὐτίκα
1114 1743 1297 1784 καταποντι-

17 1838 101 1892 0111
114 1820 288 1901 327σθείην
304 1818 398 1883 ὡδί.”
443 1820 632 1902 περισωθεὶς
656 1818 714 1883 οὖν
737 1822 790 1883 καί
812 1829 859 1903 τῷ
880 1827 945 1885 τῶν
961 1822 1158 1904 Βουλγάρων
1173 1824 1299 1906 ἄρχοντι
1309 1834 1343 1886 15

178 1922 368 2003 προσελθὼν
390 1923 444 1985 καὶ
466 1923 590 1987 πλεῖστα
613 1926 800 2006 παρασχών,
833 1924 911 1986 ἀλλα
940 1925 1046 2007 μέντοι
1072 1924 1126 1987 καί
1153 1926 1336 2008 παρέχεινΙ)

134 2024 449 2107 1ξιέπαγγειλάμενος,
473 2026 501 2088 εί
520 2022 596 2108 παρ’
622 2027 718 2089 αὐτοῦ
741 2027 914 2109 κατοχθείη
937 2026 1018 2107 πρὸς
1036 2026 1092 2108 τὴν
1106 2026 1299 2108 προγονικὴν

178 2128 343 2209 βασιλείαν,
376 2127 429 2190 καί
457 2128 514 2210 τὴν
542 2129 702 2211 θυγατέρα
726 2130 815 2209 αὐτῷ
837 2130 982 2201 συζεῦξαι
1004 2129 1299 2211 καθυποσχόμενος,

178 2228 236 2292 σὺν
259 2229 369 2311 ἐκείνῳ
391 2228 468 2312 μετὰ
494 2232 694 2315 βαρβαρικῆς
720 2233 850 2313 βαρείας
878 2232 1045 2314 δυνάμεως
1071 2231 1127 2313 τὴν
1155 2233 1298 2313 ύπερκει-
1310 2244 1344 2297 16

177 2332 276 2415 μένην
304 2332 481 2416 κατειλήφει
508 2338 573 2397 τῶν
598 2334 724 2398 πόλεων
749 2334 804 2398 καί
825 2335 889 2417 πρὸ
911 2339 976 2397 τῶν
998 2338 1109 2417 τειχῶν
1131 2356 1299 2417 στρατοπε-

180 2555 214 2606 13
232 2555 269 2607 ὅτι
287 2553 352 2622 μετὰ
371 2561 425 2607 τῶν
442 2555 607 2625 Βουλγάρων
625 2565 657 2625 τῇ
674 2556 748 2609 πόλει
768 2556 968 2624 ἐπιστρατεύσας
980 2557 1087 2622 νύκτωρ
1106 2556 1176 2615 ε’ντὸς
1194 2557 1300 2626 εἰσῆλθε

178 2625 223 2680 διὰ
242 2632 287 2680 τοῦ
306 2625 410 2695 ἀγωγοιῖ
430 2624 478 2681 ΟΕ
1126 2628 1129 2633 '

233 2839 251 2892 3
269 2839 299 2892 ὃν
318 2837 354 2908 p*
374 2839 477 2893 invitis
495 2839 576 2893 Aaw
649 2841 728 2894 δόλου
749 2841 773 2894 Ε
844 2841 862 2894 8
879 2842 1024 2895 καταδῦναι
1045 2841 1169 2911 EwpDi,
1188 2842 1299 2897 καταδύ-

234 2930 275 2963 ναι
295 2909 347 2964 ΑΟ
440 2911 457 2963 9
475 2911 626 2965 ἐκινδύνευε
644 2911 726 2981 pr,
746 2912 896 2966 ε’κινδύνασ
915 2919 1011 2966 mutat
1030 2915 1059 2966 in
1079 2913 1232 2967 ἐκινδύνευε
1250 2915 1299 2967 vel

233 2981 370 3036 ἕκινδύνευ
389 2980 423 3050 Α,
442 2982 610 3036 ίκινδόνευσε
629 2982 671 3036 Di
746 2983 779 3036 12
798 2986 850 3053 ἔφη
870 2986 971 3038 τούτων
988 2984 1010 3036 Β
1085 2986 1118 3037 13
1136 2986 1182 3038 καί
1201 3001 1258 3038 0111.
1272 2984 1299 3036 D

235 3053 269 3106 14
286 3051 432 3122 παρασχὼν
451 3053 579 3124 prDi,
598 3063 742 3122 παρασχεῖν
761 3055 815 3108 ΑΒ
906 3056 940 3108 15
957 3055 1065 3124 γενικὴν
1085 3056 1108 3108 Ε
1202 3058 1234 3110 17
1253 3058 1300 3125 βα·

234 3126 306 3192 ρείας
325 3123 449 3194 prDi,
472 3140 529 3179 oni.
548 3125 575 3179 A
650 3127 683 3180 18
701 3126 925 3194 στρατευσόμενος
944 3127 966 3180 C

180 3339 340 3408 pecuniam
360 3354 414 3408 per
433 3340 554 3393 nuntios
566 3340 724 3409 pollicitus,
744 3341 768 3393 si
780 3340 938 3393 Iustiniani
950 3346 1042 3409 caput
1062 3340 1101 3393 ad
1120 3356 1153 3394 se
1163 3341 1299 3409 misisset,

179 3411 220 3463 ab
240 3425 276 3463 co
286 3411 435 3479 impetrat,
454 3415 488 3464 ut
508 3411 584 3465 duos
604 3427 620 3464 e
640 3413 702 3465 suis
723 3412 922 3465 familiaribus
941 3412 1071 3481 ableget,
1091 3414 1143 3481 qui
1164 3412 1345 3468 luminis-10

180 3496 252 3534 num
282 3487 399 3535 secreto
419 3482 566 3536 tollerent.
604 3483 670 3546 Quo
703 3499 756 3552 per·
776 3498 897 3536 servum
918 3484 1040 3552 cognito
1060 3483 1222 3539 Theodora
1240 3487 1343 3539 mar-ll

180 3553 271 3606 ritum
292 3558 476 3622 praemonet.
514 3553 566 3607 llle
586 3555 680 3624 igitur
691 3554 768 3608 duos
786 3555 852 3607 illos
866 3556 989 3607 seorsim
1000 3557 1167 3620 arcessitos,
1187 3558 1344 3611 utrum-12

181 3637 242 3693 quc
263 3623 373 3692 laqueo
393 3625 549 3693 praefocat
568 3627 694 3695 ipseque
714 3625 874 3679 Theodora
900 3628 931 3677 in
951 3624 1127 3680 Chazariam
1157 3626 1300 3695 ablegata

180 3695 355 3749 naviculam
375 3695 558 3764 conscendit,
577 3696 616 3749 ad
636 3695 796 3762 Terbelim,
817 3696 1020 3766 Bulgmorum
1040 3698 1214 3766 principem,
1234 3713 1300 3766 pro·

180 3769 326 3820 fecturus.
364 3764 397 3819 In
412 3781 450 3820 ca
466 3768 663 3836 navigatione
683 3783 796 3836 magua
815 3773 994 3836 tempestate
1014 3776 1087 3834 orta,
1107 3767 1250 3821 navicula
1269 3769 1299 3821 in
1313 3772 1344 3824 13

180 3837 317 3908 periculo
337 3836 553 3892 submersionis
563 3841 752 3893 versabatur.
790 3839 1025 3909 Monitusigitur
1044 3840 1082 3893 ab
1102 3840 1146 3905 iis,
1167 3840 1217 3908 qui
1237 3854 1300 3893 una
1310 3841 1344 3894 14

180 3909 379 3979 navigabant,
408 3913 443 3962 ut
466 3914 569 3963 votum
593 3911 708 3965 iaceret
731 3911 789 3963 deo
813 3926 854 3976 sc,
883 3911 907 3963 si
928 3912 1074 3964 evasisset
1092 3912 1251 3964 incolumis
1270 3917 1300 3964 et

181 3995 311 4050 regnum
336 3981 509 4049 recepisset,
538 3983 658 4036 veniam
682 3983 823 4037 omnibus
847 3983 909 4035 suis
938 3983 1121 4035 adversariis
1149 3982 1299 4048 daturum,

179 4053 228 4106 “si
249 4051 321 4106 cui'¹
339 4053 438 4120 iuquit
455 4051 596 4108 “illorum
617 4067 790 4122 pepercero,
810 4055 909 4107 statim
929 4054 977 4106 hie
996 4055 1184 4122 submergar.
1192 4052 1208 4071 '⁵
1225 4051 1299 4106 Cum
1311 4055 1344 4108 15

182 4131 284 4177 autem
304 4124 407 4178 salvus
436 4123 475 4177 ad
506 4123 705 4194 Bnlgarorum
735 4127 901 4195 principem
931 4126 1119 4194 pervenisset
1145 4124 1300 4192 multaque

182 4197 210 4249 ci
230 4195 362 4249 dedisset
383 4210 477 4264 seque
498 4196 640 4249 daturum
661 4198 854 4265 promisisset,
883 4198 907 4249 si
928 4197 968 4249 ab
997 4212 1033 4251 co
1052 4195 1250 4250 reduceretur
1268 4197 1299 4248 in

181 4268 297 4320 avitum
318 4281 456 4336 regnum,
476 4273 506 4321 et
515 4268 637 4337 nuptias
658 4267 735 4321 tiliae
754 4283 829 4321 snae
849 4269 888 4321 illi
900 4269 1058 4337 pollicitus,
1078 4283 1146 4320 cum
1165 4266 1214 4320 illo
1234 4268 1298 4320 bar·
1310 4269 1344 4322 16

183 4338 326 4392 berorum
354 4339 449 4408 copiis
476 4339 652 4407 ingentibus
680 4341 823 4393 subnisus
846 4341 1035 4409 metropolim
1062 4337 1242 4407 aggreditur
1270 4345 1300 4392 ct

182 4410 289 4463 castris
309 4416 379 4463 ante
398 4411 518 4462 moenia
538 4411 641 4479 positis
662 4412 773 4464 civium
793 4413 909 4464 animos
929 4417 1089 4482 pertentat,
1118 4425 1185 4462 cum
1205 4411 1240 4462 iis
1262 4411 1298 4463 de
