3050 4775
277 400 328 459 194
568 396 704 459 ZONAR.
724 398 823 457 EPIT.
842 397 911 458 XIV
932 399 973 471 13,
992 399 1106 457 iii-44.

231 598 265 651 ‘ri
275 586 369 668 φόνῳ
391 586 550 668 μαχαίρας
573 585 673 667 λέγων
696 586 902 668 τεθνήξεσθαι
926 584 979 648 τὸν
1001 586 1190 666 δίαυρίκισν.
1236 584 1255 647 ὁ
1279 584 1315 647 δὲ
1336 585 1395 667 βα-

276 687 375 757 σιλεύς
397 686 432 750 τδ
456 687 505 751 ἐπί
528 693 591 758 τοῖς
609 687 819 771 αἰχμαλώτοις
835 687 985 769 ἀνόμημα
1001 687 1266 770 ἀναλογισάμενος
1280 688 1396 751 ἱκέτευε

275 790 329 855 τδν
351 790 429 854 θεὸν
452 792 485 854 ἒν
508 798 544 873 τῇ
567 791 713 873 παρούσῃ
738 793 808 873 ζωῇ
835 790 889 872 τὴν
918 791 996 871 ὑπὲρ
1023 791 1135 853 τούτοιν
1164 789 1254 871 δίκην
1280 790 1395 853 ἐκτῖσαι

276 894 329 957 καί
351 899 512 975 πανταχοῦ
537 894 740 976 διεπέμψατο,
765 894 863 966 ἀξιῶν
884 894 1003 963 πάντας
1024 899 1116 956 τοῦτο
1132 893 1224 955 αἰτεῖν
1238 891 1292 955 τδν
1306 893 1394 955 θεόν.

232 1004 267 1057 98
277 999 387 1079 φήμης
415 996 449 1059 δὲ
475 996 652 1078 κρατούσης
679 996 724 1059 ὅτι
746 1002 802 1059 τοῦ
825 996 991 1077 μέλλοντος
1014 994 1109 1058 αιάδν
1133 996 1337 1068 διαδέξασθαι
1359 996 1422 1057 aad

276 1104 332 1161 τοῦ
355 1101 380 1181 ᾧ
404 1100 554 1182 στοιχείου
581 1098 617 1161 τδ
641 1100 743 1180 ὄνομα
766 1099 903 1181 ἄρχεται,
925 1097 980 1160 τδν
1003 1098 1148 1181 γαμβρὸν
1170 1098 1268 1161 αὐτοῦ
1287 1096 1395 1160 Φιλιπ-

233 1201 370 1265 29πικδν
385 1208 495 1265 τοῦτον
509 1203 590 1281 ᾤετο
606 1200 689 1263 εἶναι.
734 1202 789 1264 καὶ
805 1200 844 1283 ἦν
858 1202 947 1283 αὐτῷ
964 1200 1002 1263 δι’
1022 1202 1160 1281 ἰνποψίσς
1180 1200 1199 1263 δ
1221 1200 1397 1281 ἄνθρωπος

277 1306 330 1367 καί
354 1304 561 1387 διομνύμενος
583 1305 705 1386 μήποτέ
727 1328 753 1365 τι
777 1304 856 1366 κατὰ
880 1308 955 1366 νοῦν
977 1309 1118 1367 τοιοῦτον
1139 1303 1303 1385 βαλέσθαι,
1335 1303 1396 1366 οὐκ

233 1417 269 1471 30
278 1407 408 1470 ἔπειθεν.
455 1406 534 1490 ὄναρ
559 1406 594 1469 δέ
615 1430 690 1469 ποτε
713 1414 759 1487 τῴ
781 1407 903 1489 βασιλεῖ
915 1406 1036 1469 dantia
1050 1406 1106 1488 τὴν
1121 1406 1201 1469 κατὰ
1216 1412 1271 1470 τοῦ
1287 1406 1395 1469 Φιλιπ-

190 1518 214 1573 Β
233 1520 266 1573 31
277 1514 372 1573 πικοῦ
396 1510 502 1573 ἔλυσεν
524 1509 675 1591 ύποψίαν.
721 1508 756 1572 τδ
776 1504 805 1573 δ’
823 1511 913 1591 ὄναρ·
937 1508 1040 1572 ἐδόκει
1061 1508 1186 1590 πλῆθος
1208 1509 1397 1590 παρεστάναι
1407 1518 1443 1570 10

277 1611 358 1675 πολὺ
380 1619 426 1693 τῷ
447 1612 574 1675 άνωύεν
590 1618 645 1693 τῆς
660 1610 793 1695 Χαλκῆς
807 1612 908 1694 πύλης
922 1618 978 1675 τοῦ
994 1618 1138 1694 σωτῆρος
1152 1609 1292 1693 Χριστοῦ
1307 1611 1395 1674 ἔκτυ-

233 1726 268 1780 32
277 1716 404 1797 πώματι
426 1715 480 1778 καί
502 1716 663 1798 καταβοᾶν
685 1721 740 1778 τοῦ
763 1715 927 1797 βασιλέως,
951 1714 1065 1797 φωνὴν
1087 1709 1115 1776 δ’
1140 1715 1176 1777 ἐκ
1199 1720 1254 1797 τῆς
1275 1714 1398 1784 εἰκόνος

278 1816 431 1898 γενέσθαι,
454 1824 648 1899 παραστῆναι
663 1817 716 1880 καὶ
732 1816 786 1880 τδν
803 1816 992 1898 Μαυρίκισν,
1015 1815 1137 1880 καὶτὸν
1160 1816 1270 1879 adrem
1292 1816 1395 1898 ἀχθῆ-

141 1930 268 1985 willer
277 1942 327 1981 ναι
359 1919 412 1981 καί
444 1919 623 2000 ε’ρωτᾶσδαι
650 1920 722 1982 ὅποι
749 1920 892 2002 βούλεται
920 1919 976 2001 τὴν
1003 1920 1114 1981 ἔκτισιν
1142 1918 1317 1982 ἀποδοῦναι
1339 1924 1395 1981 τοῦ

278 2021 481 2104 άνομήματος
505 2018 543 2083 οὗ
567 2022 620 2084 καί
642 2022 685 2091 εἰς
707 2020 781 2091 τοὺς
797 2021 1017 2104 αἰχμαλώτους
1032 2022 1206 2103 εἰργάσατο,
1229 2021 1263 2084 ἐν
1276 2029 1324 2103 τῷ
1338 2027 1395 2084 νῦν
1406 2029 1443 2083 15

233 2125 410 2205 mataras
439 2124 473 2185 ἕν
499 2130 545 2204 τῷ
571 2122 720 2205 μέλλοντι.
766 2124 820 2187 τὸν
849 2124 883 2186 δὲ
909 2124 1097 2186 “bradeia'’
1122 2123 1229 2206 φάναι,
1261 2124 1394 2205 “paida-

232 2226 392 2307 Μύρωπε
408 2226 542 2288 δέσποτα
550 2225 577 2287 ”.
623 2226 676 2289 καί
699 2226 833 2290 ἀκοῦσαι
848 2232 961 2308 φωνῆς
977 2225 1127 2308 λεγούσης
1142 2226 1323 2309 “παράδοτε
1338 2225 1396 2291 οὖν

232 2340 267 2396 35
278 2326 373 2392 αὐτὸν
394 2334 534 2412 παγγενῆ
560 2326 664 2411 Φωκᾷ
687 2335 733 2411 τῷ
761 2328 930 2413 στρατιώτῃ
938 2328 966 2391 ”.
1013 2328 1202 2400 διυπνισδείς
1229 2328 1333 2393 τοίνυν
1359 2329 1396 2393 ἐκ

277 2555 294 2608 9
311 2553 371 2622 περί
390 2560 435 2608 τοῦ
454 2553 556 2623 ὀνείρου
577 2553 632 2620 ΟΕ,
661 2553 694 2608 σύ
714 2555 779 2618 (sic)
797 2555 814 2608 δ
830 2553 954 2624 βασιλεὺς
971 2554 1098 2609 ἐβιάσατο
1117 2553 1141 2608 Ε
1169 2555 1212 2623 (in
1230 2553 1254 2608 E
1273 2555 1331 2610 hoe
1349 2571 1396 2610 ar·

276 2629 455 2696 gumentum
475 2627 612 2694 seqnitur
631 2625 768 2694 alterum,
788 2625 870 2694 quod
890 2641 909 2678 a
927 2625 1016 2680 nobis
1035 2626 1188 2680 adiectum
1205 2631 1253 2681 est
1270 2625 1311 2680 ad
1329 2642 1396 2682 ver·

276 2711 343 2750 sum
364 2697 406 2760 ll)
531 2698 563 2749 ll
583 2699 621 2750 ὅτι
640 2697 726 2750 ε’δίιτο
744 2696 899 2823 δέασιλεδς
918 2704 964 2752 τοῦ
983 2697 1049 2752 θεοῦ
1067 2697 1181 2752 ἐνταῦθα
1200 2697 1276 2757 δίκας
1295 2697 1394 2753 ἰκτῖσαι

277 2768 386 2836 (ι’κτίσαι
406 2767 462 2835 OE,
482 2783 509 2822 v.
530 2767 569 2822 ad
589 2784 617 2838 p.
638 2768 697 2836 194,
717 2769 744 2832 3)
802 2769 812 2787 ¹

328 2978 345 3032 3
364 2986 402 3046 τῷ
415 2979 473 3047 daed
486 2977 559 3048 Ewp
631 2979 731 3034 ίκτΐσαι
745 2977 781 3047 Α,
800 2978 899 3033 ε’κτίσαι
913 2978 995 3049 pr,
1015 2994 1043 3033 ν.
1063 2993 1098 3031 ar
1121 2993 1181 3032 um.
1196 2979 1237 3033 ad
1250 2995 1278 3049 p.
1290 2979 1348 3047 194,
1361 2979 1394 3034 11

329 3051 346 3103 6
362 3052 386 3120 ᾧ
400 3047 510 3119 Apr,
529 3050 561 3118 φί
574 3049 606 3118 Β,
625 3059 660 3118 φῖ
670 3049 737 3106 CDi
809 3053 825 3104 7
839 3051 906 3104 ὤετο
918 3049 985 3104 εἶναι
997 3057 1087 3103 τοῦτον
1098 2993 1196 3119 δίψῃ)
1268 3050 1302 3104 10
1313 3071 1395 3120 παρε-

328 3129 417 3176 σιᾶναι
438 3121 509 3190 Ewp
622 3123 656 3175 12
674 3122 720 3176 καί
739 3137 796 3176 om.
816 3121 840 3175 E
956 3129 1001 3176 τοῦ
1020 3121 1151 3190 βασιλέως
1168 3123 1303 3192 καταβοᾶν
1321 3122 1395 3192 Ewp

331 3193 364 3247 13
381 3194 537 3262 παρεστάναι
551 3193 623 3264 Ewp
696 3199 765 3264 post
782 3194 926 3262 μανρίκιον
937 3192 1007 3246 add.
1020 3191 1217 3248 κελεύουσσνΟ
1290 3193 1325 3247 14
1341 3196 1394 3263 ὅπη

329 3265 423 3334 ii(wp)
498 3265 531 3318 15
549 3265 594 3318 καὶ
614 3265 758 3335 0111.pr
833 3263 865 3318 16
884 3271 966 3333 φᾶναι
980 3262 1076 3334 CEwp
1150 3264 1182 3318 17
1201 3272 1265 3334 γοῦν
1280 3264 1395 3336 EwpDi

1187 3371 1199 3397 Q

231 3483 264 3537 27
276 3481 363 3536 brevi
381 3481 549 3551 periturum
569 3495 634 3535 esse
654 3481 757 3550 gladio
770 3479 959 3535 exclamavit.
997 3479 1161 3534 Mauricius
1178 3480 1273 3549 igitur
1283 3481 1395 3536 iniuria

276 3555 306 3607 in
326 3553 463 3622 captivos
482 3557 623 3621 reputata
643 3553 732 3606 deum
755 3553 965 3616 saevitatis
984 3551 1040 3605 hae
1068 3552 1132 3605 vita
1154 3566 1271 3621 poenas
1299 3551 1338 3606 de
1361 3569 1394 3608 se

276 3629 416 3692 sumeret,
435 3629 465 3678 et
485 3637 732 3692 quoquoversum
750 3624 830 3677 misit
847 3624 887 3677 ab
907 3622 1046 3678 omnibus
1065 3627 1181 3692 petens,
1198 3627 1234 3676 ut
1252 3623 1283 3676 id
1301 3639 1321 3676 a
1335 3624 1393 3680 deo

230 3696 416 3766 28preeibus
444 3697 648 3764 impetrarent.
687 3694 760 3750 Cum
789 3700 890 3749 autem
916 3695 997 3748 fama
1020 3703 1099 3748 esset
1120 3709 1331 3749 successurum
1356 3698 1393 3764 ei,

276 3769 362 3821 euius
372 3781 482 3820 nomen
493 3782 510 3820 a
521 3769 546 3836 ip*
556 3767 710 3836 inciperet,
725 3765 923 3835 l'hiiippicum
934 3779 1082 3834 generum
1092 3779 1162 3820 eum
1172 3779 1238 3819 esse
1248 3772 1332 3820 ratus
1343 3767 1394 3822 ho-

230 3839 265 3895 29
275 3840 385 3893 minem
396 3843 568 3908 suspectum
581 3837 692 3891 habere
700 3839 812 3906 eoepit;
823 3843 915 3906 atque
926 3837 966 3889 iiii
976 3851 1016 3890 ne
1025 3836 1177 3890 deiuranti
1187 3837 1309 3906 quidem
1319 3839 1394 3892 nihil

230 3913 266 3966 30
275 3911 335 3964 tale
345 3911 401 3964 sibi
412 3925 548 3979 unquam
558 3911 588 3964 in
598 3915 728 3963 mentem
739 3911 859 3962 venisse
869 3908 958 3962 fidem
969 3907 1075 3961 habuit
1084 3909 1176 3976 prius,
1190 3922 1282 3977 qnam
1291 3909 1393 3964 huius-

230 3982 356 4038 sinodi
369 3983 518 4036 somnium
532 3981 657 4035 videret.
695 3980 827 4033 Putabat
840 3980 960 4033 turbam
973 3979 1110 4033 insistere
1122 3994 1264 4049 magnam
1278 3981 1392 4050 effigiei

275 4052 383 4108 Christi
397 4054 561 4108 servatoris
574 4053 676 4118 nostri,
697 4065 777 4120 qnae
790 4065 883 4120 supra
896 4065 1017 4104 aeream
1030 4055 1148 4119 portam
1163 4056 1216 4118 est,
1237 4056 1267 4105 et
1285 4059 1392 4106 eontra

230 4127 265 4182 32
275 4141 378 4196 regem
388 4125 559 4191 vociferari,
572 4123 733 4192 audirique
746 4137 853 4176 voeem
867 4138 906 4176 ex
918 4122 1052 4190 imagine
1063 4123 1269 4191 imperantem,
1283 4121 1392 4177 Manri-

275 4200 339 4252 eius
353 4197 481 4262 adesset,
495 4209 625 4264 eumque
638 4195 737 4248 stetim
748 4193 914 4247 adductum
924 4193 1036 4262 rogari,
1049 4203 1118 4246 utro
1130 4192 1195 4247 loeo
1206 4194 1349 4248 facinoris
1358 4196 1392 4249 in

275 4270 412 4339 captivos
435 4267 557 4320 admissi
583 4279 697 4335 poenas
723 4265 798 4319 dare
819 4265 928 4332 maliet,
953 4265 984 4318 in
1008 4265 1064 4317 hae
1085 4265 1150 4318 vita
1168 4279 1208 4319 an
1227 4264 1258 4318 in
1277 4265 1390 4320 futura.

230 4340 350 4394 ididam
370 4339 484 4393 dixisse
511 4337 571 4391 “In
591 4337 655 4404 hae,
677 4337 810 4390 humane
829 4335 965 4391 domins’'
986 4342 1016 4390 et
1035 4336 1156 4390 audisse
1175 4350 1290 4402 vocem,
1309 4351 1391 4405 qnae

245 4411 264 4467 ‘5
275 4411 402 4466 diceret:
415 4409 563 4464 “Tradite
577 4425 650 4480 erga
666 4423 734 4464 eum
748 4423 816 4464 eum
830 4409 911 4462 amni
925 4408 1040 4461 familia
1054 4407 1174 4462 Phoeae
1186 4407 1272 4462 militi
1278 4407 1301 4462 ”.
1333 4408 1391 4464 Ex·
