3050 4775
273 431 327 491 ιιε
543 430 679 492 εοεαε.
699 431 798 493 sem.
817 431 886 492 xm
905 434 947 504 τε,
967 434 1080 506 ιο-τι,
1101 435 1124 492 1.

270 619 450 701 προείρηται
480 618 567 700 παρὰ
595 623 650 682 τοῦ
679 617 780 702 Δαβλδ
806 618 980 702 εἰρηκότος·
1012 618 1084 683 ’ὅσα
1112 618 1344 702 ἐπονηρεάσατο
1372 618 1392 682 6

271 720 389 804 ἕχδρδς
412 721 445 783 ἕν
466 727 512 802 τῷ
541 721 621 804 ἁγίῳ
649 745 717 802 σου,
749 721 803 784 καί
835 721 1085 804 ἕνεκανχήσαιτο
1112 723 1143 785 ολ
1167 723 1330 804 μισοῦντές
1356 745 1392 784 σε

271 825 304 885 tv
326 824 417 905 μέσῳ
439 829 494 906 τῆς
517 823 626 907 ἑορτής
655 824 734 888 σου.’
779 825 843 886 tosa
871 822 939 905 οὖν,
971 825 1109 907 βασιλεῦ,
1142 825 1189 895 ὡς
1212 823 1276 888 ἀπδ
1298 823 1391 886 τοῦδε

56 929 202 985 Pluton
223 929 259 984 20
268 925 385 1008 χρόνον
399 925 590 1008 βασιλεύσεις
606 925 768 1008 δεκαετή.”
812 926 865 990 καί
881 927 900 990 6
915 927 1009 1009 λόγος
1023 929 1117 1009 ἔργον
1138 929 1270 1008 ἐγένετο·
1295 927 1391 989 ἔδακε

269 1027 329 1109 γὰρ
345 1027 364 1090 6
380 1027 475 1090 Δίων
491 1027 568 1110 μετὰ
593 1027 670 1092 δέκα
695 1029 854 1098 ἓνιαιαοὺς
876 1026 944 1093 κατ’
968 1030 1066 1113 αὐτήν
1087 1031 1144 1113 τήν
1166 1031 1288 1113 ἡμέραν
1310 1025 1417 1092 καθ’ί)

268 1133 307 1212 ἣν
331 1129 448 1212 ἐπλήγη
472 1130 539 1192 τότε
560 1131 616 1213 τήν
639 1131 789 1213 κεφαλήν.

223 1239 254 1292 21
354 1230 394 1295 ‘0
416 1232 477 1316 ήδη
503 1232 537 1296 δὲ
560 1231 669 1316 ῥηθείς
685 1231 849 1315 Σαμωνᾶς
871 1233 958 1316 παρὰ
981 1242 1027 1316 τῷ
1048 1234 1170 1317 βασιλεῖ
1187 1234 1307 1316 μεγάλα
1332 1234 1387 1296 δυ-

269 1335 403 1416 νάμενος
425 1335 560 1398 πλοῦτόν
582 1358 613 1397 τε
637 1335 756 1418 δαψιλῆ
777 1336 1032 1418 περιβαλόμενος,
1059 1337 1113 1399 καὶ
1142 1342 1251 1399 τοῦτον
1278 1336 1388 1418 λαβὼν

222 1438 311 1506 22είς
333 1436 405 1506 τοὺς
425 1437 626 1521 Ἂγαρηνούς,
659 1438 736 1501 ὅθεν
759 1439 901 1521 ὥρμητο,
931 1439 1167 1520 ἀπεδίδρασκεν.
1212 1435 1278 1502 ἀλλ’
1302 1439 1425 1502 ἑάλωλ)
1441 1443 1510 1498 ivs

267 1538 320 1602 τὸν
337 1539 430 1602 Ἅλυν
463 1539 634 1620 διαπερῶν·
667 1540 685 1601 6
713 1541 747 1602 δὲ
776 1543 819 1610 εἰς
846 1542 900 1604 τὸν
927 1542 961 1604 ἓν
983 1540 1097 1625 Σιριχᾶ
1125 1541 1260 1623 σταυρὸν
1287 1542 1388 1623 ἔλεγεν
1399 1551 1435 1603 10

222 1649 257 1702 23
267 1643 397 1724 ἀπιέναι,
425 1647 516 1704 τοῦτο
543 1642 639 1725 εὐχήν
661 1644 886 1726 ποιησάμενος·
921 1646 957 1707 ὃν
979 1644 1089 1726 λαβὼν
1114 1643 1347 1713 Κωνσταντῖνος
1369 1643 1389 1706 6

266 1749 321 1807 τοῦ
355 1743 479 1814 Δουκδς
507 1744 710 1826 Ἀνδρονίκου
742 1745 810 1814 υίδς
842 1747 885 1815 είς
916 1745 951 1809 τὸ
981 1745 1153 1819 Βυζάντιον
1185 1745 1388 1828 ἐπανήγαγεν.

222 1846 285 1908 24δ
310 1846 344 1909 δὲ
366 1846 509 1928 βασιλεὺς
532 1848 573 1909 ἔτι
597 1851 703 1929 τηρῶν
726 1855 772 1929 τῷ
788 1847 935 1931 Σαμωνᾷ
949 1849 1006 1931 τήν
1023 1848 1137 1932 πρηίην
1160 1848 1299 1912 διάδοσιν
1322 1849 1387 1911 ἓνε-

266 1948 383 2011 τείλατο
405 1956 451 2029 τῷ
467 1948 706 2030 Κωνσταντίνῳ,
730 1952 759 2013 εἰ
780 1951 954 2034 ἓρωτηδείη
979 1951 1114 2014 ἐνώπιον
1136 1957 1190 2033 τής
1212 1950 1388 2033 συγκλήτου

233 2049 337 2132 Βπερλ
364 2057 418 2114 τοῦ
442 2051 598 2133 Σαμωνᾶ,
630 2051 675 2134 μή
709 2054 804 2115 εἰπεῖν
835 2054 879 2116 ὅτι
912 2053 1150 2135 ἀπεδίδρασκεν,
1182 2048 1248 2116 ἀλλ’
1272 2053 1318 2116 δτι
1344 2053 1388 2123 είς
1400 2061 1436 2115 15

222 2163 257 2218 25
266 2153 319 2216 τὸν
336 2153 369 2216 ἐν
385 2152 499 2236 Σιριχᾶ
515 2152 606 2237 ἀπῄει
630 2155 773 2237 σταυρόν.
818 2162 856 2238 τῇ
880 2152 908 2218 δ’
933 2156 1005 2239 ἑξής
1031 2164 1085 2240 τής
1107 2157 1282 2239 συγκλήτου
1304 2181 1387 2240 παρ-

267 2257 364 2339 ούσης
391 2259 483 2339 ήρετο
514 2253 589 2339 μεθ’
619 2257 728 2340 ὅρκων
755 2258 923 2340 ἐπαγωγῆς
949 2258 1004 2321 τὸν
1027 2257 1264 2322 Κωνσταντίνον
1286 2259 1305 2321 6
1326 2261 1387 2342 βα-

267 2358 366 2429 σιλεὺς
381 2361 410 2422 ελ
423 2361 553 2442 ἔφευγεν
569 2359 587 2423 6
602 2358 778 2443 Σαμωνᾶς·
802 2359 821 2423 6
840 2359 875 2423 δὲ
898 2360 948 2424 διὰ
971 2359 1044 2430 τοὺς
1067 2360 1185 2443 ὅρκους
1206 2362 1388 2445 ψεύσασθαι

265 2461 310 2543 μὴ
340 2462 478 2545 θελήσας
505 2460 587 2525 εἶπεν
614 2462 659 2526 δτι
688 2463 731 2532 εἰς
758 2463 815 2545 τήν
838 2463 955 2527 οἰκείαν
976 2463 1110 2546 πατρίδα
1132 2464 1188 2547 τήν
1211 2464 1387 2549 Μελιτηνὴν

266 2700 282 2756 7
301 2702 338 2754 δτι
359 2700 564 2769 ἀποδιδράσκων
582 2702 746 2770 (ἀποδράσας
766 2702 800 2768 Ε)
818 2704 834 2755 6
852 2704 986 2772 Σαμωνιῑς
1005 2703 1162 2773 κατελήφθη
1182 2702 1230 2759 ΟΕ

320 2928 332 2983 l
347 2929 489 2998 προείρητο
502 2926 618 2997 EwpDi
690 2926 785 2997 Δαβίδ]
800 2884 963 2995 Ρελλιηίῗδ,
974 2929 1019 2983 391.
1082 2929 1166 2988 Ξτοΐς
1180 2928 1262 3053 ἁγίοις
1276 2926 1383 2984 psalm.

317 3000 379 3054 Le.
477 3000 575 3069 3γοῦν
596 2998 666 3069 1¹]th
757 2999 917 3070 &timp
1008 3000 1090 3069 trip
1110 3016 1166 3054 om.
1300 3000 1384 3067 (ἱτήν

317 3093 381 3141 usp.
401 3074 458 3125 τότε
477 3070 504 3125 D
607 3070 743 3138 Ίρηδείς]
764 3070 830 3125 Xt'l
854 3072 895 3139 12,
913 3071 948 3125 35
1047 3072 1301 3142 8περιβαλλάμενος
1320 3070 1347 3124 Ι)

319 3145 349 3197 11
370 3145 454 3212 τούτῳ
474 3140 581 3213 w*th'
600 3142 702 3196 invitis
721 3142 775 3195 AR
847 3143 881 3196 13
898 3142 1049 3211 πρώτηνῦ
1127 3144 1160 3197 16
1178 3150 1253 3211 σιρᾶχ
1273 3145 1338 3207 (sic)
1357 3141 1384 3197 Α

317 3216 374 3271 hoc
393 3231 455 3269 mm
476 3217 541 3269 ioco
615 3215 648 3269 17
667 3215 760 3285 δβασ,
781 3230 838 3267 om.
859 3214 881 3267 Β
902 3215 951 3269 Wo
970 3214 1021 3268 ist.

265 3450 379 3505 verbis:
406 3448 508 3513 ‘Quas
527 3448 620 3503 hostis
644 3453 715 3502 ttius
734 3449 763 3501 in
784 3454 889 3503 sancto
908 3448 1045 3519 improbe
1064 3449 1127 3518 egit
1146 3450 1246 3517 etqui
1265 3453 1295 3503 te
1314 3448 1383 3503 ode·

263 3528 342 3589 nunt,
366 3522 397 3575 in
416 3520 515 3575 medio
535 3520 706 3575 festivitatis
725 3520 845 3589 gloriati
865 3519 954 3574 sunt*
989 3518 1070 3574 Scito
1089 3520 1191 3589 igitur,
1210 3534 1274 3587 rex,
1294 3526 1324 3575 te
1343 3522 1382 3574 sb

219 3592 255 3646 20
265 3595 321 3648 hoe
339 3598 474 3662 tempore
485 3592 589 3647 decem
603 3606 699 3645 annos
712 3591 940 3661 regnaturum.'’
964 3591 1223 3656 Quemadmodum
1236 3592 1320 3659 dixit,
1339 3594 1383 3648 its

264 3668 377 3719 iactum
400 3670 457 3733 est3
485 3678 555 3717 nam
574 3663 637 3717 Leo
666 3668 733 3733 post
761 3664 941 3717 decennium
969 3678 1006 3717 eo
1034 3664 1101 3732 ipsc
1124 3663 1182 3731 die,
1209 3678 1270 3732 quo
1291 3670 1383 3733 caput

264 3739 340 3791 ictus
360 3740 434 3801 erat,
453 3742 498 3790 cst
517 3740 661 3790 mortuus.

218 3806 252 3861 21
352 3806 499 3862 Santonas
518 3812 627 3873 eutem,
656 3806 694 3860 de
722 3820 783 3875 quo
808 3806 1061 3875 supradiximus,
1089 3820 1156 3860 cum
1175 3807 1259 3876 apud
1277 3822 1382 3876 regem

264 3880 388 3935 multum
408 3885 518 3949 posset,
546 3893 613 3933 cum
642 3880 761 3946 magnis
781 3877 890 3947 opibus
919 3878 1024 3947 fugam
1044 3878 1085 3931 ad
1102 3875 1271 3947 Agerenos‚
1299 3879 1383 3932 unde

219 3951 254 4005 22
264 3958 348 4006 ortus
367 3957 441 4021 erat,
469 3952 606 4020 capessit.
644 3948 703 4004 Sed
727 3950 757 4001 in
777 3950 907 4002 transitu
925 3948 1020 4017 Hsiys
1048 3954 1164 4018 captus,
1192 3951 1331 4018 quemvis
1349 3964 1383 4003 se

219 4023 254 4078 23
264 4038 300 4077 ex
330 4027 401 4077 voto
430 4038 550 4077 crucem
579 4020 766 4077 Sirichansm
793 4020 880 4074 edire
907 4020 1029 4085 diceret,
1058 4021 1252 4075 nihilominus
1270 4036 1289 4074 ιι
1307 4020 1383 4075 Con·

218 4094 252 4148 24
264 4098 403 4161 stnntino,
433 4093 538 4149 Dusae
565 4092 729 4146 Andronici
759 4091 828 4157 iilic,
856 4090 1036 4161 Byzantium
1064 4097 1110 4145 est
1137 4091 1288 4146 reductus.
1326 4091 1382 4147 Cni

263 4166 460 4221 Coisstsntino
474 4180 537 4233 rex,
557 4168 737 4218 conservato
751 4163 877 4232 pristino
891 4178 966 4232 erge
979 4161 1141 4217 samonam
1160 4162 1280 4231 effectu,
1300 4178 1382 4219 men·

264 4238 356 4305 davit,
376 4244 410 4291 ut
433 4252 534 4291 coram
564 4240 673 4288 senntn
701 4234 907 4303 interrogatus
935 4234 1050 4288 diceret
1076 4250 1145 4288 eum
1174 4250 1235 4288 non
1264 4236 1381 4305 cepisse

218 4308 378 4377 stringam,
410 4309 463 4362 sed
487 4308 526 4361 sd
554 4306 740 4360 Siricimnnm
776 4320 896 4359 erucem
924 4307 1152 4376 peregrinatum
1184 4321 1259 4360 esse.
1306 4306 1381 4362 Cum

263 4387 363 4435 etitem
385 4380 527 4449 postridie
546 4384 655 4432 senatu
679 4383 839 4446 praesente
857 4375 1086 4432 Constmstinum
1115 4378 1312 4433 iureiurando
1331 4381 1381 4433 ob·

263 4452 398 4507 strictum
418 4466 472 4505 rex
491 4456 624 4521 rogaret,
649 4463 721 4503 num
742 4450 869 4518 [egisset
887 4448 1043 4519 semones,
1068 4451 1117 4504 iiie
1136 4452 1269 4522 periurio
1286 4451 1381 4505 refor-
