3050 4775
274 351 398 408 CYRVS
417 346 629 409 EPARCHVS.
666 347 896 410 FLAVIANVS.
934 353 1145 411 EVTYCHES.
1226 351 1276 410 tul

251 535 317 599 Τοῦ
343 535 538 618 πατριάρχου
568 535 602 598 δὲ
625 535 779 618 Πρόκλου
807 537 962 608 θανόντος
987 537 1065 620 μετὰ
1094 538 1275 602 δωδέκατον
1285 529 1328 593 23

154 638 225 707 ἔτος
256 639 291 711 ἐξ
322 638 395 702 ὅτου
428 640 565 722 προέστη
596 644 652 702 τοῦ
681 641 715 702 ἐν
737 641 1064 705 Κωνσταντινουπόλει
1094 640 1275 722 δρθοδόξου

3 740 245 821 curatrices,
269 741 391 811 όθεῖος
410 740 587 823 Φλαβιανὸς
602 743 645 811 εἰς
663 740 717 804 τδν
739 742 859 805 ἐκείνου
882 742 1003 824 θρόνον
1026 742 1274 825 ἐγκαθιδρύεται.

156 843 208 906 ὅτε
235 843 290 905 καὶ
316 843 335 906 ὃ
357 842 503 926 Ειπυχὴς
531 844 774 927 ἀρχιμανδρίτης
801 847 849 908 ὢν
876 847 1057 928 ἕδογμάτιζε
1083 845 1138 908 τὸν
1165 846 1302 927 aripert

127 946 252 1028 τ’)ήμῶν
268 943 392 1028 Ἰησοῦν
416 945 555 1026 Χριστόν
581 948 627 1030 μὴ
654 946 710 1016 τὰς
737 947 797 1010 δύο
824 950 933 1030 φύσεις
959 955 1090 1032 τηρῆσαι
1116 947 1193 1030 μετὰ
1221 948 1276 1028 τὴν

156 1049 408 1132 ἐνανθρώπησιν,
431 1048 496 1113 ἀλλ’
513 1052 556 1120 εἰς
569 1051 645 1131 μίαν
659 1051 754 1132 φύσιν
770 1052 872 1132 ἄμφω
888 1051 1107 1134 συγκραθῆναι
1121 1050 1175 1113 καὶ
1196 1054 1309 1131 συμ-Β

155 1152 328 1234 φυρθῆναι.
362 1158 471 1215 τοῦτον
488 1152 688 1236 ἀδιόρθωτον
702 1155 836 1234 μένοντα
853 1154 871 1217 6
891 1153 1068 1236 Φλαβιανδς
1082 1159 1138 1218 τοῦ
1154 1159 1208 1236 τῆς
1224 1154 1303 1216 tsi-3

155 1255 286 1336 κλησίας
301 1255 435 1336 ἐξέκοψε
449 1256 607 1337 σώματος,
630 1256 744 1338 ἵναμὴ
769 1263 823 1339 τῆς
845 1257 947 1338 λύμης
968 1257 1022 1319 καὶ
1044 1263 1090 1339 τῷ
1112 1257 1277 1338 ὑγιαίνοντι

155 1358 295 1440 μεταδῷ.
316 1358 474 1439 πρόσεισιν
489 1356 546 1421 οὖν
561 1358 580 1421 δ
597 1357 741 1441 Εὐτυχὴς
752 1357 935 1441 Χρυσαφίῳ
950 1367 996 1441 τῷ
1012 1359 1141 1440 ἔκτομίᾳ
1156 1357 1303 1440 δμοδο-4

113 1468 148 1522 10
157 1463 262 1533 ξοῦνιι
276 1461 364 1542 αὐτῷ
374 1461 429 1524 καὶ
439 1461 563 1524 πλεῖστα
576 1462 744 1543 δυναμένῳ
755 1459 842 1542 παρὰ
854 1469 901 1542 τῷ
912 1462 1042 1543 βασιλεῖ·
1060 1462 1113 1524 καὶ
1129 1461 1165 1532 ὃς
1175 1459 1303 1524 saisisti

155 1561 212 1625 τὸν
226 1559 397 1626 Θεοδόσιον
419 1564 581 1644 ἐπιτρέψαι
603 1571 650 1645 τῷ
670 1564 749 1646 μετὰ
772 1563 828 1646 τὴν
850 1569 905 1626 τοῦ
929 1564 1102 1644 ἁγιωτάτου
1118 1562 1276 1644 Κυρίλλου

155 1664 341 1747 μετάστασιν
370 1671 426 1747 τῆς
448 1665 682 1747 Ἀλεξανδρείας
712 1665 767 1728 τὸν
798 1665 918 1746 θρόνον
949 1666 1082 1729 διέποντι
1110 1664 1277 1746 Διοσκόρω

156 1767 391 1850 παραγενέσθαι
405 1767 602 1850 εἷςἜηιεσον
619 1763 694 1850 μεθ’
718 1769 835 1849 ἑτέρων
858 1769 1039 1832 ἐπισκόπων
1062 1766 1174 1831 καὶτὰ
1197 1767 1277 1831 κατὰ

157 1870 213 1934 τὸν
238 1869 367 1953 Εὐτυχῆ
399 1871 562 1952 γυμνάσαι,
593 1872 750 1953 παρόντος
781 1871 836 1934 καὶ
866 1877 921 1933 τοῦ
953 1870 1141 1952 Φλαβιανοῦ.
1186 1867 1304 1939 οὗτοςὸ

114 1981 149 2035 15
159 1971 217 2036 οὖν
240 1971 448 2053 ὁΔιόσκορος
462 1979 518 2036 τοῦ
534 1972 698 2055 Εὐιυχοῦς
720 1975 885 2056 τυγχάνων
908 1972 1067 2056 όμόδοξος
1089 1973 1142 2036 καὶ
1165 1971 1278 2041 ἄλλους

158 2076 349 2146 ἐπισκόπους
370 2074 593 2158 προσειληφὼς
615 2077 848 2159 ὁμογνώμονας
870 2078 912 2146 εἰς
921 2070 1064 2158 Ἔφεσον
1079 2076 1311 2157 παραγίνεταιῦ

158 2178 213 2240 καὶ
235 2185 332 2260 κυροῖ
349 2177 386 2240 τὰ
408 2177 496 2258 παρὰ
518 2184 574 2241 τοῦ
590 2176 755 2260 Εὐτυχοῦς
778 2177 971 2260 εἰσαγόμενα.
1017 2177 1225 2258 ἀντιλέγοντος
1244 2175 1304 2239 δὲ’(

158 2285 215 2342 τοῦ
244 2280 412 2359 ἱερωτάτου
439 2279 629 2363 Φλαβιανοῦ,
663 2280 713 2344 οἷά
744 2305 789 2351 τις
820 2281 929 2364 ἄγριος
957 2281 1032 2350 ὄνος
1058 2278 1232 2361 ἀναθορὼν
1260 2279 1278 2341 ὁ

160 2503 174 2555 1
194 2503 319 2570 περὶτοῦ
335 2502 499 2571 πατριάρχου
520 2504 669 2572 Φλαβιανοῦ
692 2504 737 2556 καὶ
759 2504 820 2571 περὶ
843 2503 913 2571 (περὶ
937 2518 994 2557 om.
1014 2502 1049 2569 E)
1072 2502 1209 2571 Εὐτυχοῢς
1232 2508 1278 2554 τοῦ

157 2576 294 2641 αἱρετικοῦ
313 2573 360 2629 cl}
464 2574 482 2628 9
500 2576 539 2627 ότι
558 2582 596 2643 τῷ
611 2574 805 2642 Ἀλεξανδρείας
824 2576 964 2643 Διοσκόρῳ
984 2572 1114 2641 ἐπετράπη
1134 2574 1151 2642 ἡ
1170 2573 1278 2641 ζήτησις

158 2653 213 2699 τῶν
232 2654 277 2701 τοῦ
295 2646 432 2714 Εὐτυχοῦς
451 2647 599 2715 δογμάτων,
618 2646 664 2699 καὶ
682 2648 730 2700 ὅσα
748 2646 848 2705 ἐκεῖνος
865 2646 985 2714 ἐποίησεν
1004 2644 1027 2699 C

211 2849 382 2905 460m.B
481 2851 728 2921 ᾶνχιμανδρίτηςΒ
828 2850 911 2905 sois
931 2867 987 2905 om.
1007 2849 1055 2905 BC
1152 2851 1184 2904 ll
1204 2850 1279 2919 ἁγίου

211 2919 334 2992 prDi
406 2922 441 2977 13
458 2923 524 2991 μετὰ
541 2924 566 2977 E
639 2924 672 2978 11
691 2924 721 2977 δὲ
739 2924 824 2977 initio
846 2923 979 2992 paginae
997 2938 1053 2975 orn.
1075 2920 1097 2977 C

248 3138 292 3191 23.
329 3137 436 3192 Proclo
454 3144 555 3192 autem
568 3138 741 3206 patriarcha
754 3143 883 3203 mortuo,
903 3154 971 3192 cum
984 3136 1042 3191 XII
1056 3151 1153 3191 anuos
1167 3135 1279 3205 populo

158 3208 318 3278 cpolitano
339 3209 508 3263 orthodoxo
527 3209 717 3278 praefuisset,
738 3210 859 3262 divinus
876 3209 1041 3263 Flavianus
1059 3210 1090 3261 in
1109 3208 1188 3261 illius
1208 3206 1280 3261 sede

158 3280 359 3334 constituitur.
397 3278 460 3335 Sub
485 3280 564 3334 idem
590 3286 709 3350 tempus
735 3287 766 3335 et
791 3281 942 3350 Eutyches
966 3278 1090 3348 quidam
1114 3274 1307 3332 sichimus-2

159 3351 239 3405 drita
257 3351 388 3405 docebat
405 3350 506 3405 Iesum
523 3351 681 3418 Christum,
700 3352 854 3405 dominum
874 3358 1019 3417 nostrum,
1041 3366 1112 3405 suas
1134 3350 1210 3405 duas
1229 3362 1280 3402 na·

156 3422 243 3475 'tures
266 3430 334 3491 post
350 3424 597 3480 'incarnationem
624 3439 685 3477 non
712 3438 852 3477 servasse·
878 3423 931 3477 sed
959 3424 991 3476 in
1018 3436 1109 3475 unam
1139 3425 1280 3475 naturam

158 3494 265 3547 ambas
286 3508 352 3548 esse
372 3495 543 3548 commistus
564 3500 593 3548 et
612 3496 764 3548 confusas.
801 3494 898 3560 Hunc,
919 3508 988 3547 cum
1008 3494 1046 3547 de
1065 3493 1215 3547 sententia
1231 3489 1307 3545 ‹le-3

158 3564 229 3619 duci
248 3581 310 3619 non
329 3566 487 3635 potuisset,
514 3565 679 3619 Flavianus
698 3565 736 3619 ab
756 3565 903 3619 ecclesiae
923 3564 1052 3619 abscidit
1077 3579 1212 3632 corpore,
1241 3577 1281 3616 ne

158 3636 209 3690 illa
229 3641 313 3706 peste
333 3643 363 3691 et
382 3652 458 3691 sana
475 3637 612 3691 membra
630 3637 774 3691 inficeret.
810 3635 882 3690 Adit
904 3638 997 3705 igitur
1018 3635 1171 3703 Eutyches
1190 3631 1308 3702 Chry-4

159 3708 299 3777 zephium
318 3708 491 3763 eunuchum
511 3708 646 3762 eiusdem
666 3709 836 3761 sententiae
855 3709 1009 3774 asseclam,
1039 3708 1098 3774 qui,
1127 3720 1195 3759 cum
1218 3702 1308 3775 plu-5

159 3780 267 3833 rimum
293 3784 395 3849 posset
420 3778 503 3847 apud
529 3794 644 3848 regem,
673 3778 844 3833 Theodosio
869 3778 1041 3847 persuadet,
1071 3782 1105 3831 ut
1125 3776 1281 3843 Dioscoro,

160 3852 212 3919 qui
231 3857 300 3920 pest
318 3850 421 3920 Cyrilli
445 3849 524 3904 illius
547 3850 726 3903 sanctissimi
751 3851 865 3904 obitum
884 3849 1112 3904 Alexandrinae
1136 3848 1282 3903 ecclesiae

161 3929 310 3991 praeerat,
339 3921 528 3988 concederet,
547 3927 581 3975 ut
601 3936 671 3975 cum
690 3921 756 3975 aliis
776 3922 924 3991 episcopis
944 3921 1094 3990 Ephesum
1115 3920 1233 3973 veniret
1252 3922 1282 3971 et

161 3992 305 4061 Eutychis
324 3993 470 4063 dogmata
488 3997 654 4058 excuteret,
674 3998 835 4061 praesente
848 3994 938 4045 etiam
951 3992 1107 4045 Flaviano.
1145 3990 1174 4044 ls
1187 3988 1308 4060 igiturd

160 4062 333 4129 Dioscorus,
362 4064 414 4131 qui
438 4079 506 4117 curn
526 4064 664 4133 Eutyche
689 4064 769 4117 idern
793 4064 887 4117 sensit
908 4064 1044 4131 aliosque
1069 4064 1227 4132 episcopos
1251 4062 1281 4114 iu

161 4149 245 4188 suarn
271 4137 451 4189 sententium
474 4133 656 4202 adduxerat,
684 4135 837 4204 Ephesum
857 4139 1011 4205 protectus
1038 4138 1104 4188 rata
1130 4133 1203 4187 facit
1231 4131 1281 4185 do·

213 4211 265 4261 ata
278 4206 478 4275 Eutychiana.
515 4203 708 4261 Adversante
727 4212 829 4260 autem
848 4207 1035 4259 sanctissime
1055 4206 1106 4258 illo
1125 4201 1308 4267 Flavisn0,'l

190 4278 327 4331 'oscorus
345 4277 429 4331 velut
448 4279 552 4331 asinus
571 4277 695 4345 quidam
714 4280 797 4331 ferus
817 4277 960 4331 exsiliens
979 4276 1113 4330 calcibus
1131 4276 1161 4327 ln
1175 4279 1281 4342 pectus

162 4350 202 4418 pii
230 4348 310 4402 illius
337 4350 395 4402 viri
422 4349 537 4404 insiluit
565 4363 667 4418 neque
691 4348 776 4418 prius
799 4350 912 4419 pugnis
932 4349 998 4403 eius
1021 4348 1107 4417 genis
1131 4345 1281 4416 percussis
