3050 4775
270 356 321 416 iit
560 352 695 415 ZONAR
715 354 814 413 ΕΡΙΤ.
833 352 903 413 XIV
923 356 965 427 10,
985 352 1098 413 ia-tt.

269 540 501 624 προσελθόντος
533 541 620 623 αὐτῷ
651 564 732 611 τινος
764 540 818 603 καί
845 541 1032 623 αἰτιωμένου
1060 544 1125 603 τῶν
1151 539 1388 623 έπισημοτέρων

269 644 485 727 συγκλητικῶν
507 645 570 717 ἕνα,
592 644 819 727 μετεκαλέσατο
837 643 891 707 τὸν
905 644 1104 726 αἰτιώμενον·
1127 639 1194 706 ἀλλ’
1211 644 1272 707 οὐκ
1288 644 1387 727 ἀπήν-

226 757 259 810 14
269 770 359 830 τησεν
388 748 512 817 ἐκεῖνος.
559 746 620 810 εἶτα
649 746 702 810 καί
730 748 876 827 δεύτερον
906 747 997 809 tiezo
1018 748 1150 828 μήνυμα
1172 744 1255 828 πρὸς
1276 746 1386 809 αὐτόν·

270 850 288 911 6
312 850 347 913 δὲ
370 849 423 913 καί
445 848 557 912 τούτου
580 851 826 932 καταφρονήσας
848 853 892 921 εἰς
913 850 949 914 τδ
971 849 1132 932 βασιλικὸν
1155 849 1247 931 ἀπῄει
1264 848 1388 930 συμπό-

226 960 260 1015 15
270 970 350 1016 σιον’
383 953 471 1035 ἔτυχε
500 952 560 1034 γάρ
588 952 782 1034 κεκλημένος
809 953 891 1034 πρὸς
917 960 1017 1016 τοῦτο.
1063 952 1110 1021 ὡς
1133 952 1282 1015 δὲταῦτα
1304 953 1415 1033 ἔγνωδ

270 1054 289 1117 6
312 1056 458 1137 ἔπαρχος,
482 1053 606 1137 ἀπῆλθε
628 1054 774 1125 κάκεῖνος
801 1055 844 1125 είς
870 1055 908 1118 τὰ
935 1055 1094 1136 ἀνάκτορα
1126 1052 1180 1117 καί
1207 1052 1297 1136 εὗρεν
1325 1054 1386 1135 ήδη

226 1158 491 1239 16συνιστάμενον
516 1157 552 1220 τὸ
582 1158 735 1221 συσσίτιον
766 1159 822 1221 καί
847 1182 924 1241 φησι
949 1157 1030 1241 πρὸς
1057 1158 1112 1221 τὸν
1139 1156 1267 1238 βασιλέα
1290 1156 1388 1218 “tins-

270 1260 394 1343 σχάμην
416 1284 473 1343 σοι,
497 1259 634 1342 βασιλεῦ,
660 1260 709 1323 διὰ
733 1260 827 1324 τόσου
851 1267 964 1343 καιροῦ
986 1261 1109 1343 μηδένα
1129 1259 1306 1322 καταλιπεῖν
1321 1259 1388 1321 ἀδι-

270 1363 441 1445 κούμενον·
473 1368 565 1426 τοῦτο
595 1363 630 1426 δὲ
655 1363 783 1432 πάντως
810 1386 867 1445 μοι
895 1363 1113 1444 ἀνυσθήσεται,
1146 1364 1175 1425 εί
1198 1362 1252 1425 καί
1273 1361 1329 1443 τήν
1352 1360 1388 1424 ἐκ

183 1474 207 1529 Β
227 1476 260 1530 17
270 1472 326 1529 τοῦ
349 1465 486 1548 κράτους
508 1489 566 1529 σου
591 1466 773 1547 ἐπικουρίαν
796 1467 861 1548 ἔχω
884 1465 939 1529 καί
960 1465 1017 1549 τὴν
1039 1467 1155 1548 ῥοπήν·
1179 1465 1255 1528 etii
1269 1464 1389 1547 μᾶλλον
1401 1472 1435 1524 10

271 1568 365 1638 αὐτὸς
387 1573 451 1631 τῶν
474 1568 670 1632 ἀδικούντων
693 1568 834 1652 ἀντιποιῇ
856 1568 911 1633 καλ
933 1568 1045 1650 φιλίως
1067 1570 1172 1638 αὐτοῖς
1196 1568 1390 1650 διακείμενος

228 1672 536 1752 18συνεστιωμένους
565 1672 652 1753 ἔχεις,
685 1671 780 1734 οὐδέν
806 1694 863 1753 μοι
891 1673 973 1734 ἔσται
1000 1670 1167 1753 ἀνύσιμον·
1200 1674 1220 1753 ή
1245 1676 1321 1753 γοῦν
1343 1670 1388 1752 μὴ

227 1772 440 1855 19μεταδίδου
463 1774 640 1856 παρρησίας
663 1774 768 1844 αὐτοῖς
791 1776 810 1856 ή
834 1774 957 1837 παῦσόν
978 1797 1020 1856 με
1042 1780 1096 1857 τῆς
1119 1774 1251 1857 ἀρχῆς.”
1294 1771 1348 1836 καί
1371 1772 1390 1834 6

271 1876 425 1957 βασιλεύς,
450 1876 501 1937 “εῑ
521 1875 615 1947 αὐτὸς
638 1877 702 1958 ἐγώ
727 1877 815 1959 εῖμι”
838 1878 933 1959 φησίν
948 1876 1103 1958 “ἀδικῶν,
1127 1875 1336 1959 ἐξανάστησόν
1349 1899 1391 1957 με

227 1978 447 2041 iussistis?
492 1980 601 2042 αὐτίκα
624 1980 728 2041 τοίνυν
751 1980 770 2041 6
793 1980 932 2062 ἔπαρχος
946 1978 1000 2042 τδν
1018 1980 1204 2060 αἰτιώμενον
1219 1979 1338 2041 ἐκεῖνον
1353 1979 1390 2041 ἐκ
1404 1987 1435 2039 lt')

270 2087 325 2163 τῆς
347 2081 531 2152 πανδαισίας
554 2083 764 2166 ἐξαναστήσας
787 2083 840 2146 καί
863 2084 906 2153 εἰς
928 2081 963 2145 τὸ
982 2082 1181 2165 δικαστήριον
1195 2082 1391 2163 καταστήσας

271 2183 393 2266 καὶτῷ
415 2180 483 2248 κατ’
508 2186 605 2248 αὐτοῦ
628 2185 745 2267 λέγοντι
768 2186 958 2256 ουνδικάσας
983 2185 1088 2262 αὐτόν,
1121 2186 1175 2248 καί
1203 2184 1296 2267 γνοὺς
1323 2185 1389 2247 ἀδι-

271 2292 398 2363 κοῦντα,
431 2288 551 2350 ἐκεῖνον
576 2287 636 2369 μέν
664 2288 796 2352 ἐκόλασε
823 2294 889 2359 ταῖς
915 2289 959 2357 είς
986 2292 1080 2370 σῶμα
1104 2287 1246 2370 πληγαῖς,
1278 2294 1324 2369 τῷ
1357 2286 1391 2349 δὲ

271 2391 473 2473 ἀδικουμένῳ
501 2391 536 2454 έκ
564 2398 618 2474 τῆς
644 2392 765 2455 ἐκείνου
792 2392 960 2474 ὑπάρξεως
981 2391 1212 2454 πολλαπλάσιον
1235 2390 1390 2454 ἀποκατέ-

227 2500 363 2575 21οτησε
388 2491 423 2556 ro
452 2493 600 2576 ἀδίκημα.
646 2495 724 2557 ὅθεν
752 2495 905 2564 δείσαντες
932 2493 979 2564 οίς
1001 2493 1040 2577 ήν
1062 2495 1242 2576 προαίρεσις
1264 2493 1428 2556 πλεονε-Ι)
1443 2499 1486 2553 111
1504 2505 1525 2545 t:

271 2596 372 2678 κτική,
387 2601 443 2657 τοῦ
456 2596 573 2658 ἀδικεῖν
585 2597 796 2680 ἀνεστάλησαν
807 2597 860 2659 καί
872 2603 935 2666 τοῖς
947 2595 1149 2680 ἠδικημένοις
1164 2597 1207 2665 είς
1221 2596 1391 2678 συμβάσεις

273 2697 448 2780 ἐχώρησαν.

327 2893 344 2945 2
360 2893 565 2961 μετεχκαλίσατο
585 2892 621 2960 Ι),
642 2909 718 2947 corr.
736 2893 789 2952 Dw
867 2894 1016 2947 αι’τιαδέντα
1035 2892 1059 2947 Ο
1137 2888 1155 2945 ὅ
1172 2892 1239 2960 πρὸς
1257 2893 1349 2946 τούτου
1369 2891 1391 2947 C

325 2965 343 3018 b'
361 2963 427 3032 πρὸς
445 2963 469 3016 Β
494 2972 496 2976 ’
581 2965 598 3016 8
617 2985 646 3017 σε
666 2963 688 3017 Ε
803 2965 837 3018 10
854 2965 902 3034 τήν
921 2980 979 3018 oin.
998 2963 1051 3017 BD
1168 2964 1201 3017 14
1219 2963 1310 3032 φησίν]
1329 2965 1345 3016 6
1364 2963 1390 3016 D

328 3035 362 3088 16
380 3044 425 3104 τής
442 3035 597 3095 πανδαισίας
617 3035 725 3105 sijup,
745 3044 792 3091 τοῦ
810 3039 957 3103 συμποσίου
976 3035 1001 3089 Ο
1119 3036 1153 3089 19
1170 3036 1348 3088 πολυπλάσιον
1367 3035 1391 3088 Ε

326 3107 362 3160 20
381 3112 449 3176 post
467 3107 500 3176 ήν
518 3105 587 3160 add.
606 3107 623 3176 ή
643 3107 670 3159 D
742 3107 775 3162 21
796 3109 972 3177 συμβεβάσεις
990 3106 1015 3159 Β

273 3291 303 3340 et
322 3284 444 3354 quidam
464 3299 501 3340 ex
521 3284 734 3339 illustrioribus
762 3287 954 3341 senatoribus
973 3291 1135 3340 accusatus
1154 3301 1172 3338 a
1201 3284 1332 3354 quodam
1360 3289 1390 3339 et

229 3357 263 3412 14
273 3359 435 3410 arcessitus
454 3371 487 3410 se
501 3371 561 3410 non
577 3358 702 3424 sisteret,
723 3357 751 3411 ei
765 3358 866 3412 denuo
878 3359 1045 3412 denuntiat.
1082 3357 1122 3410 At
1134 3357 1183 3411 iiie
1198 3371 1236 3410 ue
1249 3364 1314 3410 tum
1328 3358 1390 3424 qui·

273 3428 341 3482 dem
355 3428 442 3481 adest
454 3432 626 3496 contempto
641 3429 824 3497 apparitore,
837 3430 891 3483 sed
904 3429 944 3482 ad
960 3430 1078 3498 regium
1093 3429 1267 3481 convivium
1278 3442 1311 3481 se
1322 3442 1390 3480 oon·

229 3499 263 3554 15
273 3501 340 3566 fert,
360 3514 420 3568 quo
440 3499 586 3553 invitatus
605 3505 678 3552 erat.
712 3500 755 3554 lio
769 3505 943 3570 praefectus
957 3500 1080 3570 cognito
1094 3500 1201 3568 etipse
1219 3499 1336 3568 regiam
1349 3499 1390 3552 in·

229 3573 263 3624 16
272 3585 404 3640 gressus,
416 3572 556 3638 quamvis
567 3572 707 3624 convivio
719 3573 778 3624 iam
788 3573 939 3638 incohato,
951 3573 1019 3641 regi
1027 3569 1134 3623 “Tibi'’
1143 3571 1241 3638 inquit
1248 3571 1391 3640 “promisi

273 3657 320 3695 me
334 3642 412 3695 intra
430 3647 546 3694 tantum
561 3647 680 3712 tempus
693 3643 867 3697 relicturum
878 3644 1038 3709 nemiuem,
1052 3643 1101 3695 cui
1115 3641 1201 3695 tieret
1210 3643 1336 3709 iniuria3
1350 3640 1391 3694 id·

273 3727 333 3781 que
349 3713 470 3766 omnino
484 3713 621 3780 efficiam,
641 3714 666 3766 si
680 3715 838 3783 potestatis
857 3721 928 3768 tuae
947 3715 1094 3767 auxilium
1115 3718 1207 3780 atque
1226 3713 1392 3766 auctoritas

229 3784 343 3838 limihi
373 3784 583 3854 suppetivcris.
621 3783 674 3839 Sin
699 3801 773 3840 vero
800 3787 864 3855 ipse
889 3787 1015 3840 iniurios
1039 3783 1158 3838 fovebis
1181 3784 1286 3852 eisque
1304 3789 1392 3838 utere

230 3857 264 3909 is
273 3856 377 3910 amicis
388 3863 417 3909 et
428 3857 584 3922 conviviis,
598 3857 669 3910 nihii
683 3863 789 3926 potero
801 3858 960 3927 perficers;
973 3862 1027 3910 aut
1039 3856 1133 3946 igitur
1144 3854 1201 3908 iilis
1215 3871 1275 3908 non
1290 3854 1393 3908 danda

230 3927 263 3981 19
274 3931 319 3980 ost
331 3925 460 3992 licentia,
482 3931 535 3981 aut
552 3929 622 3981 mihi
637 3930 832 3998 magistratus
845 3927 1051 3998 abrogandas.
1064 3927 1071 3946 ’
1107 3926 1185 3978 Tum
1198 3941 1252 3979 rex
1266 3923 1320 3980 “Si
1334 3941 1392 3995 ego

228 3999 264 4052 20
274 3997 361 4067 ipse”
370 3999 468 4066 inquit
477 3999 549 4052 “cui
560 3999 700 4052 iniuriam
711 4001 822 4068 socero,
833 4000 903 4054 iude
917 4016 965 4054 me
975 3999 1127 4052 abducito.
1135 3997 1151 4016 '⁹
1183 3996 1288 4051 Statim
1299 3998 1394 4121 ίχτῖεατ

275 4071 447 4138 praefectus
473 4085 558 4124 reum
586 4086 603 4125 e
632 4071 774 4124 convivio
803 4072 968 4125 abductum
996 4073 1027 4124 iu
1053 4071 1239 4140 praetorium
1265 4068 1304 4121 ad
1327 4070 1394 4122 uxit

274 4140 441 4210 auditaque
453 4142 606 4210 utrimque
620 4157 713 4196 causa
726 4143 817 4202 ilium,
835 4158 902 4196 cum
916 4148 1032 4197 sontem
1046 4141 1220 4205 invenisset,
1240 4140 1339 4208 plagis
1353 4144 1394 4193 ai·-

273 4213 345 4266 fecit
372 4221 401 4266 et
425 4215 595 4266 accusatori
620 4215 763 4267 damnum
788 4229 856 4268 cum
885 4215 1059 4268 accessione
1087 4212 1244 4280 multipiici
1273 4212 1394 4280 pensari

228 4286 260 4339 21
274 4285 368 4338 iussit.
391 4285 435 4337 Ex
450 4300 487 4337 eo
501 4285 636 4338 homines
649 4285 697 4339 sui
711 4286 905 4340 emolumenti
919 4301 987 4338 cum
1001 4285 1128 4338 aliorum
1142 4281 1322 4336 detrimento
1336 4291 1395 4336 stu-

275 4355 350 4410 diosi
365 4357 491 4409 iniurias
506 4359 606 4409 saccis
619 4357 759 4426 prohibiti
772 4373 839 4410 cum
851 4359 895 4423 iis,
910 4373 986 4427 quos
997 4357 1156 4422 laeserant,
1170 4359 1394 4423 transegerunt.
