<?xml version="1.0" encoding="UTF-8"?>
<!DOCTYPE html PUBLIC "-//W3C//DTD XHTML 1.0 Transitional//EN"
    "http://www.w3.org/TR/xhtml1/DTD/xhtml1-transitional.dtd">
<html xmlns="http://www.w3.org/1999/xhtml" xml:lang="en" lang="en">
 <head>
  <title>
</title>
<meta http-equiv="Content-Type" content="text/html;charset=utf-8" />
  <meta name='ocr-system' content='tesseract 3.04.00' />
  <meta name='ocr-capabilities' content='ocr_page ocr_carea ocr_par ocr_line ocrx_word'/>
</head>
<body>
  <div class='ocr_page' id='page_1' title='image "./corpusscriptoru01theogoog/corpusscriptoru01theogoog_0528.png"; bbox 0 0 3050 4775; ppageno 0'>
   <div class='ocr_carea' id='block_1_1' title="bbox 262 463 1120 532">
    <p class='ocr_par' dir='ltr' id='par_1_1' title="bbox 262 463 1120 532">
     <span class='ocr_line' id='line_1_1' title="bbox 262 463 1120 532; baseline -0.002 -12"><span class='ocrx_word' id='word_1_1' title='bbox 262 463 316 520; x_wconf 83' lang='lat'><strong><em>490</em></strong></span> <span class='ocrx_word' id='word_1_2' title='bbox 519 463 654 520; x_wconf 82' lang='lat' dir='ltr'>ZONAR.</span> <span class='ocrx_word' id='word_1_3' title='bbox 676 463 774 519; x_wconf 84' lang='lat' dir='ltr'><strong>EPIT.</strong></span> <span class='ocrx_word' id='word_1_4' title='bbox 793 463 861 519; x_wconf 84' lang='lat' dir='ltr'><strong><em>XVI</em></strong></span> <span class='ocrx_word' id='word_1_5' title='bbox 881 464 924 531; x_wconf 74' lang='lat'><strong><em>22,</em></strong></span> <span class='ocrx_word' id='word_1_6' title='bbox 943 464 1059 532; x_wconf 72' lang='lat'><strong>23-23,</strong></span> <span class='ocrx_word' id='word_1_7' title='bbox 1079 464 1120 518; x_wconf 90' lang='lat' dir='ltr'><strong><em>ll.</em></strong></span> 
     </span>
    </p>
   </div>
   <div class='ocr_carea' id='block_1_2' title="bbox 168 642 1384 1038">
    <p class='ocr_par' dir='ltr' id='par_1_2' title="bbox 262 642 1384 832">
     <span class='ocr_line' id='line_1_2' title="bbox 262 642 1384 730; baseline -0.004 -19"><span class='ocrx_word' id='word_1_8' title='bbox 262 648 363 730; x_wconf 81' lang='grc' dir='ltr'><strong><em>ὤφθη</em></strong></span> <span class='ocrx_word' id='word_1_9' title='bbox 385 653 451 710; x_wconf 80' lang='grc' dir='ltr'><strong><em>τῶν</em></strong></span> <span class='ocrx_word' id='word_1_10' title='bbox 474 647 574 711; x_wconf 89' lang='grc' dir='ltr'><strong><em>λίθων</em></strong></span> <span class='ocrx_word' id='word_1_11' title='bbox 596 647 754 728; x_wconf 76' lang='grc' dir='ltr'><strong><em>πογυτεύς·</em></strong></span> <span class='ocrx_word' id='word_1_12' title='bbox 787 647 866 710; x_wconf 79' lang='grc' dir='ltr'><strong><em>ὅθεν</em></strong></span> <span class='ocrx_word' id='word_1_13' title='bbox 890 642 960 710; x_wconf 74' lang='grc' dir='ltr'><strong><em>οὐδ’</em></strong></span> <span class='ocrx_word' id='word_1_14' title='bbox 984 647 1019 720; x_wconf 78' lang='grc' dir='ltr'><strong><em>ἐξ</em></strong></span> <span class='ocrx_word' id='word_1_15' title='bbox 1040 647 1228 727; x_wconf 81' lang='grc' dir='ltr'><strong><em>ἀνθρώπων</em></strong></span> <span class='ocrx_word' id='word_1_16' title='bbox 1250 643 1384 728; x_wconf 76' lang='grc' dir='ltr'><strong><em>τοῦργον</em></strong></span> 
     </span>
     <span class='ocr_line' id='line_1_3' title="bbox 262 751 642 832; baseline 0 -18"><span class='ocrx_word' id='word_1_17' title='bbox 262 751 423 832; x_wconf 81' lang='grc' dir='ltr'><strong><em>νενόμιστο</em></strong></span> <span class='ocrx_word' id='word_1_18' title='bbox 445 751 642 831; x_wconf 85' lang='grc' dir='ltr'><strong><em>πράττεσθαι.</em></strong></span> 
     </span>
    </p>

    <p class='ocr_par' dir='ltr' id='par_1_3' title="bbox 168 848 1383 1038">
     <span class='ocr_line' id='line_1_4' title="bbox 168 848 1383 934; baseline 0.003 -24"><span class='ocrx_word' id='word_1_19' title='bbox 168 848 252 912; x_wconf 81' lang='lat'><strong><em>023</em></strong></span> <span class='ocrx_word' id='word_1_20' title='bbox 351 851 416 914; x_wconf 79' lang='grc' dir='ltr'><strong><em>Καὶ</em></strong></span> <span class='ocrx_word' id='word_1_21' title='bbox 438 853 457 914; x_wconf 89' lang='grc' dir='ltr'><strong><em>δ</em></strong></span> <span class='ocrx_word' id='word_1_22' title='bbox 478 853 537 934; x_wconf 81' lang='grc' dir='ltr'><strong><em>μέν</em></strong></span> <span class='ocrx_word' id='word_1_23' title='bbox 560 851 797 922; x_wconf 85' lang='grc' dir='ltr'><strong><em>Κωνσταντῖνος</em></strong></span> <span class='ocrx_word' id='word_1_24' title='bbox 823 859 880 915; x_wconf 87' lang='grc' dir='ltr'><strong><em>τοῦ</em></strong></span> <span class='ocrx_word' id='word_1_25' title='bbox 907 853 1161 922; x_wconf 81' lang='grc' dir='ltr'><strong><em>έπυιλωσθέντος</em></strong></span> <span class='ocrx_word' id='word_1_26' title='bbox 1183 852 1272 932; x_wconf 76' lang='grc' dir='ltr'><strong><em>αὐτῷ</em></strong></span> <span class='ocrx_word' id='word_1_27' title='bbox 1292 853 1383 932; x_wconf 87' lang='grc' dir='ltr'><strong><em>μίτου</em></strong></span> 
     </span>
     <span class='ocr_line' id='line_1_5' title="bbox 262 953 1383 1038; baseline -0.003 -20"><span class='ocrx_word' id='word_1_28' title='bbox 262 955 410 1038; x_wconf 78' lang='grc' dir='ltr'><strong><em>ῥαγέντος</em></strong></span> <span class='ocrx_word' id='word_1_29' title='bbox 432 961 488 1017; x_wconf 85' lang='grc' dir='ltr'><strong><em>τοῦ</em></strong></span> <span class='ocrx_word' id='word_1_30' title='bbox 511 954 692 1035; x_wconf 72' lang='grc' dir='ltr'><strong><em>ὁρισθέντος</em></strong></span> <span class='ocrx_word' id='word_1_31' title='bbox 719 955 807 1036; x_wconf 80' lang='grc' dir='ltr'><strong><em>αὐτῷ</em></strong></span> <span class='ocrx_word' id='word_1_32' title='bbox 834 954 953 1036; x_wconf 86' lang='grc' dir='ltr'><strong><em>χρόνον</em></strong></span> <span class='ocrx_word' id='word_1_33' title='bbox 979 961 1035 1036; x_wconf 92' lang='grc' dir='ltr'><strong><em>τῆς</em></strong></span> <span class='ocrx_word' id='word_1_34' title='bbox 1061 955 1168 1036; x_wconf 81' lang='grc' dir='ltr'><strong><em>βιοτῆς</em></strong></span> <span class='ocrx_word' id='word_1_35' title='bbox 1196 953 1328 1036; x_wconf 86' lang='grc' dir='ltr'><strong><em>ἀπεβίω,</em></strong></span> <span class='ocrx_word' id='word_1_36' title='bbox 1363 955 1383 1015; x_wconf 89' lang='grc' dir='ltr'><strong><em>δ</em></strong></span> 
     </span>
    </p>
   </div>
   <div class='ocr_carea' id='block_1_3' title="bbox 189 1056 1433 2577">
    <p class='ocr_par' dir='ltr' id='par_1_4' title="bbox 189 1056 1433 2577">
     <span class='ocr_line' id='line_1_6' title="bbox 262 1056 1413 1139; baseline -0.005 -19"><span class='ocrx_word' id='word_1_37' title='bbox 262 1057 330 1127; x_wconf 85' lang='grc' dir='ltr'><strong><em>υῑδς</em></strong></span> <span class='ocrx_word' id='word_1_38' title='bbox 351 1057 386 1120; x_wconf 82' lang='grc' dir='ltr'><strong><em>δὲ</em></strong></span> <span class='ocrx_word' id='word_1_39' title='bbox 401 1058 498 1120; x_wconf 82' lang='grc' dir='ltr'><strong><em>αὐτοῦ</em></strong></span> <span class='ocrx_word' id='word_1_40' title='bbox 510 1056 684 1137; x_wconf 87' lang='grc' dir='ltr'><strong><em>Ῥωμανός,</em></strong></span> <span class='ocrx_word' id='word_1_41' title='bbox 708 1058 744 1128; x_wconf 87' lang='grc' dir='ltr'><strong><em>ὃς</em></strong></span> <span class='ocrx_word' id='word_1_42' title='bbox 767 1057 821 1119; x_wconf 84' lang='grc' dir='ltr'><strong><em>καὶ</em></strong></span> <span class='ocrx_word' id='word_1_43' title='bbox 842 1057 967 1120; x_wconf 78' lang='grc' dir='ltr'><strong><em>παιδίον</em></strong></span> <span class='ocrx_word' id='word_1_44' title='bbox 990 1057 1118 1138; x_wconf 76' lang='grc' dir='ltr'><strong><em>ἐλέγετο,</em></strong></span> <span class='ocrx_word' id='word_1_45' title='bbox 1141 1064 1196 1139; x_wconf 91' lang='grc' dir='ltr'><strong><em>τῆς</em></strong></span> <span class='ocrx_word' id='word_1_46' title='bbox 1210 1057 1413 1139; x_wconf 74' lang='grc' dir='ltr'><strong><em>αιίταρχίαςδ</em></strong></span> 
     </span>
     <span class='ocr_line' id='line_1_7' title="bbox 235 1155 1381 1242; baseline 0.001 -23"><span class='ocrx_word' id='word_1_47' title='bbox 235 1160 434 1235; x_wconf 65' lang='grc' dir='ltr'><strong><em>θέπείληιττο.</em></strong></span> <span class='ocrx_word' id='word_1_48' title='bbox 480 1159 606 1222; x_wconf 79' lang='grc' dir='ltr'><strong><em>παιδίον</em></strong></span> <span class='ocrx_word' id='word_1_49' title='bbox 632 1155 661 1223; x_wconf 89' lang='grc' dir='ltr'><strong><em>δ’</em></strong></span> <span class='ocrx_word' id='word_1_50' title='bbox 686 1158 815 1240; x_wconf 78' lang='grc' dir='ltr'><strong><em>ἐλέγετο,</em></strong></span> <span class='ocrx_word' id='word_1_51' title='bbox 848 1161 908 1241; x_wconf 78' lang='grc' dir='ltr'><strong><em>οὐχ</em></strong></span> <span class='ocrx_word' id='word_1_52' title='bbox 939 1159 985 1223; x_wconf 87' lang='grc' dir='ltr'><strong><em>ὅτι</em></strong></span> <span class='ocrx_word' id='word_1_53' title='bbox 1013 1159 1160 1242; x_wconf 75' lang='grc' dir='ltr'><strong><em>παιδικῆς</em></strong></span> <span class='ocrx_word' id='word_1_54' title='bbox 1186 1161 1234 1223; x_wconf 80' lang='grc' dir='ltr'><strong><em>ὢν</em></strong></span> <span class='ocrx_word' id='word_1_55' title='bbox 1261 1159 1381 1242; x_wconf 84' lang='grc' dir='ltr'><strong><em>ήλικίας</em></strong></span> 
     </span>
     <span class='ocr_line' id='line_1_8' title="bbox 261 1259 1382 1345; baseline -0.002 -20"><span class='ocrx_word' id='word_1_56' title='bbox 261 1268 316 1344; x_wconf 91' lang='grc' dir='ltr'><strong><em>τῆς</em></strong></span> <span class='ocrx_word' id='word_1_57' title='bbox 337 1261 492 1344; x_wconf 82' lang='grc' dir='ltr'><strong><em>βασιλείας</em></strong></span> <span class='ocrx_word' id='word_1_58' title='bbox 520 1262 689 1345; x_wconf 81' lang='grc' dir='ltr'><strong><em>ἐκράτησεν</em></strong></span> <span class='ocrx_word' id='word_1_59' title='bbox 723 1261 798 1344; x_wconf 76' lang='grc' dir='ltr'><strong><em>(ήδη</em></strong></span> <span class='ocrx_word' id='word_1_60' title='bbox 828 1261 888 1342; x_wconf 79' lang='grc' dir='ltr'><strong><em>γὰρ</em></strong></span> <span class='ocrx_word' id='word_1_61' title='bbox 915 1261 1047 1340; x_wconf 84' lang='grc' dir='ltr'><strong><em>ἀνδράσι</em></strong></span> <span class='ocrx_word' id='word_1_62' title='bbox 1075 1259 1282 1343; x_wconf 85' lang='grc' dir='ltr'><strong><em>συντέτακτο),</em></strong></span> <span class='ocrx_word' id='word_1_63' title='bbox 1316 1260 1382 1323; x_wconf 86' lang='grc' dir='ltr'><strong><em>ἀλλ’</em></strong></span> 
     </span>
     <span class='ocr_line' id='line_1_9' title="bbox 262 1363 1382 1446; baseline 0 -20"><span class='ocrx_word' id='word_1_64' title='bbox 262 1364 581 1445; x_wconf 83' lang='grc' dir='ltr'><strong><em>ἄντιδιαστελλόμενος</em></strong></span> <span class='ocrx_word' id='word_1_65' title='bbox 602 1363 684 1444; x_wconf 83' lang='grc' dir='ltr'><strong><em>πρὸς</em></strong></span> <span class='ocrx_word' id='word_1_66' title='bbox 706 1363 760 1426; x_wconf 86' lang='grc' dir='ltr'><strong><em>τὸν</em></strong></span> <span class='ocrx_word' id='word_1_67' title='bbox 777 1365 1002 1446; x_wconf 76' lang='grc' dir='ltr'><strong><em>μητροπάτορα</em></strong></span> <span class='ocrx_word' id='word_1_68' title='bbox 1016 1363 1191 1444; x_wconf 88' lang='grc' dir='ltr'><strong><em>Ῥωμανόν,</em></strong></span> <span class='ocrx_word' id='word_1_69' title='bbox 1215 1364 1290 1426; x_wconf 84' lang='grc' dir='ltr'><strong><em>ὄντα</em></strong></span> <span class='ocrx_word' id='word_1_70' title='bbox 1305 1387 1382 1445; x_wconf 88' lang='grc' dir='ltr'><strong><em>πρε-</em></strong></span> 
     </span>
     <span class='ocr_line' id='line_1_10' title="bbox 235 1465 1382 1549; baseline -0.001 -21"><span class='ocrx_word' id='word_1_71' title='bbox 235 1466 379 1549; x_wconf 77' lang='grc' dir='ltr'><strong><em>ὃσβύτην</em></strong></span> <span class='ocrx_word' id='word_1_72' title='bbox 394 1466 448 1528; x_wconf 83' lang='grc' dir='ltr'><strong><em>καί</em></strong></span> <span class='ocrx_word' id='word_1_73' title='bbox 464 1465 645 1549; x_wconf 82' lang='grc' dir='ltr'><strong><em>ὑπερήλικα.</em></strong></span> <span class='ocrx_word' id='word_1_74' title='bbox 692 1468 721 1529; x_wconf 84' lang='grc' dir='ltr'><strong><em>εἰ</em></strong></span> <span class='ocrx_word' id='word_1_75' title='bbox 734 1467 771 1529; x_wconf 90' lang='grc' dir='ltr'><strong><em>δέ</em></strong></span> <span class='ocrx_word' id='word_1_76' title='bbox 784 1491 828 1536; x_wconf 90' lang='grc' dir='ltr'><strong><em>τις</em></strong></span> <span class='ocrx_word' id='word_1_77' title='bbox 843 1469 922 1529; x_wconf 87' lang='grc' dir='ltr'><strong><em>εἴποι</em></strong></span> <span class='ocrx_word' id='word_1_78' title='bbox 944 1467 1069 1529; x_wconf 89' lang='grc' dir='ltr'><strong><em>παιδίον</em></strong></span> <span class='ocrx_word' id='word_1_79' title='bbox 1092 1465 1188 1528; x_wconf 75' lang='grc' dir='ltr'><strong><em>αὐτὸν</em></strong></span> <span class='ocrx_word' id='word_1_80' title='bbox 1210 1466 1382 1538; x_wconf 83' lang='grc' dir='ltr'><strong><em>καλεῖσθαι,</em></strong></span> 
     </span>
     <span class='ocr_line' id='line_1_11' title="bbox 263 1567 1433 1652; baseline -0.003 -21"><span class='ocrx_word' id='word_1_81' title='bbox 263 1569 308 1632; x_wconf 86' lang='grc' dir='ltr'><strong><em>ὅτι</em></strong></span> <span class='ocrx_word' id='word_1_82' title='bbox 334 1569 387 1632; x_wconf 83' lang='grc' dir='ltr'><strong><em>καὶ</em></strong></span> <span class='ocrx_word' id='word_1_83' title='bbox 413 1569 632 1651; x_wconf 86' lang='grc' dir='ltr'><strong><em>παιδαριώδης</em></strong></span> <span class='ocrx_word' id='word_1_84' title='bbox 660 1567 699 1652; x_wconf 87' lang='grc' dir='ltr'><strong><em>ῆν</em></strong></span> <span class='ocrx_word' id='word_1_85' title='bbox 721 1569 810 1651; x_wconf 76' lang='grc' dir='ltr'><strong><em>αὐτῷ</em></strong></span> <span class='ocrx_word' id='word_1_86' title='bbox 832 1571 852 1651; x_wconf 81' lang='grc' dir='ltr'>ἡ</span> <span class='ocrx_word' id='word_1_87' title='bbox 877 1569 956 1651; x_wconf 83' lang='grc' dir='ltr'><strong><em>ζωή,</em></strong></span> <span class='ocrx_word' id='word_1_88' title='bbox 989 1569 1043 1631; x_wconf 86' lang='grc' dir='ltr'><strong><em>καί</em></strong></span> <span class='ocrx_word' id='word_1_89' title='bbox 1069 1574 1161 1631; x_wconf 86' lang='grc' dir='ltr'><strong><em>τοῦτο</em></strong></span> <span class='ocrx_word' id='word_1_90' title='bbox 1188 1575 1235 1650; x_wconf 76' lang='grc' dir='ltr'><strong><em>τῷ</em></strong></span> <span class='ocrx_word' id='word_1_91' title='bbox 1261 1568 1382 1631; x_wconf 76' lang='grc' dir='ltr'><strong><em>ἐκείνου</em></strong></span> <span class='ocrx_word' id='word_1_92' title='bbox 1395 1575 1433 1628; x_wconf 85' lang='grc'><strong><em>10</em></strong></span> 
     </span>
     <span class='ocr_line' id='line_1_12' title="bbox 235 1670 1384 1754; baseline 0.002 -22"><span class='ocrx_word' id='word_1_93' title='bbox 235 1673 333 1754; x_wconf 69' lang='grc' dir='ltr'><strong><em>λήθει</em></strong></span> <span class='ocrx_word' id='word_1_94' title='bbox 349 1671 597 1754; x_wconf 83' lang='grc' dir='ltr'><strong><em>ἁρμοδιώτατον.</em></strong></span> <span class='ocrx_word' id='word_1_95' title='bbox 643 1672 711 1751; x_wconf 78' lang='grc' dir='ltr'><strong><em>ἄρτι</em></strong></span> <span class='ocrx_word' id='word_1_96' title='bbox 733 1671 768 1734; x_wconf 82' lang='grc' dir='ltr'><strong><em>δὲ</em></strong></span> <span class='ocrx_word' id='word_1_97' title='bbox 782 1677 847 1734; x_wconf 81' lang='grc' dir='ltr'><strong><em>τῶν</em></strong></span> <span class='ocrx_word' id='word_1_98' title='bbox 861 1673 1033 1753; x_wconf 83' lang='grc' dir='ltr'><strong><em>σκήπτρων</em></strong></span> <span class='ocrx_word' id='word_1_99' title='bbox 1049 1670 1215 1753; x_wconf 87' lang='grc' dir='ltr'><strong><em>γενόμενος</em></strong></span> <span class='ocrx_word' id='word_1_100' title='bbox 1230 1671 1384 1753; x_wconf 76' lang='grc' dir='ltr'><strong><em>ἐγκρατής</em></strong></span> 
     </span>
     <span class='ocr_line' id='line_1_13' title="bbox 261 1773 1382 1856; baseline 0.001 -20"><span class='ocrx_word' id='word_1_101' title='bbox 261 1773 315 1837; x_wconf 89' lang='grc' dir='ltr'><strong><em>τδν</em></strong></span> <span class='ocrx_word' id='word_1_102' title='bbox 337 1773 406 1838; x_wconf 86' lang='grc' dir='ltr'><strong><em>υίδν</em></strong></span> <span class='ocrx_word' id='word_1_103' title='bbox 429 1775 526 1837; x_wconf 83' lang='grc' dir='ltr'><strong><em>αὐτοῦ</em></strong></span> <span class='ocrx_word' id='word_1_104' title='bbox 550 1773 714 1838; x_wconf 86' lang='grc' dir='ltr'><strong><em>Βασίλειον</em></strong></span> <span class='ocrx_word' id='word_1_105' title='bbox 736 1780 848 1837; x_wconf 89' lang='grc' dir='ltr'><strong><em>ταινιοῖ</em></strong></span> <span class='ocrx_word' id='word_1_106' title='bbox 865 1773 919 1836; x_wconf 87' lang='grc' dir='ltr'><strong><em>καί</em></strong></span> <span class='ocrx_word' id='word_1_107' title='bbox 942 1773 1086 1856; x_wconf 82' lang='grc' dir='ltr'><strong><em>κλήσεως</em></strong></span> <span class='ocrx_word' id='word_1_108' title='bbox 1108 1774 1269 1856; x_wconf 80' lang='grc' dir='ltr'><strong><em>βασιλικῆς</em></strong></span> <span class='ocrx_word' id='word_1_109' title='bbox 1291 1775 1382 1847; x_wconf 82' lang='grc' dir='ltr'><strong><em>ἀξιοῖ.</em></strong></span> 
     </span>
     <span class='ocr_line' id='line_1_14' title="bbox 189 1875 1401 1959; baseline -0.001 -20"><span class='ocrx_word' id='word_1_110' title='bbox 189 1883 216 1938; x_wconf 89' lang='lat' dir='ltr'>D</span> <span class='ocrx_word' id='word_1_111' title='bbox 235 1875 323 1940; x_wconf 75' lang='grc' dir='ltr'><strong><em>δείτα</em></strong></span> <span class='ocrx_word' id='word_1_112' title='bbox 347 1877 401 1940; x_wconf 87' lang='grc' dir='ltr'><strong><em>καὶ</em></strong></span> <span class='ocrx_word' id='word_1_113' title='bbox 424 1876 568 1958; x_wconf 81' lang='grc' dir='ltr'><strong><em>δεύτερος</em></strong></span> <span class='ocrx_word' id='word_1_114' title='bbox 592 1877 680 1958; x_wconf 75' lang='grc' dir='ltr'><strong><em>αὐτῷ</em></strong></span> <span class='ocrx_word' id='word_1_115' title='bbox 702 1877 815 1959; x_wconf 86' lang='grc' dir='ltr'><strong><em>έιέχθη</em></strong></span> <span class='ocrx_word' id='word_1_116' title='bbox 839 1876 919 1956; x_wconf 75' lang='grc' dir='ltr'><strong><em>υἱός,</em></strong></span> <span class='ocrx_word' id='word_1_117' title='bbox 941 1876 990 1939; x_wconf 81' lang='grc' dir='ltr'><strong><em>ἐπὶ</em></strong></span> <span class='ocrx_word' id='word_1_118' title='bbox 1012 1884 1059 1958; x_wconf 79' lang='grc' dir='ltr'><strong><em>τῷ</em></strong></span> <span class='ocrx_word' id='word_1_119' title='bbox 1074 1877 1196 1958; x_wconf 84' lang='grc' dir='ltr'><strong><em>πάππῳ</em></strong></span> <span class='ocrx_word' id='word_1_120' title='bbox 1212 1875 1401 1948; x_wconf 62' lang='lat' dir='ltr'><strong><em>Ktonorov-⁴</em></strong></span> 
     </span>
     <span class='ocr_line' id='line_1_15' title="bbox 235 1977 1384 2062; baseline -0.001 -22"><span class='ocrx_word' id='word_1_121' title='bbox 235 1980 335 2061; x_wconf 84' lang='grc' dir='ltr'><strong><em>6τίνῳ</em></strong></span> <span class='ocrx_word' id='word_1_122' title='bbox 364 1978 420 2060; x_wconf 86' lang='grc' dir='ltr'><strong><em>τήν</em></strong></span> <span class='ocrx_word' id='word_1_123' title='bbox 447 1978 554 2062; x_wconf 83' lang='grc' dir='ltr'><strong><em>κλῆσιν</em></strong></span> <span class='ocrx_word' id='word_1_124' title='bbox 582 1979 698 2062; x_wconf 82' lang='grc' dir='ltr'><strong><em>λαχών.</em></strong></span> <span class='ocrx_word' id='word_1_125' title='bbox 744 1979 840 2048; x_wconf 79' lang='grc' dir='ltr'><strong><em>αὐτὸς</em></strong></span> <span class='ocrx_word' id='word_1_126' title='bbox 864 1979 923 2061; x_wconf 78' lang='grc' dir='ltr'><strong><em>μέν</em></strong></span> <span class='ocrx_word' id='word_1_127' title='bbox 947 1977 1004 2042; x_wconf 82' lang='grc' dir='ltr'><strong><em>οὖν</em></strong></span> <span class='ocrx_word' id='word_1_128' title='bbox 1026 1977 1229 2061; x_wconf 85' lang='grc' dir='ltr'><strong><em>δῬωμανδς</em></strong></span> <span class='ocrx_word' id='word_1_129' title='bbox 1250 1985 1384 2060; x_wconf 73' lang='grc' dir='ltr'><strong><em>τρυφαῖς</em></strong></span> 
     </span>
     <span class='ocr_line' id='line_1_16' title="bbox 261 2079 1433 2164; baseline -0.004 -19"><span class='ocrx_word' id='word_1_130' title='bbox 261 2081 316 2145; x_wconf 79' lang='grc' dir='ltr'><strong><em>καὶ</em></strong></span> <span class='ocrx_word' id='word_1_131' title='bbox 342 2081 549 2164; x_wconf 70' lang='grc' dir='ltr'><strong><em>ἡδυπαθείαις</em></strong></span> <span class='ocrx_word' id='word_1_132' title='bbox 578 2081 733 2155; x_wconf 75' lang='grc' dir='ltr'><strong><em>ἐξέδωκεν</em></strong></span> <span class='ocrx_word' id='word_1_133' title='bbox 762 2079 874 2145; x_wconf 78' lang='grc' dir='ltr'><strong><em>ἑαυτὸν</em></strong></span> <span class='ocrx_word' id='word_1_134' title='bbox 895 2081 949 2144; x_wconf 86' lang='grc' dir='ltr'><strong><em>καί</em></strong></span> <span class='ocrx_word' id='word_1_135' title='bbox 973 2081 1213 2164; x_wconf 69' lang='grc' dir='ltr'><strong><em>ἐκδεδιῃτημένη</em></strong></span> <span class='ocrx_word' id='word_1_136' title='bbox 1237 2083 1307 2164; x_wconf 84' lang='grc' dir='ltr'><strong><em>ζωῇ</em></strong></span> <span class='ocrx_word' id='word_1_137' title='bbox 1329 2081 1384 2144; x_wconf 85' lang='grc' dir='ltr'><strong><em>καὶ</em></strong></span> <span class='ocrx_word' id='word_1_138' title='bbox 1397 2085 1433 2140; x_wconf 82' lang='grc'><strong><em>15</em></strong></span> 
     </span>
     <span class='ocr_line' id='line_1_17' title="bbox 262 2183 1382 2268; baseline 0 -22"><span class='ocrx_word' id='word_1_139' title='bbox 262 2184 393 2264; x_wconf 86' lang='grc' dir='ltr'><strong><em>ἀνδράσι</em></strong></span> <span class='ocrx_word' id='word_1_140' title='bbox 415 2191 512 2268; x_wconf 90' lang='grc' dir='ltr'><strong><em>συνῆν</em></strong></span> <span class='ocrx_word' id='word_1_141' title='bbox 536 2185 781 2266; x_wconf 78' lang='grc' dir='ltr'><strong><em>διεφθαρμένοις</em></strong></span> <span class='ocrx_word' id='word_1_142' title='bbox 803 2209 834 2247; x_wconf 89' lang='grc' dir='ltr'><strong><em>τε</em></strong></span> <span class='ocrx_word' id='word_1_143' title='bbox 857 2183 910 2247; x_wconf 80' lang='grc' dir='ltr'><strong><em>καί</em></strong></span> <span class='ocrx_word' id='word_1_144' title='bbox 932 2183 1063 2265; x_wconf 86' lang='grc' dir='ltr'><strong><em>λοιμοῖς,</em></strong></span> <span class='ocrx_word' id='word_1_145' title='bbox 1096 2183 1152 2266; x_wconf 83' lang='grc' dir='ltr'><strong><em>τήν</em></strong></span> <span class='ocrx_word' id='word_1_146' title='bbox 1180 2185 1215 2248; x_wconf 85' lang='grc' dir='ltr'><strong><em>δέ</em></strong></span> <span class='ocrx_word' id='word_1_147' title='bbox 1241 2191 1297 2267; x_wconf 91' lang='grc' dir='ltr'><strong><em>τῆς</em></strong></span> <span class='ocrx_word' id='word_1_148' title='bbox 1323 2185 1382 2266; x_wconf 89' lang='grc' dir='ltr'><strong><em>βα-</em></strong></span> 
     </span>
     <span class='ocr_line' id='line_1_18' title="bbox 262 2285 1384 2369; baseline 0 -19"><span class='ocrx_word' id='word_1_149' title='bbox 262 2285 373 2358; x_wconf 86' lang='grc' dir='ltr'><strong><em>σιλείας</em></strong></span> <span class='ocrx_word' id='word_1_150' title='bbox 397 2286 547 2369; x_wconf 85' lang='grc' dir='ltr'><strong><em>διοίκησιν</em></strong></span> <span class='ocrx_word' id='word_1_151' title='bbox 570 2285 632 2350; x_wconf 82' lang='grc' dir='ltr'><strong><em>ὑπὸ</em></strong></span> <span class='ocrx_word' id='word_1_152' title='bbox 655 2286 709 2349; x_wconf 88' lang='grc' dir='ltr'><strong><em>τὸν</em></strong></span> <span class='ocrx_word' id='word_1_153' title='bbox 730 2286 934 2369; x_wconf 80' lang='grc' dir='ltr'><strong><em>πραιπδσιτον</em></strong></span> <span class='ocrx_word' id='word_1_154' title='bbox 954 2286 1008 2348; x_wconf 83' lang='grc' dir='ltr'><strong><em>καί</em></strong></span> <span class='ocrx_word' id='word_1_155' title='bbox 1023 2286 1315 2369; x_wconf 81' lang='grc' dir='ltr'><strong><em>παρακοιμώμενον</em></strong></span> <span class='ocrx_word' id='word_1_156' title='bbox 1329 2285 1384 2350; x_wconf 88' lang='grc' dir='ltr'><strong><em>τδν</em></strong></span> 
     </span>
     <span class='ocr_line' id='line_1_19' title="bbox 263 2389 742 2473; baseline 0.002 -21"><span class='ocrx_word' id='word_1_157' title='bbox 263 2389 403 2473; x_wconf 87' lang='grc' dir='ltr'><strong><em>Βρίγγαν</em></strong></span> <span class='ocrx_word' id='word_1_158' title='bbox 420 2389 542 2472; x_wconf 83' lang='grc' dir='ltr'><strong><em>Ἰωσὴφ</em></strong></span> <span class='ocrx_word' id='word_1_159' title='bbox 567 2390 742 2473; x_wconf 77' lang='grc' dir='ltr'><strong><em>ἐποιήσατο.</em></strong></span> 
     </span>
     <span class='ocr_line' id='line_1_20' title="bbox 236 2491 1382 2577; baseline 0 -23"><span class='ocrx_word' id='word_1_160' title='bbox 236 2499 252 2554; x_wconf 85' lang='grc'><strong>7</strong></span> <span class='ocrx_word' id='word_1_161' title='bbox 350 2491 513 2575; x_wconf 84' lang='grc' dir='ltr'><strong><em>Πέμπετοι</em></strong></span> <span class='ocrx_word' id='word_1_162' title='bbox 535 2494 638 2556; x_wconf 88' lang='grc' dir='ltr'><strong><em>τοίνυν</em></strong></span> <span class='ocrx_word' id='word_1_163' title='bbox 657 2492 847 2577; x_wconf 79' lang='grc' dir='ltr'><strong><em>Νικηφόρος</em></strong></span> <span class='ocrx_word' id='word_1_164' title='bbox 869 2492 1040 2575; x_wconf 77' lang='grc' dir='ltr'><strong><em>μάγιστρος</em></strong></span> <span class='ocrx_word' id='word_1_165' title='bbox 1063 2491 1082 2555; x_wconf 86' lang='grc' dir='ltr'>ὁ</span> <span class='ocrx_word' id='word_1_166' title='bbox 1102 2491 1222 2563; x_wconf 89' lang='grc' dir='ltr'><strong><em>Φωκᾶς</em></strong></span> <span class='ocrx_word' id='word_1_167' title='bbox 1244 2492 1263 2554; x_wconf 89' lang='grc' dir='ltr'>ὁ</span> <span class='ocrx_word' id='word_1_168' title='bbox 1287 2492 1382 2575; x_wconf 85' lang='grc' dir='ltr'><strong><em>δαμέ-</em></strong></span> 
     </span>
    </p>
   </div>
   <div class='ocr_carea' id='block_1_4' title="bbox 260 2711 1384 2997">
    <p class='ocr_par' dir='ltr' id='par_1_5' title="bbox 260 2711 1384 2997">
     <span class='ocr_line' id='line_1_21' title="bbox 260 2711 1384 2783; baseline 0.002 -16"><span class='ocrx_word' id='word_1_169' title='bbox 260 2712 278 2767; x_wconf 88' lang='grc'><strong>3</strong></span> <span class='ocrx_word' id='word_1_170' title='bbox 295 2712 413 2783; x_wconf 82' lang='grc' dir='ltr'><strong><em>βασιλεία</em></strong></span> <span class='ocrx_word' id='word_1_171' title='bbox 428 2714 567 2781; x_wconf 83' lang='grc' dir='ltr'><strong><em>Ῥωμανοῦ</em></strong></span> <span class='ocrx_word' id='word_1_172' title='bbox 586 2722 631 2769; x_wconf 81' lang='grc' dir='ltr'><strong><em>τοῦ</em></strong></span> <span class='ocrx_word' id='word_1_173' title='bbox 649 2716 755 2769; x_wconf 87' lang='grc' dir='ltr'><strong><em>παιδίου</em></strong></span> <span class='ocrx_word' id='word_1_174' title='bbox 779 2716 810 2778; x_wconf 88' lang='grc' dir='ltr'><strong><em>(τ.</em></strong></span> <span class='ocrx_word' id='word_1_175' title='bbox 828 2716 899 2769; x_wconf 89' lang='grc' dir='ltr'><strong><em>παιδ.</em></strong></span> <span class='ocrx_word' id='word_1_176' title='bbox 921 2730 977 2770; x_wconf 87' lang='lat' dir='ltr'><strong><em>om.</em></strong></span> <span class='ocrx_word' id='word_1_177' title='bbox 997 2711 1032 2779; x_wconf 90' lang='grc' dir='ltr'><strong><em>Β)</em></strong></span> <span class='ocrx_word' id='word_1_178' title='bbox 1052 2713 1114 2779; x_wconf 83' lang='lat' dir='ltr'><strong><em>AR,</em></strong></span> <span class='ocrx_word' id='word_1_179' title='bbox 1144 2712 1199 2767; x_wconf 82' lang='lat' dir='ltr'>sed</span> <span class='ocrx_word' id='word_1_180' title='bbox 1218 2713 1249 2767; x_wconf 84' lang='lat' dir='ltr'>in</span> <span class='ocrx_word' id='word_1_181' title='bbox 1268 2711 1294 2766; x_wconf 85' lang='lat' dir='ltr'>A</span> <span class='ocrx_word' id='word_1_182' title='bbox 1314 2718 1384 2783; x_wconf 79' lang='lat' dir='ltr'>post</span> 
     </span>
     <span class='ocr_line' id='line_1_22' title="bbox 260 2784 1383 2855; baseline 0.001 -17"><span class='ocrx_word' id='word_1_183' title='bbox 260 2784 362 2855; x_wconf 80' lang='grc' dir='ltr'><strong><em>ἀπεβίω</em></strong></span> <span class='ocrx_word' id='word_1_184' title='bbox 382 2786 470 2845; x_wconf 68' lang='lat' dir='ltr'>(velit</span> <span class='ocrx_word' id='word_1_185' title='bbox 489 2784 518 2848; x_wconf 76' lang='lat'><strong><em>4)</em></strong></span> <span class='ocrx_word' id='word_1_186' title='bbox 592 2786 622 2837; x_wconf 90' lang='lat' dir='ltr'><strong><em>ll</em></strong></span> <span class='ocrx_word' id='word_1_187' title='bbox 646 2788 684 2839; x_wconf 84' lang='grc' dir='ltr'><strong><em>ὅτι</em></strong></span> <span class='ocrx_word' id='word_1_188' title='bbox 701 2787 811 2855; x_wconf 75' lang='grc' dir='ltr'><strong><em>ἔστεψεν</em></strong></span> <span class='ocrx_word' id='word_1_189' title='bbox 828 2784 995 2854; x_wconf 84' lang='grc' dir='ltr'><strong><em>δῬωμανὸς</em></strong></span> <span class='ocrx_word' id='word_1_190' title='bbox 1013 2784 1058 2838; x_wconf 83' lang='grc' dir='ltr'><strong><em>τὸν</em></strong></span> <span class='ocrx_word' id='word_1_191' title='bbox 1076 2785 1134 2838; x_wconf 67' lang='lat' dir='ltr'>vida</span> <span class='ocrx_word' id='word_1_192' title='bbox 1152 2784 1232 2839; x_wconf 74' lang='grc' dir='ltr'><strong><em>αὐτοῦ</em></strong></span> <span class='ocrx_word' id='word_1_193' title='bbox 1251 2785 1294 2839; x_wconf 85' lang='grc' dir='ltr'><strong><em>τδν</em></strong></span> <span class='ocrx_word' id='word_1_194' title='bbox 1313 2790 1383 2850; x_wconf 81' lang='lat' dir='ltr'>(oin.</span> 
     </span>
     <span class='ocr_line' id='line_1_23' title="bbox 260 2855 1383 2997; baseline 0 -88"><span class='ocrx_word' id='word_1_195' title='bbox 260 2855 455 2997; x_wconf 59' lang='grc' dir='ltr'><strong><em>ἒήρβςσηήήηιον</em></strong></span> <span class='ocrx_word' id='word_1_196' title='bbox 475 2856 523 2912; x_wconf 82' lang='lat' dir='ltr'><strong><em>OE</em></strong></span> <span class='ocrx_word' id='word_1_197' title='bbox 608 2857 641 2912; x_wconf 87' lang='grc'><strong><em>19</em></strong></span> <span class='ocrx_word' id='word_1_198' title='bbox 659 2860 698 2912; x_wconf 84' lang='grc' dir='ltr'><strong><em>δτι</em></strong></span> <span class='ocrx_word' id='word_1_199' title='bbox 717 2858 748 2913; x_wconf 89' lang='grc' dir='ltr'><strong><em>τὰ</em></strong></span> <span class='ocrx_word' id='word_1_200' title='bbox 765 2858 847 2913; x_wconf 81' lang='grc' dir='ltr'><strong><em>πλείω</em></strong></span> <span class='ocrx_word' id='word_1_201' title='bbox 868 2865 911 2928; x_wconf 89' lang='grc' dir='ltr'><strong><em>τῆς</em></strong></span> <span class='ocrx_word' id='word_1_202' title='bbox 930 2856 1038 2926; x_wconf 79' lang='grc' dir='ltr'><strong><em>Κρήτης</em></strong></span> <span class='ocrx_word' id='word_1_203' title='bbox 1055 2856 1123 2910; x_wconf 83' lang='grc' dir='ltr'><strong><em>είλεν</em></strong></span> <span class='ocrx_word' id='word_1_204' title='bbox 1141 2856 1157 2910; x_wconf 86' lang='grc' dir='ltr'><strong><em>δ</em></strong></span> <span class='ocrx_word' id='word_1_205' title='bbox 1177 2858 1276 2917; x_wconf 83' lang='grc' dir='ltr'><strong><em>Φωκᾶς</em></strong></span> <span class='ocrx_word' id='word_1_206' title='bbox 1293 2858 1383 2926; x_wconf 87' lang='grc' dir='ltr'><strong><em>Νικη-</em></strong></span> 
     </span>
    </p>
   </div>
   <div class='ocr_carea' id='block_1_5' title="bbox 312 3120 1382 3549">
    <p class='ocr_par' dir='ltr' id='par_1_6' title="bbox 312 3120 1382 3406">
     <span class='ocr_line' id='line_1_24' title="bbox 315 3120 1381 3192; baseline 0.002 -19"><span class='ocrx_word' id='word_1_207' title='bbox 315 3122 327 3173; x_wconf 90' lang='grc'>1</span> <span class='ocrx_word' id='word_1_208' title='bbox 350 3125 418 3189; x_wconf 79' lang='lat' dir='ltr'>post</span> <span class='ocrx_word' id='word_1_209' title='bbox 436 3128 489 3176; x_wconf 86' lang='grc' dir='ltr'><strong><em>τῶν</em></strong></span> <span class='ocrx_word' id='word_1_210' title='bbox 507 3122 576 3175; x_wconf 87' lang='lat' dir='ltr'>add.</span> <span class='ocrx_word' id='word_1_211' title='bbox 595 3122 752 3189; x_wconf 81' lang='grc' dir='ltr'><strong><em>ἀνθρώπων</em></strong></span> <span class='ocrx_word' id='word_1_212' title='bbox 772 3122 844 3192; x_wconf 83' lang='lat' dir='ltr'><strong><em>Ewp</em></strong></span> <span class='ocrx_word' id='word_1_213' title='bbox 928 3120 979 3175; x_wconf 75' lang='grc' dir='ltr'><strong><em>οὐκ</em></strong></span> <span class='ocrx_word' id='word_1_214' title='bbox 999 3120 1026 3173; x_wconf 86' lang='grc' dir='ltr'><strong><em>Ι)</em></strong></span> <span class='ocrx_word' id='word_1_215' title='bbox 1108 3120 1219 3187; x_wconf 78' lang='grc' dir='ltr'><strong><em>τοῦργον</em></strong></span> <span class='ocrx_word' id='word_1_216' title='bbox 1236 3120 1263 3173; x_wconf 85' lang='grc' dir='ltr'><strong>Α</strong></span> <span class='ocrx_word' id='word_1_217' title='bbox 1282 3122 1322 3187; x_wconf 83' lang='grc' dir='ltr'><strong><em>(ν.</em></strong></span> <span class='ocrx_word' id='word_1_218' title='bbox 1342 3120 1381 3175; x_wconf 77' lang='grc' dir='ltr'><strong><em>αδ</em></strong></span> 
     </span>
     <span class='ocr_line' id='line_1_25' title="bbox 313 3192 1382 3263; baseline -0.001 -17"><span class='ocrx_word' id='word_1_219' title='bbox 313 3192 366 3246; x_wconf 88' lang='lat' dir='ltr'><strong><em>XV</em></strong></span> <span class='ocrx_word' id='word_1_220' title='bbox 388 3195 411 3260; x_wconf 90' lang='lat'><strong><em>1,</em></strong></span> <span class='ocrx_word' id='word_1_221' title='bbox 433 3193 485 3260; x_wconf 80' lang='lat'>12),</span> <span class='ocrx_word' id='word_1_222' title='bbox 505 3193 533 3247; x_wconf 88' lang='grc' dir='ltr'><strong><em>τδ</em></strong></span> <span class='ocrx_word' id='word_1_223' title='bbox 551 3194 628 3261; x_wconf 82' lang='grc' dir='ltr'><strong><em>ἔργον</em></strong></span> <span class='ocrx_word' id='word_1_224' title='bbox 647 3192 766 3263; x_wconf 86' lang='lat' dir='ltr'>prDt&#39;</span> <span class='ocrx_word' id='word_1_225' title='bbox 856 3193 881 3246; x_wconf 84' lang='lat'><strong><em>3.</em></strong></span> <span class='ocrx_word' id='word_1_226' title='bbox 900 3192 917 3247; x_wconf 78' lang='grc'>4</span> <span class='ocrx_word' id='word_1_227' title='bbox 935 3193 1009 3260; x_wconf 73' lang='grc' dir='ltr'><strong><em>αὐτῷ</em></strong></span> <span class='ocrx_word' id='word_1_228' title='bbox 1026 3193 1104 3259; x_wconf 83' lang='grc' dir='ltr'><strong><em>μίτον</em></strong></span> <span class='ocrx_word' id='word_1_229' title='bbox 1123 3192 1245 3260; x_wconf 81' lang='grc' dir='ltr'><strong><em>ῥαγέντος</em></strong></span> <span class='ocrx_word' id='word_1_230' title='bbox 1264 3199 1310 3246; x_wconf 85' lang='grc' dir='ltr'><strong><em>τοῦ</em></strong></span> <span class='ocrx_word' id='word_1_231' title='bbox 1328 3192 1382 3260; x_wconf 82' lang='grc' dir='ltr'><strong><em>δρι-</em></strong></span> 
     </span>
     <span class='ocr_line' id='line_1_26' title="bbox 313 3262 1382 3335; baseline -0.002 -17"><span class='ocrx_word' id='word_1_232' title='bbox 313 3265 420 3323; x_wconf 81' lang='grc' dir='ltr'><strong><em>σθίντος</em></strong></span> <span class='ocrx_word' id='word_1_233' title='bbox 443 3264 516 3333; x_wconf 75' lang='grc' dir='ltr'><strong><em>αὐτῷ</em></strong></span> <span class='ocrx_word' id='word_1_234' title='bbox 539 3267 637 3333; x_wconf 87' lang='grc' dir='ltr'><strong><em>χρόνον</em></strong></span> <span class='ocrx_word' id='word_1_235' title='bbox 661 3272 705 3333; x_wconf 86' lang='grc' dir='ltr'><strong><em>τῆς</em></strong></span> <span class='ocrx_word' id='word_1_236' title='bbox 726 3268 817 3335; x_wconf 81' lang='grc' dir='ltr'><strong><em>βιοτῆς</em></strong></span> <span class='ocrx_word' id='word_1_237' title='bbox 835 3262 945 3333; x_wconf 66' lang='lat' dir='ltr'>Abin),</span> <span class='ocrx_word' id='word_1_238' title='bbox 973 3267 1060 3331; x_wconf 90' lang='grc' dir='ltr'><strong><em>μίτου,</em></strong></span> <span class='ocrx_word' id='word_1_239' title='bbox 1089 3263 1123 3317; x_wconf 81' lang='grc' dir='ltr'><strong><em>ίν’</em></strong></span> <span class='ocrx_word' id='word_1_240' title='bbox 1141 3264 1227 3322; x_wconf 80' lang='grc' dir='ltr'><strong><em>οὕτως</em></strong></span> <span class='ocrx_word' id='word_1_241' title='bbox 1245 3264 1321 3329; x_wconf 75' lang='grc' dir='ltr'><strong><em>εὔτω,</em></strong></span> <span class='ocrx_word' id='word_1_242' title='bbox 1349 3272 1382 3333; x_wconf 76' lang='grc' dir='ltr'><strong><em>τῇ</em></strong></span> 
     </span>
     <span class='ocr_line' id='line_1_27' title="bbox 312 3334 1346 3406; baseline -0.002 -17"><span class='ocrx_word' id='word_1_243' title='bbox 312 3335 393 3390; x_wconf 78' lang='grc' dir='ltr'><strong><em>αὐτοῦ</em></strong></span> <span class='ocrx_word' id='word_1_244' title='bbox 411 3339 486 3405; x_wconf 78' lang='grc' dir='ltr'><strong><em>βιοτῇ</em></strong></span> <span class='ocrx_word' id='word_1_245' title='bbox 505 3336 624 3406; x_wconf 82' lang='grc' dir='ltr'><strong><em>ῥαγέντος</em></strong></span> <span class='ocrx_word' id='word_1_246' title='bbox 644 3335 667 3391; x_wconf 94' lang='grc'>0</span> <span class='ocrx_word' id='word_1_247' title='bbox 777 3336 795 3389; x_wconf 83' lang='grc'><strong>4</strong></span> <span class='ocrx_word' id='word_1_248' title='bbox 815 3342 884 3405; x_wconf 77' lang='lat' dir='ltr'>post</span> <span class='ocrx_word' id='word_1_249' title='bbox 900 3337 990 3405; x_wconf 88' lang='grc' dir='ltr'><strong><em>βιοτῆς</em></strong></span> <span class='ocrx_word' id='word_1_250' title='bbox 1009 3334 1078 3388; x_wconf 71' lang='grc' dir='ltr'><strong><em>αδδ.</em></strong></span> <span class='ocrx_word' id='word_1_251' title='bbox 1097 3335 1135 3394; x_wconf 85' lang='grc' dir='ltr'><strong><em>ὥς</em></strong></span> <span class='ocrx_word' id='word_1_252' title='bbox 1153 3336 1252 3403; x_wconf 84' lang='grc' dir='ltr'><strong><em>εἴρηται</em></strong></span> <span class='ocrx_word' id='word_1_253' title='bbox 1272 3334 1346 3403; x_wconf 84' lang='lat' dir='ltr'>pr</span> 
     </span>
    </p>

    <p class='ocr_par' dir='ltr' id='par_1_7' title="bbox 312 3402 1382 3549">
     <span class='ocr_line' id='line_1_28' title="bbox 312 3402 1382 3476; baseline 0 -16"><span class='ocrx_word' id='word_1_254' title='bbox 312 3406 378 3461; x_wconf 74' lang='lat' dir='ltr'>bdi</span> <span class='ocrx_word' id='word_1_255' title='bbox 397 3405 496 3462; x_wconf 87' lang='lat' dir='ltr'>om.C</span> <span class='ocrx_word' id='word_1_256' title='bbox 569 3408 663 3476; x_wconf 76' lang='grc' dir='ltr'><strong><em>9ιίιτη</em></strong></span> <span class='ocrx_word' id='word_1_257' title='bbox 677 3406 730 3459; x_wconf 83' lang='lat' dir='ltr'><strong><em>DE</em></strong></span> <span class='ocrx_word' id='word_1_258' title='bbox 804 3402 1046 3475; x_wconf 63' lang='lat' dir='ltr'>iuuentutem</span> <span class='ocrx_word' id='word_1_259' title='bbox 1066 3405 1089 3461; x_wconf 87' lang='lat' dir='ltr'>C</span> <span class='ocrx_word' id='word_1_260' title='bbox 1162 3406 1197 3459; x_wconf 76' lang='lat'><strong><em>12</em></strong></span> <span class='ocrx_word' id='word_1_261' title='bbox 1216 3413 1284 3475; x_wconf 90' lang='lat' dir='ltr'>post</span> <span class='ocrx_word' id='word_1_262' title='bbox 1301 3406 1382 3460; x_wconf 74' lang='grc' dir='ltr'><strong><em>αὐτοῦ</em></strong></span> 
     </span>
     <span class='ocr_line' id='line_1_29' title="bbox 313 3476 1381 3549; baseline 0.001 -17"><span class='ocrx_word' id='word_1_263' title='bbox 313 3477 382 3533; x_wconf 79' lang='lat' dir='ltr'><strong><em>add.</em></strong></span> <span class='ocrx_word' id='word_1_264' title='bbox 402 3477 445 3532; x_wconf 90' lang='grc' dir='ltr'><strong><em>τδν</em></strong></span> <span class='ocrx_word' id='word_1_265' title='bbox 464 3478 536 3549; x_wconf 87' lang='lat' dir='ltr'><strong><em>Ewp</em></strong></span> <span class='ocrx_word' id='word_1_266' title='bbox 620 3479 653 3533; x_wconf 89' lang='lat'><strong><em>13</em></strong></span> <span class='ocrx_word' id='word_1_267' title='bbox 671 3478 751 3547; x_wconf 87' lang='grc' dir='ltr'><strong><em>πιίπῳ</em></strong></span> <span class='ocrx_word' id='word_1_268' title='bbox 772 3478 807 3548; x_wconf 85' lang='grc' dir='ltr'><strong><em>Ι),</em></strong></span> <span class='ocrx_word' id='word_1_269' title='bbox 827 3494 903 3533; x_wconf 87' lang='lat' dir='ltr'>corr.</span> <span class='ocrx_word' id='word_1_270' title='bbox 923 3476 975 3538; x_wconf 79' lang='lat' dir='ltr'><strong><em>Dw</em></strong></span> <span class='ocrx_word' id='word_1_271' title='bbox 1061 3478 1096 3532; x_wconf 85' lang='lat'><strong><em>19</em></strong></span> <span class='ocrx_word' id='word_1_272' title='bbox 1113 3479 1262 3546; x_wconf 84' lang='grc' dir='ltr'><strong><em>νικηφόρος</em></strong></span> <span class='ocrx_word' id='word_1_273' title='bbox 1281 3493 1338 3532; x_wconf 86' lang='lat' dir='ltr'><strong><em>om.</em></strong></span> <span class='ocrx_word' id='word_1_274' title='bbox 1358 3476 1381 3533; x_wconf 84' lang='lat' dir='ltr'>C</span> 
     </span>
    </p>
   </div>
   <div class='ocr_carea' id='block_1_6' title="bbox 231 3683 1472 4541">
    <p class='ocr_par' dir='ltr' id='par_1_8' title="bbox 231 3683 1472 4541">
     <span class='ocr_line' id='line_1_30' title="bbox 347 3683 1381 3752; baseline 0 -15"><span class='ocrx_word' id='word_1_275' title='bbox 347 3684 391 3738; x_wconf 78' lang='lat'><strong><em>23.</em></strong></span> <span class='ocrx_word' id='word_1_276' title='bbox 429 3683 626 3739; x_wconf 82' lang='lat' dir='ltr'>Constantino</span> <span class='ocrx_word' id='word_1_277' title='bbox 640 3686 682 3738; x_wconf 86' lang='lat' dir='ltr'><strong><em>ita</em></strong></span> <span class='ocrx_word' id='word_1_278' title='bbox 696 3684 840 3738; x_wconf 76' lang='lat' dir='ltr'>defuncto</span> <span class='ocrx_word' id='word_1_279' title='bbox 854 3684 1012 3747; x_wconf 68' lang='lat' dir='ltr'>Rousuvs</span> <span class='ocrx_word' id='word_1_280' title='bbox 1032 3683 1111 3737; x_wconf 87' lang='lat' dir='ltr'>filius</span> <span class='ocrx_word' id='word_1_281' title='bbox 1127 3684 1201 3748; x_wconf 89' lang='lat' dir='ltr'>eius,</span> <span class='ocrx_word' id='word_1_282' title='bbox 1220 3684 1381 3752; x_wconf 85' lang='lat' dir='ltr'>imperium</span> 
     </span>
     <span class='ocr_line' id='line_1_31' title="bbox 232 3755 1381 3825; baseline 0 -17"><span class='ocrx_word' id='word_1_283' title='bbox 232 3756 397 3824; x_wconf 68' lang='lat' dir='ltr'>deapessit,</span> <span class='ocrx_word' id='word_1_284' title='bbox 423 3758 474 3824; x_wconf 86' lang='lat' dir='ltr'>qui</span> <span class='ocrx_word' id='word_1_285' title='bbox 495 3771 571 3825; x_wconf 90' lang='lat' dir='ltr'>puer</span> <span class='ocrx_word' id='word_1_286' title='bbox 590 3756 755 3821; x_wconf 80' lang='lat' dir='ltr'>dicebatur,</span> <span class='ocrx_word' id='word_1_287' title='bbox 781 3772 843 3809; x_wconf 91' lang='lat' dir='ltr'><strong><em>non</em></strong></span> <span class='ocrx_word' id='word_1_288' title='bbox 863 3755 944 3825; x_wconf 87' lang='lat' dir='ltr'>qnod</span> <span class='ocrx_word' id='word_1_289' title='bbox 965 3755 1074 3823; x_wconf 86' lang='lat' dir='ltr'>puerili</span> <span class='ocrx_word' id='word_1_290' title='bbox 1094 3759 1194 3808; x_wconf 82' lang='lat' dir='ltr'>aetate</span> <span class='ocrx_word' id='word_1_291' title='bbox 1213 3769 1310 3821; x_wconf 73' lang='lat' dir='ltr'>reguo</span> <span class='ocrx_word' id='word_1_292' title='bbox 1330 3770 1381 3823; x_wconf 91' lang='lat' dir='ltr'><strong><em>po-</em></strong></span> 
     </span>
     <span class='ocr_line' id='line_1_32' title="bbox 259 3824 1381 3893; baseline -0.002 -13"><span class='ocrx_word' id='word_1_293' title='bbox 259 3826 332 3880; x_wconf 89' lang='lat' dir='ltr'>titus</span> <span class='ocrx_word' id='word_1_294' title='bbox 351 3833 430 3881; x_wconf 86' lang='lat' dir='ltr'>esset</span> <span class='ocrx_word' id='word_1_295' title='bbox 449 3828 519 3889; x_wconf 81' lang='lat' dir='ltr'>(iarn</span> <span class='ocrx_word' id='word_1_296' title='bbox 539 3829 618 3881; x_wconf 88' lang='lat' dir='ltr'>enim</span> <span class='ocrx_word' id='word_1_297' title='bbox 639 3828 685 3881; x_wconf 88' lang='lat' dir='ltr'>vir</span> <span class='ocrx_word' id='word_1_298' title='bbox 704 3831 789 3893; x_wconf 77' lang='lat' dir='ltr'>erat),</span> <span class='ocrx_word' id='word_1_299' title='bbox 809 3828 862 3880; x_wconf 89' lang='lat' dir='ltr'>sed</span> <span class='ocrx_word' id='word_1_300' title='bbox 877 3827 914 3879; x_wconf 85' lang='lat' dir='ltr'><strong><em>nd</em></strong></span> <span class='ocrx_word' id='word_1_301' title='bbox 930 3826 1091 3880; x_wconf 77' lang='lat' dir='ltr'><strong>discrimen</strong></span> <span class='ocrx_word' id='word_1_302' title='bbox 1105 3824 1232 3878; x_wconf 81' lang='lat' dir='ltr'>Rotnani</span> <span class='ocrx_word' id='word_1_303' title='bbox 1250 3825 1300 3878; x_wconf 77' lang='lat' dir='ltr'>avi</span> <span class='ocrx_word' id='word_1_304' title='bbox 1320 3840 1381 3878; x_wconf 86' lang='lat' dir='ltr'>rna·</span> 
     </span>
     <span class='ocr_line' id='line_1_33' title="bbox 232 3896 1381 3967; baseline -0.003 -15"><span class='ocrx_word' id='word_1_305' title='bbox 232 3898 346 3963; x_wconf 69' lang='lat' dir='ltr'>literni,</span> <span class='ocrx_word' id='word_1_306' title='bbox 365 3899 445 3952; x_wconf 85' lang='lat' dir='ltr'>senis</span> <span class='ocrx_word' id='word_1_307' title='bbox 465 3904 628 3967; x_wconf 82' lang='lat' dir='ltr'>provectae</span> <span class='ocrx_word' id='word_1_308' title='bbox 646 3899 761 3952; x_wconf 85' lang='lat' dir='ltr'>aetatis.</span> <span class='ocrx_word' id='word_1_309' title='bbox 800 3898 830 3953; x_wconf 87' lang='lat' dir='ltr'>Si</span> <span class='ocrx_word' id='word_1_310' title='bbox 845 3898 912 3967; x_wconf 84' lang='lat' dir='ltr'>quis</span> <span class='ocrx_word' id='word_1_311' title='bbox 926 3903 1027 3951; x_wconf 84' lang='lat' dir='ltr'>autem</span> <span class='ocrx_word' id='word_1_312' title='bbox 1042 3912 1109 3951; x_wconf 85' lang='lat' dir='ltr'>cunr</span> <span class='ocrx_word' id='word_1_313' title='bbox 1124 3910 1253 3965; x_wconf 86' lang='lat' dir='ltr'>puerum</span> <span class='ocrx_word' id='word_1_314' title='bbox 1266 3896 1381 3949; x_wconf 85' lang='lat' dir='ltr'>dictum</span> 
     </span>
     <span class='ocr_line' id='line_1_34' title="bbox 260 3968 1472 4039; baseline -0.001 -17"><span class='ocrx_word' id='word_1_315' title='bbox 260 3970 437 4038; x_wconf 78' lang='lat' dir='ltr'>profiteatur</span> <span class='ocrx_word' id='word_1_316' title='bbox 463 3969 501 4023; x_wconf 95' lang='lat' dir='ltr'><strong><em>ob</em></strong></span> <span class='ocrx_word' id='word_1_317' title='bbox 526 3971 619 4023; x_wconf 87' lang='lat' dir='ltr'>vitam</span> <span class='ocrx_word' id='word_1_318' title='bbox 645 3970 801 4039; x_wconf 84' lang='lat' dir='ltr'>pueriliter</span> <span class='ocrx_word' id='word_1_319' title='bbox 823 3979 930 4035; x_wconf 84' lang='lat' dir='ltr'>actam,</span> <span class='ocrx_word' id='word_1_320' title='bbox 960 3969 990 4021; x_wconf 90' lang='lat' dir='ltr'>id</span> <span class='ocrx_word' id='word_1_321' title='bbox 1015 3982 1139 4037; x_wconf 87' lang='lat' dir='ltr'>quoque</span> <span class='ocrx_word' id='word_1_322' title='bbox 1161 3968 1227 4020; x_wconf 85' lang='lat' dir='ltr'>eius</span> <span class='ocrx_word' id='word_1_323' title='bbox 1251 3974 1381 4021; x_wconf 88' lang='lat' dir='ltr'>naturae</span> <span class='ocrx_word' id='word_1_324' title='bbox 1464 3982 1472 3999; x_wconf 88' lang='lat'><strong>·</strong></span> 
     </span>
     <span class='ocr_line' id='line_1_35' title="bbox 231 4039 1380 4110; baseline -0.001 -17"><span class='ocrx_word' id='word_1_325' title='bbox 231 4040 304 4094; x_wconf 75' lang='lat' dir='ltr'>dest</span> <span class='ocrx_word' id='word_1_326' title='bbox 332 4042 657 4095; x_wconf 85' lang='lat' dir='ltr'>convenientissimum.</span> <span class='ocrx_word' id='word_1_327' title='bbox 704 4039 862 4110; x_wconf 84' lang='lat' dir='ltr'>Sceptrurn</span> <span class='ocrx_word' id='word_1_328' title='bbox 891 4040 981 4093; x_wconf 89' lang='lat' dir='ltr'>modo</span> <span class='ocrx_word' id='word_1_329' title='bbox 1009 4039 1139 4107; x_wconf 88' lang='lat' dir='ltr'>adeptus</span> <span class='ocrx_word' id='word_1_330' title='bbox 1166 4039 1260 4092; x_wconf 86' lang='lat' dir='ltr'>lilium</span> <span class='ocrx_word' id='word_1_331' title='bbox 1291 4054 1380 4092; x_wconf 87' lang='lat' dir='ltr'>suum</span> 
     </span>
     <span class='ocr_line' id='line_1_36' title="bbox 232 4108 1381 4181; baseline 0 -16"><span class='ocrx_word' id='word_1_332' title='bbox 232 4110 403 4165; x_wconf 82' lang='lat' dir='ltr'>5Busilium</span> <span class='ocrx_word' id='word_1_333' title='bbox 423 4112 594 4166; x_wconf 81' lang='lat' dir='ltr'>diademate</span> <span class='ocrx_word' id='word_1_334' title='bbox 613 4116 643 4166; x_wconf 87' lang='lat' dir='ltr'><strong><em>et</em></strong></span> <span class='ocrx_word' id='word_1_335' title='bbox 662 4113 747 4181; x_wconf 84' lang='lat' dir='ltr'>regio</span> <span class='ocrx_word' id='word_1_336' title='bbox 767 4112 889 4166; x_wconf 88' lang='lat' dir='ltr'>nomine</span> <span class='ocrx_word' id='word_1_337' title='bbox 909 4116 1005 4165; x_wconf 82' lang='lat' dir='ltr'>ornat.</span> <span class='ocrx_word' id='word_1_338' title='bbox 1043 4108 1152 4164; x_wconf 87' lang='lat' dir='ltr'>Sedet</span> <span class='ocrx_word' id='word_1_339' title='bbox 1172 4110 1248 4164; x_wconf 81' lang='lat' dir='ltr'>ulter</span> <span class='ocrx_word' id='word_1_340' title='bbox 1260 4111 1288 4163; x_wconf 86' lang='lat' dir='ltr'><strong><em>ei</em></strong></span> <span class='ocrx_word' id='word_1_341' title='bbox 1302 4110 1381 4165; x_wconf 80' lang='lat' dir='ltr'>fitius·</span> 
     </span>
     <span class='ocr_line' id='line_1_37' title="bbox 232 4181 1381 4250; baseline -0.003 -13"><span class='ocrx_word' id='word_1_342' title='bbox 232 4184 349 4237; x_wconf 80' lang='lat' dir='ltr'>duatus</span> <span class='ocrx_word' id='word_1_343' title='bbox 369 4189 422 4249; x_wconf 89' lang='lat' dir='ltr'>est,</span> <span class='ocrx_word' id='word_1_344' title='bbox 442 4185 490 4237; x_wconf 88' lang='lat' dir='ltr'><strong><em>eui</em></strong></span> <span class='ocrx_word' id='word_1_345' title='bbox 511 4185 561 4237; x_wconf 87' lang='lat' dir='ltr'>avi</span> <span class='ocrx_word' id='word_1_346' title='bbox 581 4182 770 4238; x_wconf 80' lang='lat' dir='ltr'>Constantini</span> <span class='ocrx_word' id='word_1_347' title='bbox 790 4197 900 4237; x_wconf 87' lang='lat' dir='ltr'>nomen</span> <span class='ocrx_word' id='word_1_348' title='bbox 919 4181 1036 4236; x_wconf 82' lang='lat' dir='ltr'>indidit.</span> <span class='ocrx_word' id='word_1_349' title='bbox 1074 4181 1143 4250; x_wconf 85' lang='lat' dir='ltr'>lpse</span> <span class='ocrx_word' id='word_1_350' title='bbox 1157 4181 1312 4236; x_wconf 81' lang='lat' dir='ltr'>Romanus</span> <span class='ocrx_word' id='word_1_351' title='bbox 1332 4181 1381 4235; x_wconf 87' lang='lat' dir='ltr'><strong><em>dc·</em></strong></span> 
     </span>
     <span class='ocr_line' id='line_1_38' title="bbox 259 4252 1381 4324; baseline 0 -17"><span class='ocrx_word' id='word_1_352' title='bbox 259 4254 334 4309; x_wconf 86' lang='lat' dir='ltr'>liciis</span> <span class='ocrx_word' id='word_1_353' title='bbox 362 4254 631 4324; x_wconf 75' lang='lat' dir='ltr'>voluptatibusque</span> <span class='ocrx_word' id='word_1_354' title='bbox 655 4254 776 4309; x_wconf 89' lang='lat' dir='ltr'>deditus</span> <span class='ocrx_word' id='word_1_355' title='bbox 802 4262 832 4308; x_wconf 89' lang='lat' dir='ltr'><strong><em>et</em></strong></span> <span class='ocrx_word' id='word_1_356' title='bbox 855 4253 931 4307; x_wconf 85' lang='lat' dir='ltr'>luxu</span> <span class='ocrx_word' id='word_1_357' title='bbox 956 4254 1094 4306; x_wconf 88' lang='lat' dir='ltr'>diffluens</span> <span class='ocrx_word' id='word_1_358' title='bbox 1121 4268 1189 4306; x_wconf 81' lang='lat' dir='ltr'>cunr</span> <span class='ocrx_word' id='word_1_359' title='bbox 1209 4252 1381 4307; x_wconf 82' lang='lat' dir='ltr'>bominibus</span> 
     </span>
     <span class='ocr_line' id='line_1_39' title="bbox 259 4323 1380 4395; baseline -0.001 -16"><span class='ocrx_word' id='word_1_360' title='bbox 259 4327 409 4395; x_wconf 86' lang='lat' dir='ltr'>corruptis</span> <span class='ocrx_word' id='word_1_361' title='bbox 433 4331 462 4379; x_wconf 83' lang='lat' dir='ltr'><strong><em>et</em></strong></span> <span class='ocrx_word' id='word_1_362' title='bbox 489 4326 698 4394; x_wconf 79' lang='lat' dir='ltr'>pestilentibus</span> <span class='ocrx_word' id='word_1_363' title='bbox 723 4326 816 4379; x_wconf 85' lang='lat' dir='ltr'>vitam</span> <span class='ocrx_word' id='word_1_364' title='bbox 841 4326 963 4395; x_wconf 81' lang='lat' dir='ltr'>agebat,</span> <span class='ocrx_word' id='word_1_365' title='bbox 991 4339 1093 4378; x_wconf 86' lang='lat' dir='ltr'>rerum</span> <span class='ocrx_word' id='word_1_366' title='bbox 1119 4323 1380 4378; x_wconf 85' lang='lat' dir='ltr'>administratione</span> 
     </span>
     <span class='ocr_line' id='line_1_40' title="bbox 261 4395 1284 4466; baseline -0.002 -17"><span class='ocrx_word' id='word_1_367' title='bbox 261 4398 432 4466; x_wconf 86' lang='lat' dir='ltr'>praeposito</span> <span class='ocrx_word' id='word_1_368' title='bbox 453 4402 482 4451; x_wconf 87' lang='lat' dir='ltr'><strong><em>et</em></strong></span> <span class='ocrx_word' id='word_1_369' title='bbox 502 4398 633 4449; x_wconf 80' lang='lat' dir='ltr'>cubiculi</span> <span class='ocrx_word' id='word_1_370' title='bbox 654 4396 810 4465; x_wconf 83' lang='lat' dir='ltr'>praelecto</span> <span class='ocrx_word' id='word_1_371' title='bbox 831 4395 963 4466; x_wconf 83' lang='lat' dir='ltr'>Bringae</span> <span class='ocrx_word' id='word_1_372' title='bbox 983 4396 1111 4464; x_wconf 81' lang='lat' dir='ltr'>loseplro</span> <span class='ocrx_word' id='word_1_373' title='bbox 1131 4395 1284 4448; x_wconf 86' lang='lat' dir='ltr'>mandata.</span> 
     </span>
     <span class='ocr_line' id='line_1_41' title="bbox 232 4466 1380 4541; baseline -0.003 -16"><span class='ocrx_word' id='word_1_374' title='bbox 232 4468 249 4525; x_wconf 80' lang='lat' dir='ltr'><strong><em>&#39;l</em></strong></span> <span class='ocrx_word' id='word_1_375' title='bbox 348 4466 537 4541; x_wconf 84' lang='lat' dir='ltr'>Nicephorus</span> <span class='ocrx_word' id='word_1_376' title='bbox 562 4468 679 4525; x_wconf 89' lang='lat' dir='ltr'>Phocas</span> <span class='ocrx_word' id='word_1_377' title='bbox 707 4470 860 4541; x_wconf 81' lang='lat' dir='ltr'>magister,</span> <span class='ocrx_word' id='word_1_378' title='bbox 889 4468 1072 4523; x_wconf 86' lang='lat' dir='ltr'>domesticus</span> <span class='ocrx_word' id='word_1_379' title='bbox 1101 4466 1280 4533; x_wconf 83' lang='lat' dir='ltr'>scholarum,</span> <span class='ocrx_word' id='word_1_380' title='bbox 1310 4480 1380 4521; x_wconf 87' lang='lat' dir='ltr'><strong><em>cum</em></strong></span> 
     </span>
    </p>
   </div>
   <div class='ocr_carea' id='block_1_7' title="bbox 0 0 1530 4775">
    <p class='ocr_par' dir='ltr' id='par_1_9' title="bbox 0 0 1530 4775">
     <span class='ocr_line' id='line_1_42' title="bbox 0 0 1530 4775; baseline 0 2"><span class='ocrx_word' id='word_1_381' title='bbox 0 0 1530 4775; x_wconf 95' lang='lat' dir='ltr'><strong><em> </em></strong></span> 
     </span>
    </p>
   </div>
  </div>
 </body>
</html>
