3050 4775
389 405 651 467 CONSTANTINI
670 407 863 467 VIRTVTES
882 407 933 466 ΕΤ
951 407 1070 466 VITIA.
1236 407 1290 466 483

172 591 247 654 ἀλλὰ
274 594 379 675 μέντοι
407 592 461 656 καί
488 593 523 666 ἐξ
551 592 729 666 ἐπιστολῶν,
761 595 866 656 ἃκδν
892 592 938 677 μὴ
965 592 1047 675 πρὸς
1068 594 1178 676 τέχνην
1200 593 1290 676 ἠκρί-

170 693 288 774 βαινται
311 695 366 778 τὴν
388 696 567 778 ῥητορικήν,
591 696 669 759 ἀλλά
692 720 726 778 γε
749 697 887 779 σχήμασι
908 695 1022 779 ταύτης
1038 697 1094 759 καί
1106 719 1180 759 τισιν
1195 696 1291 766 ἰδέαις

170 796 383 861 ποικίλλονται.
430 799 535 862 ἐδίδου
559 797 594 861 δὲ
616 798 669 862 καὶ
688 799 828 882 ῥυθμοῖς
843 798 954 862 ἑαυτὸν
969 798 1022 862 καλ
1036 799 1161 881 μέτροις
1174 807 1317 862 παντο-6

171 899 295 970 δαποῒς·
330 902 416 983 γνοίη
445 901 481 964 δέ
502 925 546 972 τις
568 906 659 965 τοῦτο
683 901 717 975 ἐξ
740 897 789 965 ὧν
812 900 861 964 ε’πλ
883 901 1028 984 θανούσῃ
1051 902 1140 983 αὐτῷ
1161 907 1200 985 τῇ
1222 925 1289 964 κοι-

143 1007 266 1084 5νωνῷ
293 1008 349 1066 τοῦ
377 1003 449 1087 βίου
477 1004 643 1085 ἐμμέτρως
669 1004 854 1087 ίδρήνησεν.
900 1004 1079 1087 ἐπεμελήθη
1104 1003 1139 1067 δὲ
1161 1003 1214 1066 καλ
1235 1010 1316 1087 τῆςῖ

171 1104 358 1187 φιλοσοφίας
381 1106 486 1189 αὐτῆς,
514 1107 752 1189 ἔπιλελησμίιης
775 1107 837 1191 ἤδη
861 1107 982 1190 σχεδόν,
1010 1105 1087 1169 ἀλλά
1109 1107 1214 1187 μέντοι
1237 1106 1326 1170 καλΙ)

170 1210 234 1269 τῶν
256 1208 435 1290 ἐπιστημῶν
450 1207 659 1279 διδασκάλους
675 1209 840 1291 ἐπιστήσας
855 1209 908 1273 καλ
925 1209 1179 1293 ἀναζωπυρήσας
1194 1209 1289 1272 ἐκλει-

169 1309 292 1380 πούσας
323 1310 428 1380 αὐτάς.
474 1311 527 1373 καλ
554 1315 649 1374 ταῦτα
677 1311 736 1393 μὲν
762 1318 818 1394 τῆς
846 1311 1020 1393 κρείττονος
1041 1313 1157 1394 μοίρας
1179 1312 1290 1394 ἐκείνῳ

169 1418 299 1494 προσῆν.
344 1412 415 1493 περὶ
444 1412 478 1476 δὲ
506 1413 561 1495 τὴν
583 1420 637 1495 τῆς
659 1414 816 1496 βασιλείας
839 1414 989 1496 διοίκησιν
1012 1414 1140 1477 διέκειτο
1162 1414 1316 1495 paida-8

126 1514 319 1595 Ῑοκάπερον,
353 1513 509 1596 δύσοργάς
538 1538 571 1578 τε
602 1515 656 1578 καὶ
686 1517 864 1598 βαρύμηνις
892 1522 957 1586 τοῖς
983 1517 1144 1579 πταίουσιν
1169 1515 1209 1599 ἢν
1236 1518 1289 1580 καί

169 1615 323 1699 κολαστὴς
345 1616 554 1700 ἀπαραίτητος
577 1619 654 1698 οἴνῳ
676 1641 708 1680 τε
728 1623 784 1680 τοῦ
803 1619 982 1700 αὐτάρκους
997 1618 1147 1701 ἐκέχρητο
1162 1617 1288 1683 πλείονι.

168 1717 222 1780 καί
250 1717 498 1801 ἀρχαιρεσιάζων
525 1719 564 1782 οὗ
590 1719 664 1789 τοὺς
690 1719 797 1792 ἀξίους
826 1719 935 1802 ἒφίστα
963 1725 1029 1789 ταῖς
1051 1719 1246 1801 στρατηγίαις
1267 1723 1315 1804 hil

168 1825 233 1889 ταῖς
255 1826 310 1902 τῆς
331 1819 483 1890 πολιτείας
505 1821 627 1903 δρχαῖς,
651 1821 727 1883 alid
746 1820 820 1891 τοὺς
834 1821 1096 1904 μοχθηροτέρους
1110 1821 1164 1884 καὶ
1179 1821 1287 1885 ἀδοκί-

167 1943 250 2002 μους
271 1921 325 1986 καλ
348 1923 404 1992 οὓς
426 1924 445 2006 ἡ
469 1923 588 2006 βασιλὶς
611 1923 664 1986 καί
687 1923 705 1984 δ
729 1924 1020 2006 παρακοιμώμενος
1044 1925 1167 2006 εἰσῆγον
1190 1924 1287 1988 Βασί-

124 2024 258 2106 Ιῖτλειος,
287 2026 401 2096 ὠνίους
423 2025 597 2109 χρημάτων
619 2027 775 2108 τιθέμενοι
794 2025 851 2096 τὰς
873 2026 984 2108 άρχάς.
1032 2022 1097 2090 ἀλλ’
1121 2027 1206 2089 οὕτω
1228 2025 1333 2109 paolo

167 2125 204 2188 τὰ
227 2132 282 2211 τῆς
303 2128 468 2210 βασιλείας,
492 2129 521 2190 εί
540 2128 593 2192 καλ
615 2128 660 2211 μὴ
685 2129 718 2190 ἓν
739 2132 814 2192 πᾶσι
835 2127 952 2210 καλῶς,
976 2128 1174 2211 ᾠκονόμητο.
1220 2129 1285 2192 ἔπι-
1295 2143 1329 2197 11

166 2229 278 2312 βουλαί
307 2229 341 2294 δὲ
368 2230 446 2294 κατὰ
476 2235 531 2294 τοῦ
563 2236 753 2313 κρατοῦντος
785 2231 1031 2314 ίμελετήδησαν·
1064 2232 1084 2314 ἡ
1111 2231 1171 2312 μὲν
1198 2231 1444 2313 παράΡΙΠθλΑ

165 2336 221 2395 τοῦ
244 2334 536 2416 παρακοιμαιμίνου
556 2331 752 2417 Θεοφάνους,
776 2331 912 2404 πολλοὺς
934 2333 987 2397 καί
1011 2333 1124 2404 ἄλλους
1147 2333 1285 2397 συνίστο-

167 2554 202 2609 16
219 2554 279 2623 περὶ
296 2554 436 2625 λιιιβουλῆς
455 2553 503 2611 ΟΕ

221 2770 235 2823 l
254 2767 352 2839 μέντοι]
370 2767 424 2839 μὴν
443 2768 472 2823 D
582 2770 604 2824 1.
624 2767 642 2823 λ
659 2770 676 2824 ἃ
695 2768 746 2824 κᾶν
763 2768 802 2840 μὴ
820 2769 888 2839 πρὸς
906 2770 1000 2840 τίχνην
1017 2770 1180 2842 ἠκρίβωνται
1200 2770 1286 2840 (sinpl-

219 2842 307 2911 βωντο
327 2838 507 2911 Ewath']
526 2840 572 2911 τὴν
590 2841 744 2911 ῥητορικήν,
762 2842 828 2895 ἀλλά
844 2863 873 2910 γε
885 2842 1001 2911 σχήμασι
1015 2844 1109 2910 ταύτης
1121 2840 1285 2911 AEwap,

219 2912 298 2966 άκαλ
317 2912 433 2982 σχήμασι
452 2912 603 2982 ῥητορικοῖς
623 2912 647 2967 Ο
667 2914 669 2921 '
755 2913 773 2967 3
790 2914 975 2967 ποικίλλωνται
996 2913 1031 2983 p*
1137 2913 1167 2966 δὲ
1186 2929 1243 2967 0111.
1263 2913 1285 2969 C

219 2982 236 3037 b
254 2984 392 3052 ἐμμέτροις
407 2984 411 3049 Ι
428 2982 455 3037 D
545 2984 561 3038 6
579 2984 780 3054 ἐπιλελησμένος
798 2983 823 3038 Ε
913 2984 930 3039 9
947 2992 1048 3054 προςῆν
1065 2983 1198 3041 AEwa
1221 3024 1228 3050 ‚
1247 2992 1285 3052 τῷ

219 3054 391 3124 αὐτοκράτορι
412 3054 435 3107 0
507 3056 697 3123 μαλακώτερον
717 3056 789 3124 Etvp
864 3056 897 3109 16
915 3056 961 3109 καί
980 3071 1037 3109 om.
1057 3056 1090 3122 0,
1109 3055 1177 3109 add.
1198 3000 1250 3114 Bw

166 3268 294 3336 deditus,
315 3269 397 3339 quod
417 3286 453 3324 ex
475 3270 593 3340 scriptis
613 3275 642 3325 et
661 3270 798 3340 epistulis
816 3272 882 3325 eius
901 3276 1037 3339 apparet,
1057 3285 1136 3339 quae
1156 3270 1226 3325 licet
1245 3269 1284 3323 ad

166 3348 261 3395 artem
282 3342 445 3395 oratoriam
465 3341 614 3412 perpolita
633 3357 693 3395 non
714 3344 782 3408 sint,
804 3347 905 3395 tamen
924 3341 1081 3396 rhetoricis
1101 3342 1284 3396 ornamentis

167 3416 197 3466 ot
216 3412 322 3481 liguris
342 3412 522 3481 quibusdam
542 3418 667 3467 scatent.
705 3412 834 3481 Operam
850 3426 973 3482 quoque
986 3413 1132 3481 rhythmis
1145 3416 1175 3465 et
1189 3413 1311 3467 oannisli

165 3484 288 3553 generis
307 3483 446 3538 verubus
466 3483 566 3550 dabat,
587 3484 668 3553 quod
689 3484 719 3537 in
738 3485 775 3537 iis
793 3484 933 3538 versibus
953 3485 1035 3538 cerni
1047 3489 1154 3569 potest,
1174 3484 1284 3552 quibus

166 3555 279 3609 obitum
300 3556 439 3624 coniugis
458 3570 532 3609 suae
552 3555 730 3625 deploravit.
768 3554 867 3624 ipsius
890 3556 980 3609 ctiam
1005 3554 1213 3624 philosophiae
1238 3555 1310 3610 τιι-’ί

165 3626 277 3680 tionem
301 3626 415 3694 habult,
444 3640 523 3695 quae
547 3641 645 3695 paene
669 3628 700 3680 in
725 3626 908 3680 oblivionem
932 3630 1066 3692 venerat,
1095 3626 1284 3694 aliarumque

165 3697 400 3766 disciplinarum,
430 3712 506 3766 quas
532 3698 591 3751 iam
613 3697 787 3751 deficientes
807 3696 982 3751 doctoribus
1003 3696 1149 3751 ordinatis
1167 3698 1283 3751 relocil-

166 3767 247 3822 lavit.
284 3767 384 3837 Atque
404 3769 448 3822 his
468 3776 533 3823 erat
552 3769 724 3823 virtutihus.
760 3768 794 3822 ln
814 3784 912 3837 regno
928 3774 1030 3822 autern
1044 3768 1310 3823 administrandoss

165 3840 223 3894 suit
241 3841 371 3909 segnior,
401 3840 565 3893 iracundus
585 3856 620 3893 ae
640 3855 751 3893 saevus
771 3841 801 3892 in
821 3839 1038 3907 delinquentes,
1060 3840 1091 3891 in
1111 3841 1217 3908 poenis
1236 3854 1283 3893 su·

165 3910 281 3965 mendis
300 3911 505 3977 inexorabilis,
532 3912 594 3964 vini
618 3912 697 3966 iusto
717 3911 844 3964 avidior.
881 3909 916 3964 In
936 3910 1084 3979 eligendis
1103 3911 1309 3980 magistrati-9

165 3982 222 4036 bus
241 3996 303 4036 non
322 3981 432 4052 dignos
451 3983 584 4051 imperiis
600 3982 648 4037 vel
662 3982 802 4036 civilibus
814 3982 991 4036 muneribus
1006 3981 1209 4049 praeficiebat,
1228 3981 1283 4036 sed

165 4054 264 4107 minus
283 4053 380 4107 bonos
399 4068 435 4107 uc
454 4055 554 4123 potius
569 4054 723 4123 improbos
736 4060 767 4107 et
780 4068 856 4122 quos
869 4054 977 4120 regina
991 4051 1039 4106 vel
1054 4052 1184 4105 cubiculi
1198 4068 1282 4122 prae·

166 4126 281 4193 positas
304 4122 433 4179 Basilius
458 4125 719 4190 commendabant,
749 4126 801 4193 qui
824 4125 1021 4194 magistratus
1045 4123 1168 4177 venales
1194 4123 1282 4177 habe·

166 4196 248 4249 bant.
284 4195 331 4249 lta
359 4195 458 4263 flebat,
490 4201 524 4249 ut
553 4197 711 4265 imperium
740 4211 802 4249 non
829 4197 860 4249 ln
890 4195 1029 4249 omnibus
1055 4194 1133 4249 bene
1158 4193 1327 4249 admiai-lo

166 4270 321 4321 erraretur.
359 4266 537 4337 Imperatori
563 4274 665 4321 autern
691 4272 825 4321 structae
848 4272 919 4320 sunt
941 4266 1078 4331 insidiae,
1107 4267 1236 4335 primum
1262 4266 1325 4321 all

166 4338 297 4392 cubiculi
321 4340 477 4407 praefecto
501 4338 693 4409 Theophane,
723 4339 774 4407 qui
803 4338 913 4392 multos
937 4338 1069 4391 habebat
1092 4338 1228 4390 conscios
1251 4343 1282 4390 et

165 4408 335 4465 Romanum
353 4424 370 4465 e
390 4410 479 4465 Prote
498 4410 641 4465 studebat
659 4409 806 4465 reducere
824 4410 853 4463 in
874 4410 1000 4480 regiam,
1019 4408 1129 4463 deinde
1148 4410 1188 4463 ab
1207 4408 1282 4481 aliis,
1293 4408 1327 4464 12
