3050 4775
271 384 325 452 att
585 386 840 455 solimani.
860 387 915 455 XV
933 394 958 469 6,
978 388 1076 457 8-19.

244 583 423 666 solimique
454 585 474 665 ἢ
507 582 543 645 ἐκ
573 586 638 645 τῶν
669 582 775 645 ἄλλων
805 582 964 665 παρόντος
996 588 1213 667 πατριαρχῶν·
1249 582 1303 647 καλ
1335 582 1392 668 τὴν

269 686 413 769 τοιαύτην
435 684 619 768 συνδρομὴν
640 690 705 748 τῶν
726 686 861 768 ἀνιέρων
877 686 1006 749 ἐκείνων
1021 687 1156 751 σύνοδον
1171 688 1392 770 οἰκουμενικὴν

178 792 206 845 D
227 788 398 851 lunatione
421 789 481 851 οὐκ
504 788 710 871 ἀπενάρκησε.
756 786 831 870 μεθ’
857 786 905 851 ὧν
928 790 970 859 εἰς
992 788 1046 852 τὸν
1069 790 1103 853 ἐν
1121 790 1316 873 Βλαχέρναις
1337 798 1392 874 τῆς

269 891 427 954 ύεοτόκου
446 889 524 953 ναόν
539 890 733 971 ἀφικόμενος
748 891 802 953 καλ
818 892 851 953 ἐν
865 898 911 973 τῷ
927 892 1053 973 ἄμβωνι
1069 892 1279 975 ἀναβεβηκὼς
1294 894 1389 957 Κων-

269 993 426 1057 στσντῖνόν
447 1016 513 1057 τινα
537 993 690 1076 μσναχόν,
716 994 888 1057 ἐπίσκοπον
911 993 1050 1057 Συλσίου
1074 994 1252 1077 γενόμενον,
1282 996 1417 1078 &vasis-5

269 1096 371 1179 βάσας
389 1096 648 1178 ἔκεῖέξεφώνησε
662 1095 925 1159 “Κωνσταντι’νου
950 1097 1170 1179 οἰκουμενικοῦ
1193 1098 1390 1181 πατριάρχου

226 1198 368 1262 11πολλὰ
390 1197 427 1260 τά
455 1199 542 1281 ἔτη.”
586 1198 640 1262 καλ
661 1194 727 1280 μετ’
752 1198 858 1280 ὀλίγας
881 1200 1002 1281 ἡμέρας
1025 1200 1058 1262 ἕν
1084 1207 1131 1281 τῷ
1157 1199 1258 1283 Φάρῳ
1285 1224 1389 1283 παρα-

270 1302 437 1385 γενόμενος
459 1301 478 1363 ό
501 1300 653 1382 τύραννος
679 1298 771 1371 οὗτος
797 1300 875 1381 μετὰ
902 1307 957 1364 τοῦ
984 1302 1179 1385 πατριάρχου
1208 1304 1305 1367 αὐτοῦ
1337 1304 1391 1367 καλ

268 1410 332 1468 τῶν
355 1403 671 1487 ὁμογνωμονούντων
693 1404 783 1485 αὐτῷ
805 1404 997 1486 ἐπισκόπων,
1030 1405 1166 1468 ἐνώπιον
1192 1406 1308 1476 παντὸς
1334 1413 1389 1470 τοῦ

269 1508 347 1571 λαοῦ
369 1508 425 1591 τὴν
447 1512 512 1570 τῶν
527 1510 650 1571 σετττῶν
664 1506 798 1569 εἰκόνων
812 1507 1025 1588 προσκύνησιν
1041 1508 1272 1591 ἀπηγόρευσαν,
1297 1510 1389 1573 εἰὸω-
1400 1518 1427 1571 D
1438 1518 1481 1571 lll
1496 1542 1519 1571 .’

226 1611 420 1693 19λολάτρας
445 1608 519 1680 τοὺς
545 1608 658 1679 ταύτας
686 1609 879 1691 σεβομένους
907 1609 1100 1691 καλέσαντες,
1133 1610 1187 1673 καὶ
1215 1612 1390 1695 ἀναύέματι

268 1715 495 1797 καόυπέβσλον
525 1712 579 1776 τόν
610 1736 642 1775 τε
671 1712 815 1793 ἀοίδιμον
838 1710 872 1773 Γ
866 1712 1005 1794 ερμανὸν
1033 1712 1086 1775 καὶ
1115 1712 1170 1776 τόν
1193 1716 1228 1777 ἐκ
1252 1716 1389 1797 Κύπρου

267 1816 302 1879 Γ
297 1818 431 1899 εώργιον
446 1815 642 1899 πατριάρχην
656 1822 710 1897 τῆς
726 1814 966 1878 Κωνστανιίνου
990 1815 1158 1898 γενόμενον
1180 1817 1234 1879 καλ
1256 1816 1310 1881 τόν
1331 1820 1388 1901 μό-

113 1924 327 2002 ΡΠ1091γαν
350 1919 399 1983 ἐπὶ
421 1921 519 2001 σοφίᾳ
541 1918 595 1981 καλ
621 1918 716 2001 ἀρετῇ
734 1914 888 2000 Ἰωάννην
914 1916 968 1980 τὸν
991 1918 1214 2001 Δαμασκηνόν,
1248 1920 1284 1990 ὃς
1310 1919 1387 1983 πολ-

268 2023 356 2093 λάκις
383 2021 437 2085 τόν
465 2021 630 2104 ύεομάχον
659 2021 768 2103 ἤλεγξε
794 2026 905 2084 τοῦτον
932 2020 985 2083 καλ
1007 2020 1061 2084 τὸν
1084 2020 1181 2085 αὐτοῦ
1204 2024 1323 2105 πατέρα
1347 2019 1385 2087 δι’
1400 2032 1432 2086 15

269 2126 439 2189 ε’πιστολῶν
462 2125 593 2206 ἀσεβεῖν.

225 2234 260 2289 13
352 2228 598 2310 Ἐκστρατεύσσς
630 2226 665 2291 όὲ
696 2226 776 2291 κατὰ
804 2226 1002 2309 Βουλγάρων
1029 2227 1048 2290 ό
1071 2226 1308 2299 Κωνσταντῖνος
1334 2228 1388 2291 καὶ

268 2331 442 2416 συμβαλὼν
473 2332 578 2402 αὐτοῖς
608 2330 662 2394 καλ
692 2327 829 2401 πολλοὺς
861 2329 1035 2413 ἀποβαλὼν
1067 2329 1106 2393 ού
1137 2334 1202 2394 τῶν
1228 2330 1388 2413 τυχόντων

267 2435 367 2518 μόνω
395 2439 603 2518 στρατιωτῶν,
636 2432 713 2497 ἀλλὰ
742 2433 796 2497 καλ
822 2438 887 2496 τῶν
911 2433 1074 2516 ἐπισήμων
1096 2433 1150 2497 καὶ
1173 2438 1388 2517 στραταρχιῦν,

267 2534 341 2620 μεθ’
365 2539 457 2620 ἥττης
480 2537 688 2610 ἐπανόζευξεν.
1397 2542 1432 2599 20

320 2727 339 2782 3
355 2725 519 2796 όπτνάρκησε
538 2724 562 2780 Ε
642 2723 681 2779 ὧν
700 2721 805 2792 OwDi,
824 2725 854 2779 δν
872 2723 945 2796 ABp
1030 2727 1055 2781 3.
1074 2727 1092 2781 4
1110 2724 1173 2780 ναὸν
1192 2731 1237 2794 τῆς
1255 2725 1386 2780 όεοτόκου

321 2797 426 2868 ΟΕττρ,
444 2799 519 2852 θεῖον
530 2795 594 2852 ναόν
605 2803 651 2866 τῆς
662 2798 792 2851 seorim
803 2796 839 2865 D,
860 2798 965 2853 aedsm
983 2802 1208 2852 sacrosanctam
1219 2797 1386 2866 Daiparse:

326 2869 376 2925 Wo
395 2871 445 2924 lut.
548 2869 565 2923 5
583 2867 716 2922 Συλλαίου
735 2867 870 2938 ΤΙιεορλι.
890 2869 903 2922 1
923 2885 951 2940 p.
971 2870 1032 2937 428,
1051 2869 1068 2922 4
1170 2869 1186 2924 7
1206 2872 1344 2938 γενόμενος
1363 2867 1386 2923 C

320 2942 431 3001 Βούτας
451 2957 507 2995 0111.
527 2938 549 2996 C
645 2940 679 2993 10
697 2939 881 3008 ἀπηγόρευσαν
900 2946 930 2995 et
948 2939 1127 3012 ἀπηγόρευσεν
1145 2955 1199 3010 pel·
1219 2940 1341 3012 dittogr.
1361 2940 1385 2993 E

322 3013 355 3067 13
372 3012 536 3082 πατριάρχην
545 3019 591 3080 τῆς
600 3009 811 3080 Κωναταντίνου]
828 3012 872 3066 De
882 3013 939 3066 hoc
950 3028 1053 3067 errore
1064 3014 1192 3082 repetito
1204 3013 1243 3066 ab
1255 3013 1385 3081 Ephras-

319 3087 379 3139 mio
400 3084 469 3138 1788
493 3101 520 3137 v.
540 3083 608 3138 Duc
631 3081 671 3136 ad
694 3083 722 3136 h.
746 3082 763 3136 l.
789 3089 819 3137 st
841 3083 1005 3139 Henrisum
1026 3083 1186 3139 Gslzsrum
1206 3083 1318 3138 Sextus
1337 3085 1385 3138 Ιιι-

320 3154 381 3210 lius
400 3151 569 3226 Africanus
588 3161 644 3208 eet.
662 3153 744 3224 Lips.
766 3155 835 3209 1885
854 3159 874 3209 t.
893 3155 922 3209 II
943 3172 971 3226 p.
992 3155 1044 3210 177
1063 3170 1131 3209 ann.
1151 3155 1169 3208 5
1289 3154 1323 3209 14
1341 3155 1385 3210 τόν

319 3227 491 3297 όαμσσκηνόν
503 3227 618 3296 λωάννην
631 3224 655 3281 Ο
723 3227 758 3279 19
774 3229 867 3295 μόνων
880 3243 927 3297 wp
941 3229 1043 3281 invitis
1056 3225 1117 3294 AR,
1138 3243 1165 3280 v.
1177 3225 1215 3279 ad
1226 3224 1384 3295 11111131.

239 3405 369 3462 9Talem
389 3421 570 3462 concursum
589 3407 788 3476 profanorum
813 3406 932 3461 illorum
953 3407 1106 3461 hominum
1127 3406 1276 3475 synodum
1297 3420 1385 3460 oecu-

223 3477 257 3531 10
266 3480 412 3532 manicam
438 3479 592 3549 appellsra
619 3493 681 3531 non
701 3477 865 3547 dubitavit3
894 3492 962 3532 cum
982 3478 1093 3548 qulbus
1113 3478 1218 3533 sedem
1239 3478 1384 3548 deiparae

266 3550 474 3606 Blacherniam
482 3551 648 3618 ingressus,
668 3565 834 3604 conscenso
855 3550 985 3604 ambone
1003 3555 1034 3604 st
1044 3549 1240 3604 Constantino
1252 3550 1383 3618 quodam

265 3622 423 3689 monacho,
443 3622 494 3691 qui
514 3618 615 3690 Sylani
633 3623 794 3690 episcopus
814 3622 923 3686 luerat,
943 3622 1002 3675 illic
1022 3622 1168 3676 collocato
1188 3621 1384 3676 exclamavit:

222 3694 253 3746 11
264 3692 503 3749 “Constantinus
520 3695 732 3747 oecumenicus
743 3694 916 3761 patriarcha
934 3694 1044 3747 multos
1062 3695 1147 3747 vivat
1166 3691 1291 3746 annos.''
1313 3692 1385 3746 Post

265 3779 380 3835 paucos
406 3765 470 3819 diss
494 3772 643 3834 tyrannus
668 3765 698 3818 in
723 3764 835 3818 Forum
861 3767 944 3819 venit
969 3780 1036 3819 cum
1063 3764 1233 3834 patriarcha
1266 3779 1322 3818 suo
1354 3769 1384 3817 st

265 3837 466 3891 sectatoribus
497 3837 656 3906 episcopis,
688 3837 740 3905 qui
766 3851 867 3890 coram
894 3838 973 3890 omni
1000 3837 1112 3906 populo
1138 3835 1382 3890 venerandarum

265 3908 432 3978 imaginum
446 3907 655 3962 adorationem
667 3907 900 3972 interdixerunt,
914 3908 1081 3962 idololatris
1094 3909 1130 3960 iis
1143 3905 1311 3976 appellatis,
1331 3907 1383 3976 qui

222 3979 317 4033 12eas
337 3979 479 4046 colorant,
498 3985 529 4033 et
547 3979 741 4033 anathemate
759 3983 905 4033 notarunt
924 3979 1068 4032 inclutum
1083 3977 1267 4033 Germanum
1287 3978 1383 4032 eth·

265 4053 384 4120 orgium
407 4050 560 4120 Cyprium,
587 4052 638 4119 qui
659 4049 835 4120 Cpolitanus
857 4051 1029 4120 patriarcha
1055 4051 1163 4114 luerat,
1190 4056 1220 4103 et
1244 4049 1383 4104 doctrina

265 4123 439 4192 virtuteque
471 4127 674 4191 praestantem
705 4121 851 4176 loannem
881 4121 1111 4187 Damascenum‚
1138 4122 1189 4190 qui
1222 4121 1301 4176 hunc
1334 4122 1382 4176 dai

264 4193 380 4249 hostem
400 4195 527 4262 eiusque
546 4198 663 4263 patrem
683 4193 788 4248 litteris
807 4207 899 4262 saepe
918 4193 1079 4262 impietatis
1099 4197 1253 4262 arguerat.

221 4265 256 4321 13
353 4264 436 4319 Bello
465 4270 570 4318 contra
596 4264 747 4333 Bulgaros
777 4269 858 4318 moto
886 4263 1101 4319 Constantinus
1134 4265 1248 4334 proelio
1275 4266 1381 4333 victus,

265 4337 366 4392 multis
383 4352 445 4390 non
464 4337 615 4406 gregariis
640 4341 756 4390 tantum
778 4337 921 4390 militibus
939 4336 994 4390 ssd
1013 4336 1179 4390 illustribus
1199 4337 1288 4392 stiam
1309 4339 1382 4392 vii-is

265 4414 296 4470 st
314 4409 442 4466 tribunis
461 4409 586 4481 amissis,
606 4407 728 4464 domum
747 4407 863 4464 sladum
884 4407 1005 4466 rettulit.
