3050 4775
385 394 569 457 assumti.
608 399 821 463 EXPEDITIO
840 398 1073 463 subeamus.
1236 404 1290 465 909

166 582 311 669 βασιλεὺς
326 583 547 668 ἐβουλεύσατο·
570 586 627 650 καί
638 610 720 659 τινος
733 593 798 652 τῶν
815 588 1014 653 οἰκειοτάτων
1036 588 1124 673 αὐτῷ
1147 591 1287 673 συμβου·

166 690 312 763 λεύοντος
333 691 422 773 αὐτῷ
445 691 589 756 ἐνδοῦναι
617 697 681 763 τοῖς
707 691 861 775 ὑπηκόοις
887 692 943 775 τὴν
970 693 1123 775 κάκωσιν,
1155 692 1289 764 “πάντες

166 794 255 876 γάρ”
277 796 339 877 ἔφη
362 794 585 877 “καταβοα”ισιν
607 795 702 877 ἡμῶν
724 796 787 875 καί,
812 797 844 858 εἴ
857 820 884 859 τι
899 800 963 859 τῶν
979 796 1134 859 ἀπαισίων
1149 796 1287 879 συμβαίη
1300 799 1334 855 W
1348 798 1391 855 lll
1404 800 1454 856 101

166 897 250 979 ἡμῖν,
272 898 384 969 πάντες
407 898 647 981 ἔπεχαρήσονται
668 904 706 981 τῇ
728 898 844 963 πτώσει
867 899 997 981 ήμῶν”,
1022 900 1139 969 ἐκεῖνος
1162 900 1223 981 ἔφη
1241 899 1314 970 ὡς9

139 997 208 1062 δ”ὄ
235 999 313 1071 θεὸς
344 1000 514 1084 ἕσκλήρυνε
539 1000 595 1084 τὴν
626 1001 760 1084 καρδίαν
786 1024 851 1083 μου
879 1000 958 1065 κατά
985 1001 1041 1085 τὴν
1067 1007 1123 1065 τοῦ
1150 1000 1320 1083 Φαραιύ·Β

164 1102 210 1186 μὴ
234 1101 293 1167 σύν
315 1104 448 1187 ἔκδέχου
471 1130 498 1168 τι
520 1104 645 1188 ἀγαθὸν
667 1110 731 1175 τοῖς
746 1102 809 1167 ύπό
824 1103 914 1186 χεῖρά
928 1127 993 1186 μου
1010 1104 1044 1177 ἐξ
1059 1102 1171 1185 ἒμοῦ.”
1214 1126 1286 1166 συν-
1297 1106 1332 1163 10

166 1206 320 1288 αθρούσας
343 1206 400 1271 οὖν
422 1207 460 1271 τά
482 1208 622 1290 τάγματα
645 1207 803 1271 πάντοθεν
825 1205 879 1269 καλ
901 1208 945 1277 εἰς
960 1206 1160 1288 Βουλγαρίαν
1182 1228 1286 1288 παρα-

165 1308 341 1391 γενόμενος,
372 1316 428 1374 τοῦ
457 1309 614 1393 Κρούμου
645 1316 701 1374 τού
733 1310 849 1380 ἔθνους
880 1310 1133 1392 ἀρχηγετοῦνιος,
1166 1308 1201 1372 τὸ
1228 1309 1288 1391 μὲν

164 1415 294 1493 πρῶτον
321 1411 498 1495 εὐτύχησεν,
530 1412 611 1477 ὥστε
638 1412 691 1475 καὶ
718 1411 775 1495 τήν
802 1418 858 1476 τοῦ
882 1412 1037 1496 Κρούμου
1064 1412 1288 1495 παρειληφέναι

0 1517 18 1559 *⁸
41 1510 265 1597 ῙῙῙ373αύλήν
295 1512 392 1597 (οὕτω
421 1514 481 1598 γὰρ
508 1514 564 1598 τὴν
590 1520 645 1579 τοῦ
674 1519 768 1597 σφῶν
791 1515 933 1599 ἀρχηγοῦ
957 1516 988 1579 οῖ
1009 1514 1190 1597 Βούλγαροι
1213 1514 1287 1577 ἐκά-

164 1616 241 1680 λουν
255 1615 459 1701 κατούιησιν),
482 1618 536 1681 καὶ
551 1623 614 1689 τοῖς
629 1618 750 1681 ἐκείνου
764 1618 901 1701 ταμείοις
924 1618 1101 1701 σφραγῖδας
1123 1616 1286 1700 ἐπιβαλεῖν,

164 1718 212 1790 ὡς
233 1719 295 1802 ἤθη
319 1721 499 1803 γενομένοις
521 1722 628 1794 αὐτοῦ,
651 1720 704 1784 καὶ
721 1720 857 1791 πολλοὺς
872 1725 937 1783 τῶν
952 1720 1076 1784 οἰκείων
1093 1719 1143 1784 διά
1160 1718 1287 1783 σκύλων

164 1820 311 1905 ἁρπαγήν
343 1824 595 1907 τιμωρήσασθαι.
641 1829 697 1887 τοῦ
733 1822 768 1887 ὀὲ
802 1822 959 1906 Κρούμου
996 1821 1326 1892 ἀποόεδειλιακότοςΙΙ

162 1923 218 1987 καλ
248 1925 438 1996 ἱκετεύοντος
465 1926 635 2009 φείσασθαι
660 1932 716 1989 τοῦ
745 1926 861 1997 ἔθνους
890 1926 943 1989 καὶ
970 1922 1021 2009 ἐφ’
1046 1927 1124 1996 οἵαις
1147 1927 1186 1988 ἂν
1207 1923 1286 2007 βού-

118 2019 154 2075 15
163 2026 245 2090 λοιτο
269 2028 444 2111 συνθήκαις
466 2029 652 2092 σπείσασθαι
675 2029 773 2111 αύτῷ,
807 2028 966 2111 ὀγκωθελς
989 2028 1106 2099 ἐκεῖνος
1128 2035 1176 2111 τῷ
1197 2029 1318 2091 εὐτυ-0

162 2129 279 2211 χήματι
299 2129 355 2201 τάς
377 2128 516 2200 σπονδάς
539 2132 578 2193 οὐ
600 2130 793 2213 προσήκατο.
839 2128 997 2213 ἀπογνούς
1021 2129 1078 2195 οὗν
1096 2131 1115 2193 ὁ
1132 2130 1285 2213 Κροῦμος
1296 2135 1330 2189 19

162 2230 292 2295 καὶτὸν
313 2232 384 2315 περὶ
407 2239 514 2315 ψυχῆς
536 2233 599 2316 ἤδη
622 2233 824 2315 λογιζόμενος
845 2233 939 2314 θέειν,
971 2233 1027 2304 τάς
1053 2234 1165 2296 ἑαυτοῦ
1190 2232 1284 2295 άυνά-

162 2357 231 2417 μεις
246 2334 435 2418 συναγαγὼν
449 2334 503 2400 καὶ
517 2335 621 2419 λόγοις
637 2336 883 2420 παρακλητικοῖς
896 2336 1142 2420 παρακροτήσας
1160 2335 1285 2411 αύτούς,
1319 2372 1329 2387 ·

163 2438 258 2502 ἔπεισι
284 2435 398 2510 νυκτὸς
424 2439 466 2502 ἔτι
494 2440 592 2523 οὔσης
620 2439 700 2502 κατὰ
728 2446 784 2523 τῆς
809 2443 874 2502 τῶν
892 2439 1061 2522 Ῥωμαίων
1082 2439 1287 2523 παρεμβολῆς

163 2649 181 2703 6
198 2649 352 2718 ε’κστρατελα
369 2649 438 2704 κατά
456 2651 632 2720 Βουλγάρων·
656 2652 685 2706 ἓν
701 2651 721 2721 ᾔ
739 2651 883 2721 εὐωχήσας
904 2651 950 2706 καὶ
967 2651 1093 2721 ἐπαρθεὶς
1111 2653 1221 2721 ὕστερον
1239 2651 1284 2722 rit-

160 2722 230 2792 τήθη
249 2723 296 2776 καὶ
314 2721 381 2792 (pro
400 2723 453 2792 ήττ.
472 2723 530 2777 καλε
548 2723 671 2794 ἡττηθεὶς
690 2724 726 2791 Ε)
745 2724 866 2778 ἀπώλετο
887 2722 934 2779 ΟΕ

215 2917 323 2987 iatzo
343 2919 492 2990 0111.pr
587 2921 604 2974 8
623 2920 745 2988 κρούμου
766 2919 825 2986 AR,
846 2919 881 2975 G.
902 2919 938 2974 M.
959 2937 986 2990 p.
1006 2919 1067 2986 676,
1089 2920 1130 2985 11,
1150 2918 1236 2974 Cedr.
1256 2918 1285 2973 II

215 3005 243 3058 p.
262 2990 306 3057 41,
325 2990 350 3043 9.
370 2989 489 3057 184,19,
508 2995 611 3061 κράμου
631 2992 708 3061 w*p;
727 2993 874 3060 Κροῢμμος
894 2991 1029 3061 Theoph.
1047 2991 1061 3044 I
1080 3008 1107 3060 p.
1127 2990 1188 3056 485,
1207 2991 1225 3044 4
1244 2992 1284 3058 (ν.

215 3060 345 3116 indicem
365 3061 403 3116 ‹le
422 3061 524 3116 Boorii
544 3079 565 3117 s.
586 3063 626 3130 v.)
698 3063 716 3117 9
734 3071 780 3117 τοῦ
801 3079 857 3118 om.
874 3062 923 3118 Bc
997 3062 1030 3117 10
1049 3061 1142 3131 αὐλὴν]
1162 3061 1284 3131 ἀρχὴνῡ

216 3132 248 3185 11
268 3134 417 3200 σφραγῖδας
430 3131 542 3200 Racili,
561 3136 708 3203 σφραγίάας
721 3133 824 3204 Apr
876 3134 909 3188 15
927 3134 1068 3189 παύσασθαι
1084 3133 1119 3202 D,
1141 3149 1217 3187 corr.
1230 3132 1283 3192 Dw

216 3203 250 3257 19
268 3204 354 3258 ἔπεισε
372 3203 394 3259 C
467 3206 509 3274 ἔτη
529 3205 566 3276 p*

161 3412 220 3476 tur,
239 3423 307 3463 cum
326 3409 439 3464 bellum
457 3411 606 3465 adversus
623 3410 773 3480 Bulgaros
792 3412 947 3480 suscipere
967 3411 1153 3464 decrevisset
1172 3414 1202 3464 et
1222 3410 1285 3480 qui·

162 3480 232 3533 dam
258 3495 297 3534 ex
321 3481 387 3535 eius
412 3481 524 3536 intimis
552 3483 580 3536 ei
607 3483 760 3546 suasisset,
791 3487 825 3536 ut
849 3483 1002 3536 subiectos
1026 3481 1203 3536 clementius
1226 3487 1285 3536 tra·

162 3556 266 3618 ctaret,
286 3551 386 3607 “Nam
406 3553 532 3607 omnes”
549 3555 649 3623 inquit
664 3555 797 3608 “contra
816 3569 871 3608 nos
891 3555 1098 3608 vociferantur
1118 3558 1148 3608 et
1166 3554 1190 3606 si
1211 3552 1282 3623 quid

162 3622 283 3676 adversi
314 3623 402 3676 nobis
430 3625 583 3691 acciderit,
612 3640 716 3679 omncs
744 3640 819 3679 casu
853 3630 956 3678 nostro
982 3623 1207 3690 laetabuntu1·'',
1236 3620 1311 3679 ille9

160 3693 292 3748 “Deus”
310 3695 352 3748 ait
370 3695 448 3749 “cor
466 3711 566 3749 meum
586 3695 841 3764 quemadmodum
860 3695 1028 3750 Pharaonis
1050 3695 1218 3764 induravit3
1244 3711 1284 3750 ne

163 3764 236 3834 quid
256 3765 350 3835 igitur
368 3766 439 3820 boni
453 3767 489 3820 iis
503 3783 521 3820 a
534 3783 582 3821 mc
596 3773 776 3821 eventurum
794 3781 860 3821 esse
879 3767 1059 3836 speraveris,
1080 3767 1175 3835 quiin
1190 3781 1284 3820 mauu

161 3851 230 3891 mea
253 3835 351 3890 sunt?
391 3835 552 3892 Arcessitis
577 3839 671 3908 igitur
694 3838 830 3908 undique
854 3838 1027 3908 legionibus
1051 3839 1082 3890 in
1107 3836 1283 3906 Bulgeriam
1295 3835 1329 3888 10

162 3907 326 3975 profectus,
346 3905 456 3962 Crumo
476 3910 561 3978 genti
580 3911 756 3978 inmerente,
778 3910 906 3979 primum
926 3909 1045 3977 quidem
1067 3919 1128 3962 tam
1147 3907 1283 3962 secunda

162 3979 285 4032 fortuna
304 3993 378 4032 usus
397 3984 450 4045 est,
477 3987 511 4034 ut
530 3984 561 4034 et
580 3981 682 4034 aulam
701 3979 803 4035 Crumi
824 3987 946 4050 caperet
966 3979 1018 4047 (sic
1038 3981 1116 4033 enim
1136 3980 1184 4033 sui
1204 3980 1282 4048 prin-

162 4051 236 4119 cipis
260 4049 384 4120 Bulgari
413 4052 569 4120 appellant
598 4051 826 4118 habitationem)
858 4057 887 4106 et
916 4051 995 4105 illius
1025 4051 1221 4104 conclavibus
1250 4053 1283 4104 ut

161 4123 224 4174 suis
247 4121 346 4191 sigilla
369 4121 554 4191 imprimeret
578 4128 608 4176 et
634 4122 744 4177 multos
763 4122 801 4176 de
821 4123 883 4177 suis
903 4123 941 4176 ob
961 4121 1125 4192 spoliorum
1145 4122 1281 4191 rapinam

161 4193 311 4246 multaret.
348 4190 458 4247 Crumo
477 4202 579 4248 autem
593 4195 697 4248 fractis
716 4194 823 4247 animis
843 4194 1041 4263 supplicante,
1060 4196 1093 4246 ut
1112 4193 1198 4261 genti
1217 4207 1283 4261 par·
1294 4191 1327 4244 11

162 4268 243 4317 ceret
257 4267 288 4317 et
300 4263 410 4332 quibus
424 4265 489 4334 ipse
499 4265 590 4318 vellet
603 4265 829 4319 conditionibus
843 4279 948 4334 pacem
963 4263 1057 4329 daret,
1077 4263 1125 4317 ille
1139 4277 1282 4317 successu

163 4335 260 4389 elatus
279 4349 384 4404 pacem
403 4352 463 4390 non
481 4338 638 4390 concessit.
670 4335 798 4391 Crumus
817 4337 911 4406 igitur
931 4335 1099 4406 desperatis
1119 4334 1211 4388 rebus
1225 4334 1281 4388 sibi
1293 4333 1327 4387 12

162 4406 223 4462 iam
246 4405 285 4461 de
306 4407 373 4477 ipsa
396 4408 460 4464 vita
485 4407 690 4464 dimicandum
713 4412 808 4475 ratus,
838 4408 950 4464 coactis
973 4407 1035 4462 suis
1054 4407 1149 4478 copiis
1168 4419 1282 4478 easque
