3050 4775
195 465 457 524 CONSTANTINI
477 463 601 522 onitin
621 464 661 521 IN
680 462 942 521 POLYEVCTVM
961 463 1011 519 ΕΤ
1030 463 1178 519 OBITVS.
1219 460 1272 519 489

150 649 360 733 ἀσκουμένων
382 649 488 734 εὐχαῖς
511 647 740 733 καθοπλιοθείη
764 646 844 713 κατὰ
867 653 932 714 τῶν
949 649 1144 732 Ἂγαρηνῶν,
1171 655 1218 730 τῷ
1241 642 1269 711 δ’

151 751 225 833 ὄντι,
258 752 305 823 ὡς
332 751 459 834 λέγεται,
492 753 540 815 ἵνα
573 759 620 834 τῷ
647 753 791 827 Κυζίκου
818 751 984 835 Θεούώρῳ
1010 752 1192 834 συγγένηται
1218 750 1272 814 καί

152 854 241 925 ὅπως
263 852 318 918 τὸν
341 853 545 918 Πολύευκτον
568 855 724 938 ἔξωθήσει
746 861 800 939 τῆς
829 855 996 939 ἐκκλησίας
1023 855 1177 937 σκέψηται
1203 848 1270 935 μετ’

151 956 259 1020 αὐτοῦ.
305 957 384 1022 ἔνθα
409 955 447 1040 ύῆ
474 957 621 1040 γεγονώς,
648 962 760 1029 κακῶς
783 959 867 1040 έχων
889 957 1066 1042 ὲτανῆλθεν
1087 957 1130 1028 είς
1152 955 1189 1020 τὰ
1211 957 1317 1040 nio-20

123 1057 245 1122 ὅσίλεια
268 1058 323 1123 καί
343 1055 411 1142 μετ’
434 1059 539 1142 ὀλίγον
557 1059 613 1144 τὴν
628 1060 717 1144 ζωὴν
732 1060 943 1145 ἐξεμέτρησεν,
967 1059 1015 1131 ὡς
1027 1060 1087 1142 μέν
1102 1081 1158 1124 τισι
1174 1059 1271 1139 δοκεῖ,

152 1161 189 1224 ἐκ
212 1160 405 1244 δυσκρασίας
426 1169 619 1247 σωματικῆς,
647 1163 695 1234 ὥς
716 1159 745 1228 θ’
769 1164 885 1245 ἑτέροις
907 1163 1078 1244 noeoeane,
1101 1161 1156 1226 καί
1178 1160 1272 1233 αὖθις

152 1262 216 1328 ὑπὸ
238 1268 295 1328 τοῦ
317 1265 388 1328 υίού
412 1264 655 1347 ἐπιβουλευθείς.
702 1265 741 1350 ῆν
764 1261 793 1330 θ’
817 1265 837 1330 ύ
859 1265 986 1349 σύμπας
1009 1271 1064 1349 τῆς
1085 1266 1192 1348 βιοτῆς
1214 1264 1315 1328 ovi-21

151 1370 207 1428 τοῦ
229 1365 346 1450 χρόνος
368 1365 501 1431 ἐνιαυτοί
522 1368 713 1450 πεντήκοντα
736 1369 883 1450 τέσσαρες
905 1367 959 1431 καί
979 1373 1078 1451 μῆνες
1098 1366 1168 1448 δύο,
1192 1390 1272 1449 συμ-

151 1467 392 1551 βασιλεύσαντος
413 1475 460 1552 voi
487 1469 581 1554 πατρί
603 1471 714 1534 Λέοντι
740 1470 795 1534 καί
812 1469 1011 1552 Ἀλεξάνδρῳ
1036 1475 1084 1552 τῷ
1110 1468 1192 1550 θείῳ
1219 1466 1273 1531 καλ

108 1576 189 1654 Ιοτῆ
211 1570 305 1654 μητρί
328 1573 379 1655 ἔτη
403 1572 601 1656 τρισκαίδεκα
620 1571 673 1636 καὶ
688 1580 734 1656 τῷ
748 1572 906 1655 Ῥωμανῴ
920 1571 976 1656 τῆν
990 1570 1147 1656 βασιλείαν
1170 1571 1306 1652 ἁρμό-Β

152 1695 237 1736 σοντι
260 1674 311 1757 ἔτη
335 1676 371 1748 ἓξ
394 1673 443 1738 έιτλ
466 1677 572 1758 εἴκοσι,
595 1676 856 1759 μοναρχήσαντος
880 1674 915 1739 θλ
929 1675 1101 1739 τελευταῖον
1115 1672 1273 1743 ἐνιαυτοὺς

150 1775 381 1840 πεντεκαίδεκα.
427 1775 467 1861 ἦν
496 1777 530 1844 δὲ
557 1779 667 1862 μέχρις
694 1779 904 1860 ἀποβιώσεαις
936 1777 969 1842 έν
1000 1776 1100 1861 πολλῇ
1131 1776 1319 1859 φροντίθι22

151 1875 207 1961 τῆν
233 1885 288 1942 τοῦ
316 1879 539 1963 ἀρχιποίμενος
565 1881 749 1964 καθαίρεσιν
780 1885 836 1945 τοῦ
863 1879 1069 1945 Πολυεύκτου
1100 1879 1272 1962 τιθέμενος.

152 1979 268 2062 λέγεται
291 1980 326 2046 δὲ
348 1981 412 2068 πρό
434 2006 528 2048 τινων
550 1984 681 2067 ἡμερῶν
700 1989 753 2068 τῆς
769 1984 867 2048 αὐτοῦ
882 1983 1022 2067 τελευτῆς
1036 1982 1147 2054 λίθους
1161 1979 1319 2052 νυκτὸςῖθ

106 2091 141 2146 15
152 2083 306 2166 φέρεσθαι
328 2083 406 2167 μετὰ
430 2085 538 2168 ῥοίζου
561 2085 680 2150 πολλοῦ
704 2085 784 2150 κατὰ
806 2090 872 2150 τῶν
894 2086 991 2150 αὐτοῦ
1018 2086 1186 2169 θαλάμων,
1219 2083 1275 2149 καί

152 2190 244 2250 τοῦτο
267 2187 448 2270 συμβαίνειν
471 2187 520 2251 ἐπὶ
542 2188 667 2260 πλείους
689 2189 813 2263 νύκτας,
836 2188 889 2253 καί
911 2189 1037 2272 νομίσαι
1057 2188 1117 2272 μέν
1139 2187 1194 2252 τὸν
1213 2189 1272 2270 βα-

153 2287 236 2351 σιλέα
259 2289 347 2372 παρά
370 2313 462 2354 τινων
485 2290 672 2374 ἀνθρώπων
690 2291 955 2356 λιθσλευστεῖσθαι
969 2290 1023 2355 καί
1036 2288 1172 2362 πολλοὺς
1186 2315 1272 2372 περι-

11 2400 40 2453 Ι)
55 2398 96 2455 iv
107 2400 143 2455 72
154 2396 262 2475 στῆσαι
283 2397 347 2465 τοῖς
368 2393 542 2477 βασιλείοις,
565 2394 612 2466 σίς
627 2395 824 2479 ἕττιτετῆρητο
838 2394 873 2461 τὸ
890 2394 1064 2478 γινόμενον·
1087 2390 1153 2459 ἀλλ’
1170 2393 1274 2467 οὐθείς

151 2613 170 2667 4
188 2613 292 2685 τελευτὴ
312 2622 357 2670 τοῦ
375 2616 505 2686 βασιλέως
523 2617 724 2674 Κωνσταντίνσυ
743 2616 820 2674 Aci:

208 2829 223 2884 l
242 2828 336 2899 ἀρχαῖς
354 2829 391 2899 Ι),
411 2846 487 2887 corr.
508 2831 560 2891 Dw
631 2834 835 2903 καθοπλησθτίη
854 2832 890 2903 p*
962 2831 992 2887 ti
1010 2831 1037 2885 D
1115 2831 1272 2895 ἳκυζύκου
1377 2889 1381 2897 ,

206 2902 269 2967 (sic)
287 2899 315 2955 A
387 2902 405 2957 3
422 2910 481 2963 πῶς
501 2903 524 2959 O
600 2904 732 2974 έξωθῆστι
752 2901 852 2973 ΒΟΒί,
870 2904 962 2967 ε’ξωθ’
1017 2902 1141 2974 AR(wp)
1213 2904 1272 2957 σκέ-

229 2994 282 3027 τται
301 2972 338 3039 D,
358 2988 435 3029 corr.
454 2973 506 3033 Dw
595 2975 726 3045 ὃύλίγων
745 2974 783 3047 p*
873 2976 955 3030 θκαί
984 2973 1068 3034 ὦςΙ)
1160 2974 1271 3030 ’ίθὲΒ

204 2994 286 3099 gual
305 3045 354 3099 θύα
371 3052 453 3115 μῆνες
472 3046 553 3116 Ευρ,
571 3046 613 3101 tvi
631 3048 680 3101 δύο
699 3047 764 3116 μησί
784 3046 809 3103 Ο
908 3048 942 3101 10
960 3051 1028 3117 post
1046 3054 1084 3115 τῷ
1103 3045 1172 3100 add.
1191 3046 1271 3101 λακα-

204 3124 282 3184 ττιχνῷ
302 3115 433 3259 Owffiwp
456 3118 590 3188 βασίλειαν
610 3118 645 3188 p*
727 3118 950 3187 11μοναρχῆσας
968 3116 1022 3171 Di:
1103 3117 1138 3171 it
1156 3122 1224 3188 post
1242 3117 1273 3171 δέ

208 3186 277 3241 add.
296 3188 342 3241 καί
435 3186 479 3243 Dt'
576 3189 610 3245 lt
630 3196 699 3261 post
715 3192 807 3251 λίθους
825 3189 896 3244 add.
914 3188 1027 3248 πολλοὺς
1046 3186 1132 3244 DWo
1149 3188 1200 3243 iat.

205 3258 240 3313 15
252 3259 374 3329 σφοδροῦ
386 3259 415 3313 Ι)
474 3260 554 3315 αὐτοῦ
567 3259 676 3332 AEwp,
689 3262 832 3332 βασιλείων
845 3260 926 3316 OWo
938 3260 988 3315 iat
1052 3259 1086 3312 16
1097 3258 1204 3328 νύκτας]
1218 3266 1272 3313 τῶν

206 3336 311 3385 νυκτῶν
331 3330 354 3386 Ο
457 3332 491 3388 li
509 3331 582 3401 παρὰ
601 3332 673 3401 (παρ’
693 3332 726 3401 O)
747 3332 858 3387 omisso
877 3329 999 3387 τινωνΟ
1100 3335 1168 3401 post
1184 3331 1273 3386 λιθολ.

206 3400 276 3455 add.
295 3409 374 3457 τινῶν
393 3402 417 3458 O
492 3403 526 3459 18
544 3405 583 3463 οίς
602 3404 663 3472 AB,
682 3404 736 3464 οίος
755 3403 820 3475 w*p
893 3402 921 3457 τὸ
939 3404 1074 3473 γινόμενον
1094 3417 1151 3458 om.
1171 3400 1194 3459 C

151 3621 186 3671 nt
205 3616 316 3685 ierunt,
336 3622 370 3672 ut
389 3618 582 3675 Theodorum
598 3618 781 3689 Cyzicenum
801 3620 979 3675 conveniret
996 3632 1065 3673 oum
1085 3632 1184 3687 eoque
1203 3617 1274 3673 deii·

152 3688 281 3756 tonaret,
312 3690 464 3759 quomodo
487 3689 685 3761 Polysuotum
710 3691 837 3746 occissis
861 3690 994 3761 pelleret
1030 3687 1107 3745 Indo
1129 3688 1208 3743 maie
1231 3685 1319 3744 sti-20

152 3761 250 3815 iectus
270 3760 301 3815 in
321 3762 438 3831 regiam
457 3763 536 3817 rodit
554 3778 611 3817 nso
629 3762 722 3818 multo
742 3769 810 3833 post
830 3770 875 3817 ost
894 3762 1065 3828 defunctus,
1088 3761 1155 3815 sivo
1172 3776 1211 3815 ox
1230 3761 1274 3814 in·

151 3832 298 3902 temporie
321 3834 465 3903 corporis,
493 3834 559 3889 sivo
582 3833 699 3889 insidiis
724 3833 776 3887 iiiii
801 3834 944 3904 repetitis.
981 3832 1064 3887 Vixit
1083 3847 1179 3886 annos
1198 3829 1273 3899 LIV,
1282 3828 1315 3882 21

152 3916 270 3957 menses
296 3902 387 3972 θύσεις
414 3906 558 4030 rofinovit
584 3920 653 3960 oum
676 3910 763 3976 patro
785 3903 889 3960 Leone
914 3908 945 3958 et
962 3903 1138 3959 Alexandro
1164 3908 1273 3973 patruo

64 4002 69 4017 ·
152 3978 401 4030 stmatrosnnos
414 3974 442 4029 X
473 3976 495 4044 1,
515 3992 583 4032 cum
598 3976 733 4032 Romano
747 3985 878 4046 tyranno
893 3974 999 4043 XXVI,
1018 3978 1170 4043 postremo
1189 3974 1273 4028 solus

151 4043 214 4100 XV.
251 4044 311 4101 Sed
337 4060 435 4115 usquo
462 4048 502 4103 ad
528 4048 610 4104 vitso
633 4049 722 4103 tinem
746 4048 786 4103 de
804 4048 983 4119 pontiflootn
1001 4046 1166 4115 Polysnoto
1186 4041 1318 4100 obre-22

151 4115 254 4185 gando
280 4118 372 4172 anxio
399 4120 553 4189 cogitavit.
590 4119 704 4175 Ferunt
730 4124 831 4174 antem
855 4117 971 4188 aliquot
990 4117 1099 4171 diebus
1117 4121 1188 4171 anto
1207 4112 1318 4171 oins23

151 4187 267 4242 obitum
292 4192 385 4242 noctu
410 4188 526 4259 lapideo
546 4206 614 4245 oum
633 4206 745 4261 magno
765 4190 896 4246 stridore
914 4193 1021 4244 contra
1040 4188 1106 4243 eius
1124 4186 1273 4242 thalamos

151 4273 218 4313 osso
237 4258 366 4329 delat0s3
396 4260 566 4330 quodcum
591 4262 728 4333 pluribus
752 4262 893 4317 noctibus
918 4261 1012 4327 tieret,
1040 4273 1145 4329 regom
1172 4266 1272 4312 ratum

151 4344 204 4385 σοι
216 4331 255 4384 nb
272 4330 444 4386 hominibus
464 4332 645 4403 quibusdam
665 4334 732 4400 ioci,
752 4334 861 4389 multos
880 4333 993 4388 circum
1012 4329 1130 4401 regiain
1148 4330 1214 4384 sius
1227 4330 1272 4383 roi

151 4402 364 4457 observatores
377 4403 553 4472 collocassem
574 4419 673 4474 nequo
686 4420 760 4459 vero
775 4418 958 4529 qnemgusm
972 4417 1039 4457 esso
1052 4402 1159 4468 vinum,
1178 4415 1197 4454 ιι
1210 4413 1271 4469 quo

150 4474 356 4543 mitterentur3
375 4474 457 4530 undo
476 4476 679 4531 existimatum
700 4490 847 4531 essenon
887 4476 931 4530 eri
950 4474 1023 4529 iilud
1043 4472 1226 4527 humanitus.
