3050 4775
263 458 317 520 ατ
544 458 680 522 zonis.
700 458 800 521 nnn.
818 457 917 521 xvm
936 458 962 535 o,
980 460 1060 535 ι-ι,
1079 461 1104 519 9.

236 647 368 711 5λιπεῖν.
415 644 478 710 εἶτα
500 652 556 710 τοῦ
579 647 643 711 ὕειν
665 671 697 711 τε
719 646 773 712 καί
796 652 851 711 τοῦ
874 646 973 730 νίφειν
995 646 1045 711 έπλ
1062 646 1178 731 μικρὸν
1192 646 1382 709 καυθέντων

94 754 317 832 ΡΙΙΞΊΙΔτῆς
338 748 496 833 βασιλείου
519 756 638 833 σκηνῆς
659 749 822 833 προῆλθεν
842 750 861 814 ὁ
881 748 1025 833 βασιλεὺς
1048 748 1100 813 καλ
1122 748 1186 813 ύπὸ
1210 747 1288 829 άρῦν
1311 748 1382 830 ἔστη

261 852 463 935 παμμεγέθη,
496 852 563 915 ἐκεῖ
589 875 654 915 που
685 854 839 917 ἑστῶσαν·
874 853 931 917 καί
954 876 1032 923 τινες
1058 856 1123 917 τῶν
1151 851 1184 915 έν
1212 850 1383 933 ὑπεροχαῖς

235 955 359 1019 6αύτὸν
379 953 593 1037 περιίστανται.
639 956 719 1038 βοῆς
735 951 763 1019 θ’
782 956 815 1020 έν
829 962 876 1037 τῷ
891 955 980 1039 τόπῳ
996 955 1171 1039 συμβάσης,
1194 954 1383 1036 μετέστησαν

262 1062 316 1140 τῆς
339 1056 437 1139 δρυὸς
459 1055 478 1120 ά
500 1057 645 1140 βασιλεύς
666 1081 699 1121 τε
720 1057 774 1121 καλ
797 1060 828 1121 οἱ
849 1058 919 1139 περὶ
944 1057 1049 1139 αὐτόν,
1073 1059 1093 1139 ἡ
1116 1057 1143 1121 θ’
1162 1056 1272 1119 αὐτίκα
1296 1054 1408 1137 §cdd-5

236 1159 321 1226 Ὶθεν
344 1160 556 1223 έκσπασθεῖοο
579 1162 755 1224 κατέπεσεν.
800 1161 819 1223 ὁ
843 1160 878 1224 δὲ
900 1161 1108 1243 αι’τιοκράτωρ
1131 1158 1316 1223 ἐπανελθὼν
1339 1158 1382 1228 εἰς

261 1260 317 1345 τήν
344 1262 554 1345 μεγαλόπολιν
580 1263 634 1327 καὶ
660 1262 824 1333 άποτιννὺς
851 1263 930 1346 ὑπὲρ
952 1270 1007 1346 τῆς
1030 1262 1186 1346 σωτηρίας
1208 1260 1321 1343 ταύτης
1344 1258 1380 1323 τά

261 1364 444 1448 χαριστήρια
467 1374 514 1447 τῴ
536 1366 607 1448 θεῷ
624 1366 702 1429 ναὸν
717 1365 804 1437 ἐντὸς
819 1370 883 1429 τῶν
898 1366 1064 1448 βασιλείων
1079 1366 1221 1448 ἀνήγειρε
1235 1370 1274 1447 τῇ
1288 1386 1380 1445 πρω-

235 1466 431 1549 8τομάρτυρι
447 1466 564 1550 Θέκλᾳ·
587 1468 666 1531 κατά
689 1468 746 1551 τήν
769 1470 891 1551 ἡμέραν
914 1468 984 1551 γάρ,
1008 1468 1041 1531 έν
1056 1464 1078 1552 ᾖ
1093 1468 1217 1531 τελεῖται
1233 1467 1252 1549 ή
1268 1467 1417 1549 μνήμηῐ)
1433 1476 1474 1531 lv
1489 1480 1525 1531 19

260 1568 383 1651 ταύτης,
406 1568 461 1633 τὸν
484 1570 519 1633 ἐκ
542 1576 596 1653 τῆς
619 1570 716 1651 θρυάς
738 1572 871 1653 έξέφυγε
894 1571 1049 1637 κίνδυνον.
1389 1582 1425 1636 10

187 1684 211 1738 Β
231 1679 250 1745 'I
346 1667 426 1735 Ἀλλ’
443 1672 505 1755 ήάη
527 1673 638 1756 ῥητέον
660 1672 714 1736 καί
736 1674 827 1744 ὅπως
849 1673 905 1755 τήν
927 1673 1084 1756 βασιλείαν
1107 1672 1253 1753 ἀπέθετο,
1277 1672 1306 1735 εἰ
1325 1671 1379 1735 καλ

233 1772 305 1857 2μῆ
338 1780 565 1858 συμφωνοῦσιν
593 1777 624 1837 oi
655 1776 904 1859 συγγεγραφότες
935 1776 1006 1857 περὶ
1038 1776 1145 1839 αύτοῦ.
1192 1774 1292 1857 ὁμὲν
1318 1774 1378 1857 γάρ

259 1876 358 1949 πολὺς
379 1878 436 1960 τὴν
458 1876 596 1959 γλῶτταν
625 1876 741 1948 Ψελλὸς
768 1880 801 1941 ἐν
828 1880 945 1962 θήραις
973 1879 1091 1942 ἐκεῖνον
1113 1878 1192 1961 λέγει
1214 1877 1267 1941 τὸν
1289 1878 1378 1961 βασι-

259 1979 314 2042 λέα
331 1980 521 2063 σχολάζοντα
537 1981 591 2045 καὶ
607 1980 755 2064 συχνάκις
771 1980 827 2063 τήν
843 1981 946 2054 δεξιάν
961 1980 1162 2064 λογχοφόρον
1178 1976 1225 2045 ἐπ’
1243 1982 1379 2063 ἄρκτους

259 2082 313 2146 καλ
328 2083 407 2153 σύας
421 2084 656 2147 έπανατείνοντα
671 2084 828 2167 βληθῆναι
842 2084 993 2166 πνεύματι
1014 2092 1131 2167 ψυχρῷ
1153 2083 1209 2167 τήν
1231 2084 1378 2167 πλευράν,
1389 2096 1424 2151 15

259 2186 431 2251 κάντεῦθεν
453 2188 571 2269 φρίκην
586 2187 794 2271 ἐπισυμβῆναι
810 2188 897 2269 αύτῷ
912 2188 965 2250 καὶ
980 2186 1115 2270 πυρετὸν
1130 2187 1166 2249 έκ
1181 2191 1237 2251 τοῦ
1252 2186 1378 2268 βάθους

232 2290 480 2375 3ἀναφλεγῆναι,
513 2292 556 2361 εἷς
584 2290 620 2353 άὲ
646 2289 702 2373 τήν
730 2292 879 2354 ἐπιοῦσαν
902 2290 1064 2354 νύττεσθαι
1086 2290 1142 2372 τήν
1163 2288 1302 2372 πλευράν
1324 2289 1377 2351 καλ

259 2431 274 2485 1
295 2434 368 2492 ὅπως
380 2431 424 2486 τάν
439 2432 470 2486 έκ
489 2439 535 2502 τῆς
553 2432 634 2501 άρυάς
652 2432 777 2487 κίνδυνον
795 2433 922 2502 ἐξέφυγεν
940 2432 956 2485 ά
972 2429 1093 2501 βασιλεὺς
1111 2430 1157 2485 καί
1175 2432 1204 2483 of
1219 2431 1279 2499 περί
1297 2430 1376 2485 αὐτόν

259 2503 307 2558 ΟΕ
451 2505 482 2558 11
502 2505 575 2563 ὅπως
593 2504 640 2574 τὴν
657 2504 791 2574 βασιλείαν
810 2505 922 2558 ἀπέθετο
940 2505 957 2558 ά
974 2503 1114 2573 Κομνηνός
1132 2503 1178 2556 καί
1196 2502 1313 2571 λμάνασι,
1332 2501 1376 2556 τάν

258 2578 365 2632 Λοῦκαν
385 2575 496 2640 (totum
516 2574 547 2643 Ο,
567 2591 594 2630 v.
616 2575 656 2630 ud
674 2574 758 2631 XVII
779 2575 820 2644 14,
841 2575 887 2643 94)
905 2575 1138 2644 προχειρισάμενος
1155 2573 1264 2646 βασιλέα
1283 2573 1331 2628 ΟΕ

311 2699 398 2755 Mat
416 2699 492 2770 δρῦν]
511 2701 629 2770 ύποάρᾶν
648 2699 676 2754 D
778 2701 796 2755 4
812 2701 975 2770 περιίσταντο
994 2699 1042 2756 ΒΟ
1149 2701 1165 2755 6
1183 2699 1328 2755 ἐκταθεῖσα
1346 2697 1374 2753 D

348 2769 501 2842 d’prDi
572 2773 589 2828 ’λ
606 2773 723 2841 μεγάλην
734 2773 810 2827 πόλιν
831 2773 902 2844 Ewp
974 2773 992 2828 8
1011 2781 1048 2840 τῷ
1061 2773 1118 2840 θεῷ
1130 2771 1286 2842 χαριστήρια
1300 2771 1374 2842 pr

348 2850 416 2913 post
433 2864 555 2912 πρωτομ.
573 2845 642 2898 add.
661 2845 720 2913 άγλα
740 2845 834 2915 E(wp)
892 2845 909 2898 9
927 2843 976 2914 γὰρ
990 2849 1058 2914 post
1071 2843 1138 2898 κατὰ
1151 2842 1198 2898 ΒΟ
1255 2844 1288 2898 10
1307 2847 1375 2913 post

311 2917 435 2970 κίνδυνον
454 2914 523 2969 add.
542 2915 605 2969 ναὸν
622 2914 653 2969 dd
669 2915 768 2986 πολλὴν
787 2924 983 2985 κατηγοροῦντα
1006 2922 1050 2984 τῆς
1073 2915 1174 2970 ἐκείνου
1196 2917 1375 2984 προαιρέσεως

310 2987 531 3056 μικροπρέπειαν·
551 2988 581 3040 ὃν
599 2988 615 3040 ά
632 2987 734 3040 ἐκείνου
749 2987 874 3042 καθελὼν
887 2987 1024 3057 ε’ξανέφιος
1037 2987 1053 3040 ά
1064 2986 1237 3055 αὐτοκράτωρ
1250 2987 1373 3056 ίωάννης,

311 3060 390 3112 άτοῦ
408 3059 512 3122 diction
531 3060 594 3126 υἱός,
623 3059 728 3127 σφόάρα
747 3058 953 3128 μεγαλοπρεπῶς
971 3058 1151 3128 άντύομήσατο
1171 3059 1208 3117 ελς
1227 3059 1310 3126 ὄνομα
1329 3065 1374 3112 τοῦ

311 3137 431 3255 agappa?
449 3131 527 3254 ήμχῖιγ
545 3130 623 3221 ι’ῆσοῦ
641 3139 748 3256 fficiam
767 3128 873 3255 Βῖχιμ,
893 3146 920 3184 v.
941 3131 1036 3222 propi.
1070 3199 1105 3256 c·
1124 3131 1154 3182 11
1156 3134 1243 3254 W
1254 3129 1374 3254 ιάὲτέθετο

309 3216 817 3343 βλῶέτάνυτξάά.σάακαάβλτίτατοῖρλῖτνρ,
839 3221 1089 3340 νίνέἕλέλλλλιθβ
1108 3217 1154 3271 wp
1162 3272 1195 3326 14
1213 3272 1259 3326 κατ’
1278 3205 1373 3326 011101)ἴ

311 3345 359 3471 gon
364 3345 528 3472 dsgzoivonu
546 3343 570 3397 B
643 3345 685 3398 16.
698 3344 730 3402 l‘i
748 3342 1043 3412 κάντεῦθεν-πλευράν
1062 3359 1119 3399 om.
1130 3341 1157 3397 D
1219 3343 1252 3398 16
1271 3345 1373 3414 φρίκην

229 3545 391 3599 biumsnta
415 3557 516 3597 rerum
541 3541 782 3596 necessariarum
811 3542 940 3612 penuria
967 3541 1194 3598 laboraverunt.
1232 3539 1374 3598 ceterum

256 3617 360 3685 pluvia
386 3621 416 3670 et
437 3615 509 3668 nivo
528 3614 693 3683 paullisper
710 3614 825 3681 sedato,
854 3629 909 3668 rex
929 3613 1127 3668 tabernaculo
1150 3629 1292 3684 egressus
1315 3617 1372 3670 sub

256 3702 399 3754 magnam
419 3684 573 3755 quondam
592 3699 739 3753 quercum
762 3687 793 3738 in
814 3686 952 3754 proximo
972 3687 1127 3750 concessit,
1157 3688 1373 3741 circumstanti·

228 3760 313 3815 tibus
331 3772 493 3828 procerum
511 3755 702 3825 quibusdam.
740 3754 812 3810 Orto
832 3761 935 3810 autem
954 3771 990 3810 oo
1011 3756 1076 3811 loco
1099 3759 1231 3827 fragore,
1260 3759 1373 3828 etipse

255 3846 309 3884 rex
329 3837 360 3884 ot
378 3831 424 3882 sui
444 3828 515 3882 iude
535 3828 747 3892 discesserunt,
766 3833 859 3896 utque
878 3827 970 3882 arbor
988 3830 1088 3882 statim
1102 3829 1247 3884 radicitus
1266 3830 1374 3884 evulsa

228 3902 395 3958 iconoidit.
432 3899 584 3954 Reversus
603 3900 698 3968 igitur
710 3900 875 3968 imperator
891 3901 921 3952 in
935 3913 1077 3970 magnam
1091 3900 1198 3954 urbem
1211 3899 1250 3953 sd
1268 3907 1373 3969 gratos

256 3973 294 4027 ob
314 3972 442 4026 salutem
461 3977 618 4040 acceptam
643 3971 699 4025 deo
724 3970 942 4039 persolvendos
970 3973 1051 4024 iutro
1076 3971 1220 4041 palatium
1240 3971 1372 4026 Theoiao

227 4043 485 4114 8protomortyiis
503 4041 611 4096 aedom
634 4041 777 4108 condidit,
806 4041 888 4112 quod
907 4057 943 4096 eo
963 4042 1020 4110 dio,
1049 4057 1108 4112 quo
1129 4043 1208 4098 iilius
1227 4046 1373 4098 momoria

255 4116 435 4181 celebratur,
454 4114 527 4168 iliud
547 4113 714 4183 periculum
733 4114 892 4182 effugerat.

343 4187 368 4241 7.
404 4184 492 4241 Nune
511 4185 584 4239 iliud
604 4185 764 4238 dicendum
785 4191 837 4252 ost,
860 4185 1115 4254 quemadmodum
1133 4199 1262 4256 regnum
1284 4186 1374 4256 dopo·

227 4261 357 4324 tuterit,
375 4259 430 4312 etsi
442 4258 605 4327 scriptores
619 4257 675 4310 hae
689 4256 727 4310 ds
739 4272 773 4309 re
787 4272 847 4310 non
861 4257 1063 4311 consentiunt.
1099 4257 1174 4312 Num
1189 4257 1311 4324 Pontius,
1326 4261 1373 4312 vir

254 4333 304 4384 iile
313 4330 584 4398 eloquentissimus,
601 4333 706 4381 norint
718 4327 801 4381 iilum
815 4329 1028 4383 venationibus
1042 4329 1185 4396 deditum,
1205 4343 1273 4384 eum
1287 4330 1373 4384 hosta

254 4416 347 4470 saepo
366 4406 396 4454 st
415 4415 502 4453 ursos
521 4406 552 4453 st
570 4415 661 4469 apros
680 4401 792 4466 feriret,
819 4400 930 4468 frigido
951 4406 1042 4454 vento
1066 4415 1133 4456 esse
1157 4403 1249 4455 ictum
1269 4403 1372 4470 latero,

226 4476 347 4547 datque
366 4471 437 4528 iude
459 4473 635 4544 peririxisso
658 4475 688 4527 st
712 4472 820 4526 febrim
845 4487 883 4526 ex
911 4474 970 4526 imo
1000 4472 1186 4529 efferbuisse.
1223 4471 1372 4530 Postridie
