3050 4775
257 407 312 468 sss
538 406 896 469 consarcinare
916 406 957 482 15,
978 406 1091 469 ro-rr.

214 602 249 656 10
257 594 452 665 chalcidicae
474 592 532 659 οὖν
553 592 635 677 πρὸς
657 593 711 659 τδν
732 600 788 679 τῆς
807 595 931 665 πόλεως
946 594 1118 679 στρατηγὸν
1132 594 1205 665 τοὺς
1220 596 1374 678 ἄρχοντας

224 697 429 780 Οφιλοτίμως
457 698 575 768 ἐκεῖνος
602 698 738 772 ἐδέξατο.
784 699 815 761 αἱ
838 697 866 761 δ’
891 698 1018 769 ἐκείνοις
1045 700 1268 781 ὑπηρετοῦντες
1295 698 1372 780 μετὰ

213 805 320 863 11τῶν
346 801 502 883 καμήλων
530 801 572 864 ἔτι
599 808 654 884 τῆς
681 801 806 870 πόλεως
834 801 915 885 ἦσαν
946 803 1018 874 ἔξω.
1063 802 1233 885 προσαίτης
1265 801 1301 865 δέ
1330 826 1374 872 τις

251 901 423 985 Ἀρμένιος,
456 902 550 974 εἰδὼς
581 903 635 967 καί
666 903 722 987 τὴν
745 903 894 987 Ἀράβων
923 904 1090 979 διάλεκτον,
1122 904 1285 987 προσῆλθε
1311 910 1374 975 τοῖς

212 1012 246 1065 12
256 1005 345 1075 ἐκτὸς
368 1005 582 1088 αὐλιζομένοις
593 1007 711 1088 Ἄραψι
728 1008 931 1089 μεταιτήσων.
977 1010 1112 1091 ἤκουσεν
1135 1006 1193 1071 οὖν
1215 1008 1251 1071 ἐκ
1274 1008 1400 1089 κιβω-5

255 1109 331 1172 τίων
357 1108 439 1179 τινὸς
466 1109 539 1172 ὅτιοι
570 1110 644 1173 εἰσίν
676 1111 869 1192 ἐρωτῶντος,
902 1110 956 1173 καί
987 1112 1030 1181 είς
1061 1109 1117 1193 τὴν
1147 1110 1237 1173 πόλιν
1268 1110 1373 1173 ἐλθὼν

211 1218 247 1271 13
256 1210 421 1293 ἀπήγγειλε
446 1210 482 1274 τὸ
510 1211 618 1293 δρᾶμα
645 1219 691 1294 τῷ
719 1220 891 1296 στρατηγῷ.
937 1214 955 1277 δ
978 1212 1012 1277 δὲ
1034 1213 1107 1283 τοὺς
1132 1212 1191 1295 μὲν
1219 1212 1410 1295 ἅρχονταςῐ)
1428 1225 1469 1279 IV
1488 1229 1517 1279 ll

255 1319 319 1377 τῶν
338 1315 485 1397 Ἀράβων
507 1316 749 1398 εὐωχουμένους
776 1316 809 1379 ἐν
835 1322 873 1399 τῇ
901 1315 988 1379 πόλει
1015 1315 1184 1396 κατέλιπεν,
1216 1314 1311 1384 αὐτὸς
1338 1313 1373 1377 δὲ

253 1416 331 1499 μετὰ
354 1422 418 1480 τῶν
440 1418 511 1499 περὶ
533 1416 629 1481 αὐτὸν
652 1417 792 1491 ἐξελθὼν
814 1418 868 1481 καὶ
890 1418 926 1481 τὰ
950 1419 1080 1500 κιβώτια
1108 1417 1279 1500 διαρρήξας
1300 1415 1373 1487 τοὺς

213 1520 289 1582 lter
311 1520 416 1589 αὐτοῖς
439 1520 565 1590 ὁπλίτας
587 1520 764 1583 ἀπέκτεινεν
787 1522 937 1591 ἅπαντας·
960 1520 1014 1583 καί
1037 1521 1080 1590 εἰς
1101 1518 1156 1601 τὴν
1174 1518 1264 1583 πόλιν
1279 1516 1373 1588 αὗθις
1384 1533 1420 1585 10

254 1622 472 1705 δπονοοτήσας
493 1622 566 1691 τοὺς
587 1623 647 1705 μὲν
669 1622 796 1692 λοιποὺς
818 1628 882 1687 τῶν
905 1623 1069 1706 ἀρχόντων
1091 1622 1197 1685 αὐτῶν
1214 1622 1373 1705 μαχαίρας

255 1725 346 1788 ἔθετο
369 1727 472 1807 ἔργον,
496 1724 567 1796 ἑνὸς
590 1725 624 1790 δὲ
647 1726 702 1795 τὰς
723 1732 830 1809 χεῖρας
852 1726 1021 1808 ἀποτεμὼν
1042 1724 1079 1787 τὰ
1103 1723 1169 1788 ὦτά
1192 1750 1223 1787 τε
1246 1723 1299 1789 καί
1316 1723 1372 1806 την

217 1828 325 1909 Βρῖνα
348 1828 481 1910 ἀφῆκεν,
505 1829 554 1891 ἵνα
577 1834 641 1899 τοῖς
663 1830 743 1891 οἴκοι
767 1828 822 1910 τὴν
845 1828 1016 1912 συμφορὰν
1038 1828 1267 1910 καταγγείλειεν.

210 1936 245 1991 15
341 1930 382 1993 ‘0
413 1930 448 1993 δὲ
477 1928 698 2013 Καρχηδόνιος
729 1931 784 1995 τὸν
815 1932 951 2013 ὄλεθρον
982 1937 1046 1994 τῶν
1077 1927 1130 1994 ὑπ’
1164 1931 1260 1993 αὐτοῦ
1291 1954 1371 2012 πεμ-

254 2032 403 2113 φθέντων
426 2034 469 2101 εἰς
491 2031 636 2096 Σικελίαν
657 2034 786 2115 μαθών,
809 2034 863 2097 καί
886 2033 980 2105 αὐτὸς
1002 2034 1045 2103 εἷς
1066 2034 1122 2116 τὴν
1145 2040 1240 2116 νῆσον
1263 2033 1418 2113 sarad-15

210 2142 245 2196 16
253 2157 341 2197 τευσε
366 2134 444 2217 μετὰ
474 2134 641 2218 δυνάμεως
668 2136 818 2205 πλείονος.
864 2136 958 2200 καλό
982 2135 1151 2219 Μανιάκης
1177 2136 1370 2217 ἀντιστρατο-

255 2363 289 2418 14
309 2366 347 2419 δτι
366 2365 382 2418 δ
399 2366 583 2435 Καρχηδόνιος
606 2374 713 2435 κρατῶν
733 2366 800 2423 κατὰ
819 2376 864 2438 τῆς
882 2366 1006 2427 Σικελίας
1022 2366 1134 2434 ἐπῆλθε·
1162 2366 1208 2420 καί
1230 2366 1302 2425 ὅπως
1325 2366 1370 2434 ἡτ-

253 2437 323 2506 τήθη
341 2437 413 2504 παρὰ
431 2445 477 2491 τοῦ
495 2439 624 2507 Μανιάκη
644 2440 691 2494 καί
707 2441 801 2509 ἔφυγε·
830 2440 875 2494 καί
893 2441 965 2498 ὅπως
983 2440 999 2492 ό
1017 2439 1159 2507 Μανιόκης
1179 2439 1284 2507 δέσμιος
1301 2438 1370 2490 ἐκεῖ·

252 2510 301 2562 θεν
319 2509 411 2577 ἀχθεὶς
429 2509 581 2578 καθείρχθη
601 2509 624 2566 C

308 2722 321 2775 1
341 2723 456 2791 ἄρχοντα
475 2723 502 2776 Ι)
606 2723 893 2794 1.2τοδςδρχοντας
913 2725 1030 2780 omissis
1049 2731 1117 2795 post
1136 2725 1281 2794 φιλοτίμως
1300 2723 1371 2778 add.

306 2793 401 2854 αὐτοὺς
420 2794 447 2847 Ι)
519 2794 536 2849 2
554 2795 666 2859 ἐξένισεν
684 2795 732 2851 BC
804 2799 859 2850 4.8
876 2797 1040 2867 ἆρρόβωνΕ
1059 2795 1124 2861 (sed
1143 2797 1214 2851 vab
1232 2797 1316 2866 ἅρσψι
1336 2795 1370 2863 Ε)

306 2920 323 2972 ί)
340 2887 459 2990 βζτήσων
477 2919 499 2973 Ε
584 2920 683 2989 ἤκουσε
702 2919 731 2974 δὲ
749 2920 822 2990 Bwp
904 2923 1030 2990 κιβωτίου
1049 2918 1168 2991 prDt'
1257 2921 1273 2974 6
1292 2920 1369 2988 τ’ρωτ.

306 2994 357 3062 ὅπη
378 2995 446 3054 (ὅκοι
460 2991 496 3054 Ο)
514 2992 566 3044 είσί
584 2993 656 3061 pr
730 2993 745 3046 ’ί
764 2993 854 3060 δρᾶμα
867 2991 958 3060 Aelii,
978 2993 1066 3060 δράμα
1080 2992 1162 3062 pr,
1182 3008 1210 3046 v.
1221 2991 1260 3045 ad
1272 2989 1370 3073 livill

307 3063 349 3152 ἳβ,
371 3065 404 3154 l}
471 3063 510 3151 ι12
533 3065 566 3154 1.3
585 3062 614 3153 τβι
630 3063 688 3152 cirri
707 3085 734 3116 τε
753 3065 798 3153 καί
818 3065 862 3132 τὴν
880 3064 939 3131 ῥῖνα
958 3065 1026 3156 (silva
1043 3062 1104 3130 All)
1124 3063 1370 3154 ADllwletuxar'

306 3156 352 3203 την
370 3157 429 3204 ρινσ
448 3156 497 3188 συν
514 3156 567 3194 τοις
586 3156 635 3188 ωσι
653 3136 842 3204 λωβησαμενσς
856 3135 880 3187 lt
955 3139 987 3189 ld
1006 3141 1074 3204 post
1086 3137 1155 3188 σίκοι
1169 3136 1238 3188 add.
1251 3155 1279 3187 το
1292 3155 1369 3202 σωμα

306 3207 423 3347 &Bal
440 3207 764 3348 βανιριηηεχχὲλυλχηχηωξτηχι,
784 3207 960 3276 ἀπαγχείλειεν
979 3206 1002 3261 C
1102 3207 1134 3260 15
1153 3207 1198 3260 καί
1218 3222 1274 3260 0111.
1293 3205 1368 3275 pr

209 3482 244 3536 10
253 3499 371 3554 capere.
409 3483 536 3540 Praetor
553 3485 638 3538 urbis
660 3485 812 3554 principes
833 3482 873 3537 ad
897 3499 929 3538 se
953 3484 1107 3554 ingressos
1131 3482 1296 3538 honorifice
1320 3497 1370 3538 ex-

253 3558 342 3626 cepit,
370 3571 475 3610 eorum
498 3555 641 3609 ministris
665 3570 733 3609 cum
754 3556 875 3610 camelis
894 3570 992 3625 usque
1011 3555 1050 3609 ad
1070 3554 1100 3608 id
1120 3556 1263 3623 temporis
1282 3561 1370 3609 extra

210 3625 238 3678 ll
253 3629 359 3682 urbem
383 3628 503 3681 relictis.
539 3626 600 3681 Sed
625 3642 691 3680 curn
716 3626 840 3750 guidam
859 3628 1019 3682 Armenius
1043 3627 1199 3680 mendicus
1218 3623 1370 3680 Arabicae

254 3714 376 3767 quoque
389 3698 514 3764 linguae
527 3699 642 3767 peritus
655 3714 717 3767 apu
748 3697 867 3753 Arabes
878 3700 951 3753 foris
965 3699 1161 3752 deversantes
1174 3697 1370 3764 mendicaret,

209 3769 371 3824 llaudivit
391 3768 542 3837 quendam
562 3784 600 3822 ex
621 3784 684 3822 una
703 3769 741 3824 de
760 3771 842 3824 cletis
866 3773 1101 3840 percontantem,
1130 3769 1182 3822 ubi
1202 3772 1311 3834 essent,
1339 3773 1370 3823 et

209 3841 243 3893 13
252 3841 358 3895 urbem
378 3842 535 3908 ingressus
554 3846 755 3895 commentum
775 3843 895 3910 aperuit
914 3842 1055 3911 praetori.
1092 3841 1121 3893 le
1136 3839 1272 3894 Arabum
1291 3841 1370 3909 prin·

253 3915 335 3981 cipes
363 3913 393 3964 in
423 3912 499 3966 urbs
522 3912 722 3967 convivantes
747 3913 869 3981 reliquit
894 3919 924 3966 et
950 3927 1017 3966 cum
1043 3913 1105 3966 suis
1130 3913 1195 3981 ipse
1217 3925 1369 3980 egressae,

208 3982 366 4052 14apcrtis
384 3983 473 4049 cistis,
493 3989 626 4037 armatos
646 3999 749 4038 omnes
769 3985 933 4050 interiecit3
952 3991 1015 4037 tum
1035 3983 1066 4036 in
1085 3983 1191 4037 urbem
1211 3997 1370 4052 regressus

253 4054 354 4119 duces,
374 4055 426 4122 qui
446 4055 552 4124 reliqui
573 4063 669 4121 erant,
697 4055 801 4125 gladio
822 4056 959 4122 coniecit,
989 4069 1049 4108 uno
1070 4055 1200 4121 dimisso,
1229 4054 1370 4108 manibus

252 4131 283 4178 et
308 4125 434 4178 auribus
458 4132 488 4180 et
507 4127 632 4180 naribus
656 4127 811 4194 truncatis,
844 4127 894 4196 qui
919 4127 1034 4180 cladem
1053 4126 1133 4179 illam
1153 4125 1275 4179 denium
1295 4139 1371 4179 nun·

252 4197 348 4250 tieret.

208 4266 242 4319 lir
340 4267 380 4322 At
399 4265 665 4338 Carthaginiensis,
692 4271 848 4339 copiarum
868 4271 900 4324 in
919 4269 1049 4326 Siciliam
1067 4268 1225 4323 missarum
1245 4269 1371 4323 interitu

252 4341 383 4408 cognito,
413 4346 442 4395 et
468 4342 532 4409 ipse
561 4357 629 4395 cum
655 4341 770 4396 maiore
796 4343 932 4396 exercitu
955 4344 986 4396 in
1005 4341 1134 4396 Siciliam
1162 4340 1370 4410 proficiscitur.

208 4411 242 4466 16
251 4412 412 4481 Maniaces,
427 4414 533 4467 castris
543 4419 648 4467 contra
658 4411 818 4482 Agarenoa
830 4415 941 4484 positis,
956 4414 1059 4470 classis
1073 4414 1227 4485 praelecto
1242 4413 1370 4484 patricio
1437 4423 1445 4446 ⁶
