3050 4775
406 485 540 546 FAMES.
578 483 721 546 BASILll
742 483 762 544 l.
784 480 1029 544 BENIGNITAS.
1223 483 1276 542 515

156 675 297 739 ἐκέλευσε
323 672 378 738 καὶ
406 673 533 738 δώδεκα
556 671 727 756 μεδίμνους
750 670 836 735 σίτου
859 671 1051 754 νομίσματος
1074 669 1144 740 ἑνὸς
1166 669 1276 733 rhuodi-

157 777 280 841 ὅοσάαι.
328 772 393 840 ἀλλ’
410 776 520 858 ἐκείνῳ
535 775 594 858 μὲν
617 777 636 859 ἡ
659 776 772 856 πρᾶξις
794 775 872 857 αὕτη
894 773 1050 858 βασιλική,
1073 779 1119 855 τῷ
1143 770 1172 837 δ’
1196 774 1305 837 ίστο-8
1321 782 1348 836 D

155 881 305 964 ρουμένῳ
327 885 384 943 νῦν
405 879 527 962 βασιλεῖ
544 877 598 941 καὶ
621 877 689 940 λίαν
711 876 879 960 καπηλική,
907 878 944 948 ὃς
965 882 1012 958 τῷ
1033 875 1117 960 λιμῷ
1138 875 1174 939 τὸ
1196 876 1277 959 ὑπή-

155 1007 234 1046 κοον
256 983 345 1066 ὁρῶν
367 981 552 1063 πιεζόμενον
574 981 635 1044 οὐκ
652 979 819 1062 ἐπήμυνεν,
843 977 920 1042 ἀλλὰ
935 980 1041 1061 μέντοι
1055 979 1109 1043 καί
1125 979 1277 1061 ἔνετρύφα

128 1089 221 1156 braic
243 1085 340 1149 αὐτοῦ
363 1089 544 1167 συμφοραῖς
565 1083 618 1147 καί
635 1088 699 1153 τοῖς
713 1087 770 1144 τοῦ
785 1081 878 1164 λιμοῦ
894 1082 1097 1164 τραυματίαις
1112 1081 1279 1155 ὲιτιξαίνων

156 1187 278 1272 ὑπῆρχε
300 1185 336 1249 τά
359 1187 532 1268 τραύματα.
579 1185 632 1250 καί
655 1185 674 1248 ὁ
696 1191 752 1249 τοῦ
775 1185 930 1267 βασιλέως
946 1185 981 1248 δὲ
996 1183 1134 1267 ἀδελφὸς
1149 1185 1168 1248 ὁ
1184 1184 1305 1247 Λέων9

158 1291 217 1374 οὐχ
240 1287 331 1373 ἦττον
354 1289 459 1372 doliolis
481 1289 588 1352 τόντε
612 1289 714 1372 δῆμον
736 1295 792 1372 τῆς
813 1287 937 1359 πόλεως
955 1287 1009 1351 καί
1024 1287 1097 1357 τοὺς
1112 1287 1279 1370 οἰκήτορας

157 1396 221 1456 τῶν
248 1395 376 1475 χωρῶν,
410 1390 580 1474 καπηλείας
609 1391 662 1454 καί
689 1390 785 1462 αὐτὸς
810 1392 934 1473 μετιών.
980 1391 1011 1454 σί
1031 1390 1091 1473 μὲν
1114 1388 1171 1453 οὖν
1194 1391 1278 1452 οὕτω
1291 1399 1324 1453 10

159 1495 305 1558 διέκειντο
327 1492 409 1576 πρὸς
430 1492 504 1563 τοὺς
525 1493 711 1576 πάσχοντας,
740 1495 771 1557 σί
793 1493 828 1556 δὲ
850 1491 931 1575 πρὸς
953 1491 1007 1556 τὸν
1029 1498 1203 1575 κρατοῦντα
1228 1493 1278 1557 oni

13 1607 44 1660 Ι)
62 1603 252 1661 liternum
277 1598 495 1660 ἀπέσκωπτον.
540 1595 615 1660 ποτὲ
639 1595 698 1678 γάρ
722 1595 904 1666 νεολέιιτους
926 1597 1115 1676 στρατιώτας
1138 1597 1322 1678 ὁρῶντοςΙι

158 1705 213 1762 τοῦ
240 1700 404 1783 βασιλέως,
437 1699 502 1762 ἐπεί
529 1699 585 1762 καί
608 1722 652 1768 τις
681 1699 801 1768 τούτοις
827 1698 1044 1781 συνηρίάμητο
1066 1698 1183 1780 πολιάς,
1216 1701 1277 1782 ἔφη

157 1800 239 1884 πρὸς
262 1801 380 1865 ἐκεῖνον
403 1801 422 1864 ά
445 1801 653 1882 αὐτοκράτωρ
676 1800 770 1871 ε’πῶς
791 1806 856 1870 τοῖς
877 1802 1085 1884 στρατιώταις,
1114 1802 1277 1885 ἄνθρωπε,

157 1905 261 1987 γέρων
284 1905 331 1968 ὢν
354 1903 589 1986 συγκαταλέγεις
621 1903 781 1979 σαυτόν,·”
811 1903 831 1966 ά
860 1899 889 1965 ‹l'
913 1904 1023 1967 αὐτίκα
1050 1905 1180 1987 εὐφυῶς
1207 1905 1277 1968 άντ-
1291 1915 1323 1969 12

157 2009 334 2091 εφάέγξατο
350 2007 397 2077 ώς
411 2005 514 2070 ’πολὺ
538 2005 752 2087 δυνατώτερος
775 2011 832 2069 νῦν
854 2007 916 2089 είμι
938 2010 957 2090 ἢ
982 2008 1032 2071 ὅτε
1049 2009 1203 2090 ἤκμαζον,
1228 2007 1438 2074 άέ-ΡΙΙῖΟΊΑ

114 2120 271 2174 ἰάσποτα·
295 2110 362 2173 τότε
378 2107 438 2193 γὰρ
456 2109 525 2174 οὐδ’
543 2109 681 2193 ἡμίσεως
696 2111 736 2172 ἂν
751 2109 961 2193 ἕπωμισάμην
976 2115 1059 2174 σῖτον
1076 2111 1277 2192 νομίσματος,

157 2217 213 2277 νῦν
237 2213 271 2277 ol
293 2213 374 2298 ῥᾷον
396 2212 450 2275 καί
473 2211 532 2275 doio
556 2213 758 2295 νομισμάτων
783 2218 867 2276 σῖτον
889 2213 938 2276 ἐπὶ
960 2219 1025 2276 τών
1047 2214 1151 2296 ώμων
1173 2213 1279 2296 dodo?

157 2321 273 2400 συνῆκε
294 2315 353 2400 μὲν
376 2311 433 2378 οὖν
454 2313 511 2399 τὴν
534 2315 694 2397 εἰρωνείαν
710 2313 728 2376 ὅ
743 2315 897 2399 βασιλεύς,
922 2315 1091 2400 ἀταράχως
1107 2317 1141 2380 δὲ
1163 2317 1277 2401 ταύτην
1291 2326 1322 2380 13

157 2419 294 2501 ἐνεγκὼν
315 2420 443 2501 μετέστη
467 2417 549 2501 πρὸς
571 2418 684 2499 ἕτερον.

158 2631 192 2685 10
210 2634 353 2702 σημείωσαι
373 2630 526 2700 θαυμαστὸν
545 2632 647 2699 (θαῦμα
667 2631 700 2696 Ε)
720 2630 821 2686 ἀστεῖον
840 2630 891 2687 ΑΕ

212 2828 454 2886 innodandum
515 2828 680 2899 3καπηλική
691 2827 752 2898 AR,
766 2829 890 2901 καπιλινὴ
901 2828 954 2897 w*,
969 2831 1101 2902 καπηλινὴ
1108 2828 1155 2973 μζ)
1179 2905 1188 2923 ρ
1209 2840 1276 2902 post

209 2902 238 2962 ὅς
256 2902 325 2957 add.
345 2903 416 2971 γεΟ
498 2902 523 2957 5.
543 2902 560 2955 6
578 2904 747 2970 τραυματίαις
766 2902 905 2966 ίπιξαίνων
924 2904 1060 2967 (ἒπιξαίων
1079 2920 1105 2956 w
1174 2913 1278 2973 υπῆρχε

209 2972 319 3044 Ailwp,
332 2974 365 3044 ἦν
374 2974 516 3037 ίπιξαίνων
526 2971 716 3041 άπανίλρώπως
727 2972 758 3027 τὰ
769 2976 902 3043 τραύματα
913 2975 937 3025 0
992 2978 1009 3028 6
1021 2974 1174 3029 <initorum
1186 2992 1242 3028 orn.
1254 2974 1276 3029 C

209 3046 317 3099 Sante
334 3045 436 3100 oiadd
454 3043 586 3113 aaipr
659 3044 707 3099 οὖν
727 3046 873 3116 orn.0wp
947 3047 980 3101 13
999 3046 1147 3101 σεαυτὸνΙ)
1219 3047 1276 3099 ἀνι-

209 3116 358 3187 εφάίγξατο
369 3114 494 3187 prDt’‚
504 3116 685 3185 ἀνεφθέγξατο
695 3114 722 3170 Α
785 3117 820 3170 14
828 3118 951 3186 ᾔκμαζον
960 3118 1025 3185 (sic)
1035 3116 1061 3170 Α
1126 3118 1160 3171 lb
1169 3118 1276 3186 ἡμίσεος

210 3185 276 3242 CDi
348 3189 379 3242 ἂν
397 3188 572 3257 ίπωμισάμην
589 3186 715 3258 prDt',
735 3188 768 3241 άν
786 3188 967 3257 ἐπωμοσάμην
981 3187 1015 3256 Α,
1035 3190 1235 3257 ἀνεκομιοάμην
1249 3188 1276 3241 D

212 3258 245 3312 16
262 3258 307 3313 τὸν
325 3258 400 3327 ὦμον
417 3259 440 3314 Β
543 3259 575 3313 li
595 3259 730 3325 είρωνειάν
749 3265 779 3312 ol
799 3261 921 3326 τίρωνίαν
939 3262 974 3327 Α,
993 3261 1131 3328 εἰρωνείαν
1151 3258 1275 3330 Ru'th',

209 3330 338 3398 ἧρωνείαν
358 3331 392 3397 Ι),
412 3346 488 3386 corr.
510 3330 559 3387 Dw

155 3554 323 3611 medimnos
342 3570 403 3611 uno
423 3569 518 3610 arrroo
539 3556 643 3609 verriro
662 3554 754 3609 iussit.
793 3552 893 3624 Atque
906 3554 955 3610 ille
969 3555 1099 3625 quidem,
1117 3560 1153 3609 ut
1171 3554 1303 3623 regens

156 3626 251 3696 decet,
271 3629 343 3698 egit,
362 3627 410 3681 hic
430 3642 484 3698 pro
504 3642 644 3696 caupone
662 3642 695 3680 se
714 3627 817 3695 gessit,
846 3626 897 3695 qni
918 3626 1030 3696 populo
1051 3628 1178 3696 penuria
1196 3628 1276 3680 labo·

155 3700 234 3754 ranti
262 3714 324 3753 uon
349 3698 438 3753 modo
465 3697 536 3751 nihil
562 3698 627 3769 opis
653 3698 720 3751 tulit
739 3697 793 3751 sod
812 3703 843 3752 et
866 3698 1088 3752 calamitatibus
1111 3698 1275 3764 insultavit,

155 3770 333 3825 vulneribus
352 3784 465 3837 eorum,
506 3784 562 3823 uos
581 3770 676 3823 lanios
690 3769 851 3836 sauciarat,
871 3770 1074 3824 inhumaniter
1089 3769 1275 3824 ‹lirollendis

155 3840 215 3897 Sed
234 3847 265 3897 et
282 3843 364 3912 regis
382 3842 479 3895 irater·
525 3857 561 3895 eo
581 3847 611 3895 ot
630 3842 694 3911 ipse
709 3841 910 3910 cauponando
924 3841 1016 3895 nihilo
1032 3842 1131 3896 minus
1145 3846 1175 3895 et
1187 3840 1302 3894 urba-tl

155 3928 227 3967 num
256 3913 401 3984 populum
429 3918 459 3967 ot
483 3912 686 3983 provinciales
710 3913 875 3983 premebat.
912 3912 970 3975 Qui
995 3928 1062 3966 cunr
1087 3928 1119 3967 so
1144 3912 1219 3965 ones
1243 3912 1274 3965 in
1285 3909 1320 3964 10

155 3984 281 4039 aillietos
305 3985 495 4055 praeberent,
523 3984 687 4054 imperator
712 3998 731 4037 a
750 3984 863 4053 populo
882 3983 1073 4038 irridebatur.
1111 3982 1185 4038 Nam
1207 3998 1273 4036 rum
1287 3984 1317 4035 il

155 4055 319 4126 aliquando
347 4071 402 4109 rex
432 4054 564 4109 novitios
589 4054 697 4108 rnilitee
723 4055 856 4108 lustrans
878 4070 987 4109 eanum
1017 4054 1168 4125 quondam
1197 4055 1276 4107 inter

155 4131 272 4183 eeteros
285 4126 417 4193 vidisset,
438 4126 567 4196 rogavit,
588 4141 642 4180 cur
657 4127 744 4181 homo
759 4140 853 4180 senex
868 4126 991 4181 militine
1004 4141 1114 4179 nomen
1135 4126 1274 4179 dodisset.

154 4196 231 4253 Turn
256 4198 305 4252 ille
328 4198 427 4252 statim
451 4198 610 4267 ingeniose
630 4198 787 4267 rospondit
809 4214 842 4252 se
860 4213 943 4252 nunc
961 4198 1054 4252 rnrrlto
1074 4198 1274 4251 robustiorem
1286 4197 1320 4248 1‘2

154 4284 229 4336 esse,
250 4284 339 4339 quarn
360 4270 391 4321 in
408 4269 580 4337 inversura
601 4272 664 4322 tum
684 4269 762 4322 enirn
783 4284 822 4323 ne
842 4269 955 4322 dhnidii
970 4268 1091 4337 quidam
1112 4269 1195 4322 aurei
1215 4270 1275 4320 l'ru·

154 4350 288 4395 mentum
306 4340 412 4394 tollere
432 4340 574 4410 potuisse,
602 4355 684 4394 nrrnc
711 4354 783 4394 vero
811 4340 939 4394 duorum
967 4354 1129 4394 aureorum
1156 4339 1274 4392 lucilius

154 4412 184 4466 iu
204 4412 346 4466 humeros
365 4411 564 4465 sublaturum.
602 4410 753 4465 Intellexit
773 4412 913 4465 cavillum
933 4426 987 4465 rex
1008 4410 1062 4465 sed
1082 4425 1117 4465 eo
1141 4409 1273 4466 dissinru·
1286 4410 1319 4467 13

153 4482 214 4538 loto
235 4482 274 4539 ad
294 4482 384 4539 aliurn
404 4482 530 4537 transiit.
