3050 4775
461 366 712 427 BVLGARICAE
732 368 1028 429 EXPEDITIONES.
1251 374 1304 432 ete

183 556 240 613 τοῦ
260 550 383 634 Ἴστρου
410 552 453 623 εἰς
477 552 678 637 Βουλγαρίαν
707 554 862 638 ἐμβαλεῖν.
909 554 971 619 εἶτα
1000 554 1200 628 δεδειλιακὼς
1227 558 1331 621 ἀνα-5

184 655 290 729 ζεῦξαι
317 654 482 738 διεμελέτα.
528 656 559 720 ολ
581 656 762 740 Βούλγαροι
786 658 820 721 δὲ
844 658 997 731 δείσαντες
1019 660 1201 742 πέμψαντες
1222 659 1331 742 πρδς6

183 757 280 823 αὐτὸν
306 758 447 831 σπονδάς
473 760 590 824 θέσθαι
616 759 698 843 πρὸς
724 761 851 844 εἰρήνην
874 762 1026 845 ἐζήτησαν
1048 762 1102 826 καὶ
1125 764 1303 828 ἐσπείσαντο

184 860 235 927 ἐπί
260 863 435 946 συνθήκαις
461 868 517 927 τοῦ
542 864 621 947 μήτε
648 863 856 947 Βουλγάρους
882 865 920 928 τά
944 864 1112 950 Ῥωμαίων
1143 866 1304 949 ληίζεσθαι

155 965 263 1048 δμήτε
283 964 349 1048 μήν
372 964 549 1048 Ῥωμαίους
571 967 688 1031 διιέναι
713 967 794 1030 κατά
822 967 1028 1051 Βουλγάρων.
1073 968 1127 1033 καὶ
1156 970 1205 1033 ἐπὶ
1231 969 1302 1033 τού-

182 1091 247 1139 τοις
275 1069 496 1152 ἐπανελήλυθε.
540 1068 618 1140 τινὲς
650 1069 685 1134 δὲ
715 1075 781 1134 τῶν
807 1070 1007 1155 Βουλγάρων
1040 1072 1157 1155 δώροις
1183 1073 1330 1137 enom-'1

182 1172 287 1253 ρέντες
312 1171 400 1255 παρὰ
428 1160 541 1237 τούτου
562 1178 619 1238 τοῦ
642 1173 877 1257 αὐτοκράτορος
900 1175 933 1239 ἕν
956 1175 1147 1259 ἀπορρήτοις
1169 1176 1304 1260 ἐδήλουν

183 1274 272 1357 αὐτῷ
297 1275 335 1338 τὰ
364 1283 412 1358 τῷ
439 1277 566 1360 ἄρχοντι
597 1281 692 1360 σφῶν
722 1277 951 1360 βουλευόμενα·
985 1282 1019 1343 οἳ
1035 1280 1235 1362 μεμηνύκασι
1257 1280 1330 1362 τῴθ

183 1376 414 1462 Κωνσταντίνῳ
436 1379 483 1443 ὅτι
504 1379 649 1462 βούλεται
671 1380 690 1443 δ
713 1381 864 1464 σφέτερος
886 1380 1026 1465 ἀρχηγὸς
1048 1381 1126 1447 λαδν
1141 1383 1302 1466 ἐκπέμψαι

46 1470 56 1479 ”
136 1480 173 1534 10
181 1480 264 1544 κατά
285 1505 368 1553 τινος
386 1486 452 1546 τῶν
462 1482 653 1565 Ῥωμαϊκῶν
667 1488 798 1567 χωρῶν,
821 1480 858 1548 ἵν’
883 1485 1005 1549 ἐκεῖθεν
1027 1484 1110 1549 λείαν
1132 1485 1336 1567 κομίσαιτοθ

180 1582 236 1647 καί
263 1586 300 1656 ὃς
326 1584 550 1657 κατασκόπους
577 1586 706 1668 στείλας,
738 1586 789 1649 ὅτε
812 1585 968 1669 ὥρμησαν
991 1588 1027 1651 ἐκ
1050 1586 1250 1670 Βουλγαρίας
1272 1588 1329 1651 ott

181 1686 370 1771 ληισόμενοι,
393 1690 517 1771 ἕτοιμος
540 1690 588 1753 ὢν
610 1689 766 1771 αἰφνίδιον
789 1688 1001 1772 ἐπεκδραμὼν
1023 1689 1092 1753 κατ’
1109 1690 1215 1753 αὐτῶν
1229 1688 1303 1762 τοὺς

179 1788 240 1871 μὲν
268 1789 437 1873 διέφθειρε,
468 1790 542 1863 τοὺς
570 1791 604 1855 δὲ
630 1792 685 1856 καλ
712 1794 883 1876 ἐζώγρησε,
916 1792 970 1856 καὶ
995 1793 1062 1875 μετ’
1086 1793 1303 1876 αἰχμαλωσίας

180 1892 299 1975 πολλῆς
329 1894 540 1977 λπανέστρεηνε
573 1894 627 1958 καλ
657 1895 749 1959 πάλιν
781 1894 912 1966 ἔνοπλος
944 1895 1181 1978 ἐθριάμβευσεν.
1239 1893 1301 1959 εἶτα
1312 1898 1347 1954 10

134 1993 299 2067 15πολλδς
329 1998 462 2081 τριήρεις
494 1996 739 2080 ἑτοιμασάμενος
767 1996 847 2061 κατὰ
876 1996 1077 2079 Βουλγάρων
1105 1998 1300 2081 ἒκπάπομφε,

179 2097 234 2162 καὶ
247 2098 329 2163 κατὰ
344 2098 558 2182 Μεσημβρίαν
573 2100 754 2182 γενομέναις
773 2100 880 2171 αι’παῖς
902 2099 1031 2164 κλύδων
1053 2100 1090 2163 ἐκ
1112 2100 1301 2182 πνευμάτων

177 2201 291 2284 βιαίων
314 2202 462 2285 ἐμπεσὼν
484 2201 598 2286 σχεδδν
620 2202 745 2274 άπάοας
760 2202 940 2267 κατέδυσεν.
986 2202 1085 2266 ὁτῶν
1099 2202 1300 2286 Βουλγάρων
1311 2207 1343 2263 11

177 2414 252 2468 ‘Met
271 2415 385 2475 σπονδὰς
404 2416 480 2470 ἔθετο
497 2415 563 2479 μετὰ
581 2414 659 2479 (κατά
677 2415 713 2481 Ε)
731 2416 896 2484 Βουλγάρων
916 2415 963 2471 OE
1053 2412 1079 2486 {6
1098 2417 1136 2469 δτι
1156 2415 1226 2476 τινάς
1245 2423 1298 2470 τῶν

176 2487 342 2556 Βουλγάρων
359 2488 513 2556 ᾠκειώσατο
532 2489 548 2541 δ
566 2488 762 2556 Κοπρώνυμος·
791 2490 819 2542 οἳ
834 2488 946 2556 ε’δήλσυν
965 2487 1038 2558 αὐτῷ
1057 2486 1087 2542 τὰ
1106 2493 1152 2542 τοῦ
1171 2489 1298 2557 δρχοντσς

176 2565 256 2627 σφῶν
272 2559 438 2629 βουλεύματα
455 2558 478 2614 C
573 2559 607 2614 17
625 2562 699 2619 ὅπως
715 2561 732 2612 ά
748 2566 802 2613 τῶν
819 2559 985 2627 Βουλγάρων
1003 2561 1097 2629 ἅρχων
1114 2557 1200 2628 ἠπάτα
1218 2559 1297 2629 (ήπά-

175 2650 239 2699 τησι
257 2629 291 2696 Ε)
315 2630 359 2684 τάν
381 2630 497 2701 βασιλέα,
524 2632 571 2686 καί
589 2632 657 2701 ίγνω
676 2631 737 2692 τοὺς
755 2630 943 2700 ᾠκειωμένους
965 2631 1038 2700 αὕτη)
1057 2631 1230 2700 Βουλγάρους
1250 2629 1297 2686 GE

230 2826 244 2880 1
263 2827 420 2896 merdae
438 2827 511 2896 Ewp
588 2827 697 2882 2eute
715 2829 743 2881 οί
759 2827 830 2881 add.
848 2827 894 2882 καλ
914 2827 987 2898 pr
1066 2827 1091 2882 2.
1110 2827 1128 2882 3
1145 2827 1297 2898 πίμψαντες

229 2897 402 2968 -λζήτησαν]
422 2898 536 2957 σπονδάς
553 2899 650 2954 δίσθοι
668 2899 735 2981 πρὸς
753 2899 862 2969 ελρήνην
881 2901 989 2968 διεπρεσ
1008 2899 1117 2954 εδοαντο
1136 2899 1210 2969 pr

228 2969 247 3024 3
264 2969 436 3026 ἔσπείσατοθ
507 2970 572 3024 4τὰ
585 2971 711 3040 prDt,
730 2969 822 3025 τῶνΑ
895 2970 912 3026 5
930 2971 984 3042 μήν
1007 2971 1067 3031 τοὺς
1080 2970 1108 3025 D
1180 2971 1197 3026 8
1215 2970 1246 3026 τὰ
1258 2979 1297 3040 τῷ

229 3058 286 3096 om.
308 3041 330 3097 O
453 3051 491 3111 τῷ
509 3041 580 3111 άρχ.]
599 3049 653 3096 τῶν
670 3042 778 3111 ἄρχοντι
800 3041 865 3112 w*p
991 3043 1009 3096 9
1027 3045 1065 3096 δτι
1083 3041 1145 3110 ΑΟ,
1164 3042 1202 3102 ὡς
1223 3043 1296 3112 Ewp

230 3113 265 3167 10
281 3113 430 3183 ῥωμαῖκῶν
448 3111 538 3181 ARW,
554 3115 696 3181 Ῥωμαίων
714 3111 778 3183 th'
868 3114 899 3167 11
921 3116 948 3168 σί
965 3130 1022 3168 om.
1041 3114 1065 3167 Ε
1156 3113 1190 3166 12
1208 3113 1296 3182 ληϊσά-

227 3205 302 3253 perot
322 3185 394 3254 Ewp
490 3192 562 3240 ante
579 3186 681 3254 ἕτοιμος
699 3185 770 3239 add.
789 3185 912 3246 κάκεΐνος
931 3185 1005 3255 pr
1104 3185 1137 3239 12
1156 3183 1216 3244 τοὺς
1235 3183 1295 3251 ΑΕ,

227 3255 340 3316 πολλοὺς
359 3255 433 3326 pr
506 3256 541 3312 13
559 3256 619 3316 τοὺς
632 3255 693 3322 ΑΕ,
710 3257 847 3317 πλείστους
866 3257 940 3328 pr
1014 3255 1296 3327 13.14μιτὰσιρυα·

227 3327 322 3383 λώτων
338 3329 445 3382 πολλῶν
464 3327 488 3383 O
562 3327 596 3382 14
612 3328 768 3393 ἐπανίζευξε
787 3325 812 3384 0

174 3523 351 3594 Buigariam
363 3527 545 3594 irrupturus.
582 3524 660 3580 'sum
673 3525 781 3580 timore
795 3525 902 3594 plenus
922 3525 959 3580 de
973 3525 1147 3580 reducendo
1159 3521 1322 3580 exercituo

174 3597 330 3668 cogitavit.
368 3595 428 3652 Sed
437 3597 564 3666 Bulgari
583 3597 679 3651 territi
689 3599 786 3651 missis
805 3597 912 3666 legatis
927 3612 1032 3666 pacem
1043 3597 1196 3666 petierunt
1214 3593 1322 3650 eam-6

174 3683 235 3738 que
255 3669 299 3723 hie
318 3669 544 3723 conditionibus
562 3669 771 3738 impetrarunt,
799 3673 833 3722 ut
852 3683 952 3736 neque
971 3669 1028 3737 ipsi
1048 3669 1221 3737 provincias
1239 3667 1296 3722 Ro·

173 3755 280 3794 manas
299 3745 457 3794 vastarent
479 3754 581 3809 neque
608 3756 628 3792 u
646 3739 790 3794 Romanis
818 3739 1045 3793 invaderentur.
1082 3739 1137 3793 His
1163 3739 1295 3808 peractis

174 3811 298 3865 domum
315 3811 413 3865 rediit.
451 3811 582 3875 Quidam
608 3815 710 3865 tamen
740 3810 918 3878 eBulgaris
938 3809 1062 3864 adducti
1080 3806 1322 3880 largitionibus?

174 3883 252 3936 clam
269 3883 445 3952 imperatori
465 3882 551 3937 ducis
570 3883 618 3936 sui
637 3882 762 3937 consilia
782 3882 968 3952 aperiebant,
988 3885 1081 3951 atque
1096 3877 1321 3936 Constantinoss

173 3953 348 4008 indicarunt
367 3969 456 4008 suum
476 3954 585 4008 dueem
603 3955 635 4007 in
655 3953 810 4023 quandam
823 3953 990 4006 Romanam
1001 3953 1189 4023 provinciam
1210 3953 1294 4006 ernis-

174 4040 279 4079 surum
297 4025 338 4079 ad
356 4025 503 4095 praedam
522 4025 703 4079 faciendam.
741 4023 838 4078 Missis
856 4025 950 4094 igitur
961 4023 1205 4093 exploratoribus
1223 4020 1321 4076 iam-9

175 4111 236 4164 que
253 4101 387 4166 perotus,
416 4113 484 4152 eum
503 4096 545 4151 illi
572 4095 753 4166 praedatum
773 4111 790 4150 e
809 4095 955 4165 Bulgarie
975 4097 1102 4162 exirent,
1130 4094 1295 4163 derepente

174 4169 290 4236 impetu
310 4170 391 4222 iacto
409 4168 520 4222 multoe
538 4167 698 4234 interiecit,
728 4167 873 4236 plurimos
894 4167 973 4236 oepit
991 4168 1034 4220 ite
1052 4169 1086 4219 ut
1106 4180 1174 4219 curn
1193 4164 1294 4218 multis

175 4239 304 4307 eaptivis
323 4254 466 4293 reversus
484 4241 594 4294 iterum
605 4243 740 4292 armatus
749 4239 958 4308 triumpharet.
995 4237 1101 4306 Neque
1113 4235 1207 4289 multo
1226 4240 1294 4305 post
1305 4233 1340 4287 10

175 4309 285 4363 multae
296 4311 434 4364 triremes
445 4319 551 4364 contra
561 4309 683 4365 eosdem
694 4309 859 4378 ablegavit,
879 4324 959 4378 quae
977 4323 1073 4378 prope
1085 4306 1294 4361 Mesernbriam

175 4381 241 4436 fere
265 4397 370 4437 omues
395 4387 557 4438 ventorum
581 4380 721 4452 procellis
745 4385 817 4436 sunt
845 4381 1009 4436 demersae.
1046 4377 1086 4433 At
1111 4377 1294 4448 Telerichus,
1305 4377 1337 4430 11
