3050 4775
257 380 311 441 2¹18
543 382 680 441 tonse
699 380 797 439 ΕΡΙΤ.
817 380 872 441 XV
890 382 915 453 t,
934 380 1030 451 te-s,
1049 378 1092 437 11.

258 568 354 633 αὐτὸν
384 570 414 634 τί
443 569 535 634 δοκεῖ
561 569 650 652 αὐτῷ
680 566 752 651 περὶ
783 573 838 651 τῆς
865 567 962 631 αὐτοῦ
989 566 1123 637 πίστεώς
1151 563 1205 629 καὶ
1231 560 1302 647 περί
1316 568 1377 647 ’τῆς

214 672 404 737 tiemone.
450 673 469 736 6
492 672 527 737 δὲ
550 670 820 754 ἕκμειλισσόμενσς
841 669 897 753 τήν
918 670 1038 734 ἐκείνου
1056 668 1204 751 ὠμότητα
1220 667 1376 750 ἀπεκρίθη

258 775 312 839 καί
331 775 439 845 καλῶς
453 775 604 839 πιστεύειν
619 774 714 838 αὑτὸν
729 772 784 837 καί
799 774 941 857 ἀκριβῶς
957 768 1140 855 δογματίσαι
1155 771 1211 855 τήν
1227 770 1376 835 σύνοδον·

257 878 312 941 καὶ
337 883 433 942 ταῦτα
455 877 553 942 εἰπὼν
576 878 595 941 6
617 876 796 961 τρισάθλιος
818 878 861 948 είς
882 876 918 939 τὸ
941 874 1102 959 Κυνήγιον
1124 873 1280 959 ἀπαχθεὶς
1302 874 1377 937 ἀπε-

257 980 365 1064 τμήθη
389 980 445 1063 τὴν
467 980 619 1064 κεφαλήν·
1387 982 1405 1037 ⁵

59 1078 249 1143 P1111248
348 1078 435 1148 Καθ’
459 1084 593 1167 ἑκάστην
615 1082 650 1148 θλ
672 1090 710 1167 τῇ
733 1082 813 1146 κατὰ
836 1088 900 1147 τῶν
923 1082 1099 1166 ἐκκλησιῶν
1121 1080 1261 1147 κολεῶν
1278 1102 1378 1163 μονα-

233 1187 396 1269 2οτηρίων
425 1188 523 1269 μανίᾳ
553 1188 729 1269 προσετίθει
756 1186 775 1249 6
798 1186 941 1270 βέβηλος.
987 1185 1161 1257 ἀκόλαστος
1189 1184 1224 1248 ὃὲ
1251 1186 1299 1248 ὢν
1326 1179 1416 1247 καὶῙ)
1431 1178 1478 1234 ῙῙῙ
1491 1182 1525 1235 3“

259 1294 340 1371 τρεῖς
356 1296 506 1372 γυναῖκας
526 1290 669 1373 ἠγάγετο,
692 1289 746 1354 καὶ
769 1290 805 1353 ἐκ
827 1288 886 1373 μὲν
908 1296 963 1373 τῆς
984 1291 1113 1373 πρώτης
1128 1290 1199 1372 ἔσχε
1213 1287 1311 1351 παῖδα
1325 1286 1380 1351 τὸν

260 1391 393 1473 Λέοντα,
417 1394 455 1456 δν
476 1392 608 1456 καὶτοῦ
630 1399 686 1475 τῆς
706 1392 864 1476 βασιλείας
886 1392 1043 1474 ὀνόματος
1064 1392 1267 1474 κατηξίωσεν,
1291 1391 1327 1454 ἐκ
1346 1389 1380 1455 ὑὲ

259 1499 325 1558 τῶν
340 1494 445 1558 ἄλλων
459 1493 696 1578 Χριστοφόρον,
718 1493 912 1579 Νικηφόρον
926 1518 958 1557 τε
973 1494 1026 1558 καὶ
1042 1493 1192 1577 Νικήταν.
1238 1494 1292 1557 καί
1308 1492 1381 1565 τοὺς
1392 1502 1427 1557 10

260 1596 320 1679 μὲν
335 1596 395 1660 660
413 1596 576 1680 Καίσαρος
590 1600 711 1680 ἔστεψε,
734 1596 788 1662 τὸν
805 1598 839 1663 ὑὲ
854 1596 997 1679 Νικήταν
1020 1598 1143 1679 ἐτίμησε
1165 1596 1380 1681 νώβελίσιμσν.

234 1698 315 1763 3καλ
337 1707 385 1783 τῷ
406 1701 527 1783 πρώτῳ
550 1701 612 1783 υἱῷ
627 1702 725 1765 αὐτοῦ
740 1700 795 1765 καὶ
809 1700 931 1785 βασιλεῖ
943 1700 1074 1783 ἠγάγετο
1092 1706 1224 1783 γυναῖκα
1240 1699 1381 1782 ἐξἊθη-

261 1807 328 1867 νῶν
350 1802 405 1867 καὶ
427 1803 655 1887 ἐμνηστεύσατο
676 1804 792 1887 ταύτην
814 1805 912 1886 αὐτῷ,
936 1805 1054 1885 στὲιγας
1076 1802 1173 1886 αὐτὴν
1195 1802 1382 1885 Αὕγούσταν

261 1906 315 1969 καί
336 1906 472 1976 καλέσας
491 1904 643 1989 Εἰρήνην,
667 1907 702 1982 ἐξ
725 1905 763 1990 ἧς
786 1906 898 1990 ἐτέχθη
921 1914 968 1989 τῴ
990 1906 1102 1971 Λέοντι
1123 1911 1197 1978 παῖς
1214 1905 1381 1970 Κώνσταν-

261 2013 343 2080 τῖνος
367 2008 565 2091 ὀνομασθείς.
1393 2016 1428 2073 15
1459 2092 1461 2097 Ι

235 2114 254 2169 4
351 2109 456 2183 Αὖθις
479 2111 513 2176 66
536 2112 555 2176 6
577 2111 804 2195 Κοπρώνυμος
829 2111 907 2195 μετὰ
937 2111 1065 2195 σφόύρα
1090 2111 1218 2176 πολλῶν
1245 2114 1383 2194 τριηρῶν

228 2212 316 2279 Βκα1
348 2214 530 2297 θρομώναιν
560 2213 640 2279 κατὰ
667 2214 868 2298 Βουλγάρών
899 2215 1075 2299 ἐξώρμησε,
1106 2214 1300 2298 βουλόμενος
1332 2212 1383 2278 θεὰ

263 2426 280 2481 'I
298 2428 337 2480 ὅτι
355 2436 423 2495 τρεῖς
441 2436 567 2496 γυναῖκας
585 2428 695 2497 ἠγάγετο
712 2427 758 2482 καί
777 2429 854 2488 ὅσους
873 2427 950 2496 ἔσχεν
967 2427 997 2491 ἐξ
1014 2427 1103 2482 αὐτῶν
1122 2426 1162 2491 (ἐξ
1173 2426 1262 2481 αὐτῶν
1274 2428 1335 2496 ἔσχε
1348 2426 1382 2492 Ε)

261 2499 357 2559 παῖδας
376 2497 424 2554 GE
442 2499 488 2554 καί
506 2500 545 2553 ὅτι
564 2508 602 2568 τῷ
620 2499 721 2568 πρώτῳ
739 2501 791 2569 οἰῶ
810 2499 891 2554 αὐτοῦ
908 2507 1020 2568 γυναῖκα
1038 2499 1147 2570 ἠγάγετο
1167 2496 1189 2554 C

317 2694 333 2748 1
352 2695 424 2763 αὐτῷ
445 2697 523 2750 δοκεῖ
537 2696 610 2764 Ewp
726 2696 745 2750 3
762 2695 809 2750 καί
828 2697 912 2766 prius
931 2711 988 2750 om.
1008 2695 1081 2766 Ewp
1193 2694 1211 2748 4
1230 2696 1340 2754 δείλαιος
1358 2694 1383 2749 0

352 2766 479 2858 κονηγισν
496 2766 558 2832 AR,
581 2766 742 2836 Nicephor.
761 2766 844 2860 Cpol.
859 2783 892 2892 ρ.
911 2767 1016 2856 teis,
1043 2765 1177 2856 Theoph.
1197 2766 1211 2821 1
1230 2783 1259 2892 ρ).
1277 2766 1339 2834 442,
1357 2767 1383 2832 8,

317 2837 565 2978 Βυζηγωιλνμξίλή)
576 2839 1143 2992 0111θέΝΜ]λαίθτήλιησῗΙνλλααθελὶλίσιμθιναλέἒι
1163 2839 1384 2978 οωνωθελείαλήλλίν

317 2979 382 3046 ΑΙ),
401 2981 590 3052 νοιβιλλίσιμον
609 2981 692 3050 pr,
712 2982 905 3051 νωβελίοσιμσν
924 2981 974 3046 Dt,
999 2998 1027 3035 V.
1046 2980 1116 3036 XIV
1134 2981 1160 3047 5,
1179 2981 1222 3035 37.
1242 2980 1296 3036 XV
1314 2981 1339 3048 9,
1359 2981 1384 3035 7.

319 3053 361 3120 10,
379 3052 406 3106 4.
425 3052 509 3107 XVII
528 3053 571 3118 18,
591 3053 633 3107 15.
654 3053 695 3117 19,
716 3053 815 3108 1618.
833 3052 933 3107 XVIII
948 3053 989 3120 19,
1002 3053 1027 3108 5.
1043 3055 1076 3107 18
1150 3051 1183 3106 12
1196 3053 1276 3107 αὐτοῦ
1290 3051 1384 3106 om.B

319 3125 355 3178 14
372 3129 441 3194 post
459 3125 570 3184 καλέσας
588 3124 658 3178 add.
676 3123 758 3192 αὐτὴν
778 3122 800 3178 C
903 3125 937 3178 16
955 3125 1073 3194 τριήραιν
1091 3123 1134 3179 Di
1152 3125 1255 3178 inviti!
1274 3123 1385 3193 Apr,

319 3212 348 3249 v.
369 3195 398 3250 11
417 3212 445 3265 p.
460 3197 519 3263 133,
534 3197 576 3250 18.
596 3195 656 3260 141,
671 3196 695 3248 1.
714 3193 799 3249 XVII
818 3195 891 3264 249
911 3201 941 3250 et
960 3193 1178 3266 Goetthngium
1198 3195 1274 3266 Aug.
1288 3196 1385 3250 Lehre

318 3283 345 3321 v.
364 3267 472 3323 Acoent
490 3272 546 3322 cet.
565 3283 593 3337 p.
612 3265 665 3321 267
739 3267 931 3336 17θρομόνων
951 3265 973 3322 C

265 3463 342 3518 hese
359 3477 520 3532 procerum
531 3463 713 3533 quibusdem
731 3465 830 3518 missis
840 3468 989 3532 tyrannus
1008 3467 1293 3534 cumpercontetur,
1312 3463 1386 3534 quid

220 3531 255 3586 27
266 3534 304 3588 de
323 3534 383 3589 tide
401 3535 495 3604 ipsius
513 3534 624 3589 sentiat
643 3534 743 3604 deque
772 3535 899 3602 synodo.
935 3534 988 3590 Ille
1009 3535 1218 3590 crudelitatem
1237 3536 1303 3590 eius
1326 3535 1386 3605 ple-

266 3613 390 3660 oeturus
403 3605 566 3676 respondet
579 3621 649 3659 eum
662 3613 692 3660 et
705 3612 788 3660 recte
802 3607 926 3661 credere
940 3611 969 3661 et
983 3607 1105 3662 decretu
1119 3607 1228 3676 synodi
1241 3611 1386 3661 eocnrete

266 3693 349 3746 esse3
368 3677 478 3746 quibus
497 3677 584 3731 dIctis
604 3679 694 3732 miser
712 3679 743 3731 in
762 3677 933 3748 cynegium
953 3677 1103 3732 abductus
1123 3679 1331 3732 obtruncatur.

354 3747 379 3802 8.
416 3747 451 3802 In
466 3748 531 3802 dies
540 3754 642 3802 eutem
655 3750 751 3803 furori
762 3756 868 3804 contra
879 3750 1021 3804 ecclesias
1040 3755 1069 3804 et
1079 3751 1262 3804 monasteria
1272 3749 1386 3819 aliquid

239 3817 377 3874 2ediecit
404 3819 493 3874 homo
519 3821 674 3889 profanus.
716 3820 753 3874 Et
785 3823 857 3890 quia
882 3827 947 3875 erat
971 3822 1186 3891 intemperans,
1211 3826 1273 3876 tres
1299 3821 1387 3874 duxit

266 3905 387 3958 uxores,
407 3907 424 3946 e
445 3906 575 3960 querum
593 3893 691 3961 prima
709 3892 801 3946 filium
814 3891 948 3947 Leonem
961 3893 1101 3962 suscepit,
1121 3907 1211 3962 quem
1230 3894 1315 3964 regio
1335 3908 1386 3947 no-

266 3963 347 4018 mine
377 3963 504 4029 ornavit,
534 3978 551 4016 e
579 3965 688 4017 ceteris
717 3961 972 4033 christophorum,
1002 3963 1213 4032 Nicephorum,
1241 3963 1386 4030 Nicetem,

267 4050 396 4105 quorum
410 4034 526 4103 priores
545 4033 622 4088 duos
640 4049 754 4088 corone
768 4033 918 4089 Caesarea
937 4035 1067 4102 ornavit,
1087 4033 1211 4090 Nicetes
1229 4035 1316 4090 titulo
1335 4051 1387 4089 no·

239 4105 533 4159 3bilissimitributo.
570 4104 671 4158 Prtmo
691 4105 752 4160 filio
768 4111 797 4159 et
816 4107 882 4176 regi
892 4121 1021 4160 uxorem
1031 4105 1246 4161 Atheniensem
1260 4106 1387 4176 despon-

267 4176 310 4230 dit
329 4181 359 4230 et
377 4175 548 4245 Augustam
572 4176 745 4245 appellavit,
774 4177 869 4231 indito
889 4177 997 4232 Irenae
1015 4178 1147 4244 nominc,
1175 4193 1272 4247 eque
1291 4175 1387 4232 Leoni

266 4247 344 4300 filius
364 4245 579 4301 Constantinus
598 4252 688 4300 natus
710 4253 764 4302 est.

238 4317 256 4370 4
353 4317 425 4371 Post
451 4318 527 4372 hoec
545 4317 757 4388 Copronymus
785 4319 886 4374 denuo
911 4334 978 4374 cum
999 4320 1134 4390 plurimis
1157 4320 1329 4375 triremibus
1357 4327 1387 4375 et

267 4388 416 4459 expeditis
435 4389 567 4444 neribus
596 4400 704 4445 contre
722 4389 872 4461 Bulgaros
892 4396 937 4446 est
956 4393 1119 4462 proiectus,
1150 4407 1205 4462 per
1226 4391 1336 4448 Istrum
1354 4393 1386 4446 in
