3050 4775
257 456 310 511 686
511 452 647 511 ΖΟΝΑΒ.
666 450 765 509 spir.
784 450 883 509 XVIII
903 452 945 523 10,
963 450 1078 521 21-11,
1099 452 1122 509 1.

258 636 378 721 βουλὴν
399 638 543 720 πονηράν
564 662 597 701 τε
618 636 673 701 καί
698 638 939 720 βαθυγνώμονα
967 635 1021 699 καί
1042 636 1155 718 ταύτην
1178 635 1225 698 ἑνί
1244 658 1290 717 τῳ
1312 638 1376 698 τῶν

257 739 328 821 περὶ
359 738 458 822 αὐτὴν
490 740 646 822 έκτομιῶν
675 745 832 803 κοινοῑιται
860 739 913 801 καί
943 738 1010 801 οίον
1036 745 1222 819 προαγωγῴ
1248 744 1295 819 τῴ
1320 738 1375 801 θε-

257 842 387 925 ράποντι
405 844 562 925 κέχρηται,
586 842 769 925 ὑποθεμένη
793 842 895 905 ὁπόσα
918 844 958 905 ἂν
980 841 1034 904 καί
1057 841 1107 903 ola
1132 848 1179 922 τῷ
1200 841 1375 924 πατριάρχη

212 945 491 1028 Ώπροσομιλήσει.
537 944 556 1006 δ
580 943 615 1008 δὲ
636 950 683 1026 τῷ
705 945 845 1027 ἀρχιερεῖ
863 944 1052 1025 προσελθών
1074 943 1184 1007 “ίσθι”
1206 943 1302 1026 φησίν
1324 940 1376 1006 “ὦ

101 1046 403 1128 wnlssotlonom,
436 1047 483 1117 ὡς
506 1045 592 1130 ἐρῴη
615 1053 671 1110 τοῦ
694 1047 827 1129 ἀνεψιοῦ
850 1070 909 1111 σου
932 1048 951 1129 ἡ
975 1045 1121 1130 βασιλίς”
1146 1044 1198 1129 (ἦν
1221 1046 1281 1128 γὰρ
1305 1046 1374 1108 ἀνε-
1387 1049 1413 1103 D
1428 1050 1524 1105 lusos

256 1149 332 1231 ψιδς
356 1150 444 1232 αὐτῷ
468 1149 608 1233 Βάρδας,
636 1151 708 1219 νέος
728 1173 761 1212 τε
784 1150 837 1213 καί
861 1154 1004 1233 σφριγῶν
1027 1148 1080 1212 καί
1103 1148 1299 1231 ἀφροδισίων
1322 1150 1374 1230 ἡτ-

221 1250 409 1334 Βτώμενος)
434 1252 488 1315 καί
509 1259 706 1335 προσεπῆγεν
729 1252 776 1322 ὡς
798 1252 850 1315 “εῑ
870 1251 908 1315 σὺ
931 1251 1119 1321 ἐπινεύσειας
1140 1250 1176 1314 τδ
1198 1256 1254 1313 τοῦ
1273 1251 1375 1331 ὅρκου

255 1354 469 1438 χειρόγραφον
496 1355 670 1419 ἀποδοῦναι
697 1360 735 1437 τῇ
762 1355 923 1438 βασιλίσσῃ
952 1354 1005 1417 καὶ
1027 1360 1128 1417 πεῖσαι
1151 1354 1196 1436 μή
1219 1376 1285 1416 τινα
1308 1355 1373 1416 κίν-

256 1457 352 1521 δυνον
374 1458 411 1521 ἐκ
433 1458 544 1521 τούτου
568 1457 762 1540 ἐπηρτῆσθαι
785 1458 874 1540 αὐτῇ,
899 1458 1008 1520 αὐτίκα
1026 1457 1189 1520 συνοικίσετ
1204 1455 1263 1538 μὲν
1279 1456 1373 1538 ἑαυτῇ

255 1559 310 1623 τὸν
333 1559 390 1624 σδν
411 1560 640 1643 ἀδελφόπαιδα,
674 1561 731 1623 καί
751 1560 782 1622 ολ
803 1559 839 1622 τὸ
861 1561 978 1641 κράτος
1000 1560 1106 1641 ἕψεται
1128 1556 1164 1621 τὸ
1186 1558 1374 1641 βασίλειον.”
1384 1562 1419 1616 10

210 1663 303 1733 23ὡς
326 1663 361 1726 δὲ
382 1664 502 1733 τούτοις
524 1664 543 1727 δ
569 1664 763 1746 πατριάρχης
790 1661 1088 1745 καραβουκοληθείς
1117 1660 1191 1724 ὅλον
1219 1660 1374 1724 ἐνέδωκεν

255 1765 377 1848 ἑαυτόν,
412 1764 466 1829 καί
487 1770 552 1829 τῶν
573 1772 628 1848 τῆς
650 1764 825 1848 συγκλήτου
852 1764 970 1847 βουλῆς
993 1764 1131 1847 ἀπῄτητο
1154 1763 1271 1827 θέσθαι
1293 1763 1373 1826 ἀπό-

211 1877 376 1950 ἳίπειραν.
422 1869 441 1932 δ
465 1868 499 1932 δέ
523 1868 644 1932 τούτων
671 1868 804 1931 ἕκαστον
831 1867 1111 1949 προσκαλούμενος
1138 1866 1175 1929 τὰ
1203 1867 1373 1948 πράγματα

256 1972 356 2053 ζητεῖν
383 1971 467 2053 ἔλεγε
493 1969 620 2053 βασιλέα
648 1969 702 2033 τὸν
729 1970 851 2034 τούτων
879 1970 1138 2053 ἀντιληηιόμενον·
1172 1968 1224 2031 “cI
1248 1968 1308 2051 γὰρ
1332 1970 1374 2032 ἔτι

256 2073 378 2155 γυναικί
406 2074 489 2156 μόνη
522 2072 576 2137 καί
606 2073 783 2155 παιδαρίοις
814 2079 909 2136 ταῦτα
943 2072 1183 2155 διοικηθήσεται,
1218 2072 1372 2155 οἰχήσεται
1384 2073 1417 2127 15

222 2175 382 2247 Οπάντως
414 2176 474 2240 οὐκ
506 2181 549 2247 είς
579 2173 708 2259 μακρὰν
739 2182 778 2259 τῇ
805 2180 870 2239 τῶν
892 2174 1060 2259 Ῥωμαίων
1089 2176 1239 2258 ἡγεμονίᾳ
1268 2176 1306 2237 οὐ
1334 2174 1371 2237 τὰ

310 2353 324 2407 1
343 2353 479 2424 πολυηράν
498 2351 526 2407 D
612 2353 636 2408 l.
654 2353 672 2408 2
689 2352 731 2408 ἑνί
746 2373 783 2407 τοι
802 2351 851 2420 (τω
871 2354 903 2407 in
920 2351 944 2406 B
964 2352 1096 2420 elusum)
1115 2351 1224 2422 έκτομία
1243 2358 1295 2407 τῶν
1311 2352 1372 2422 περί

307 2425 390 2495 αὐτὴν
407 2427 563 2480 έκκαλίπτει
581 2423 631 2481 BC
702 2425 869 2494 θέκτσμιῶν
886 2422 1039 2495 DEwth'‚
1059 2423 1231 2493 έκτομίωνΑ
1303 2431 1372 2494 post

307 2505 441 2552 κοινοῦται
460 2503 632 2567 sequuntur
649 2499 681 2550 in
700 2497 766 2551 cod.
787 2497 810 2550 l]
829 2496 857 2550 τδ
875 2495 925 2566 γὰρ
944 2504 989 2565 τῆς
1008 2503 1128 2564 στρατιᾶς
1147 2499 1186 2566 (p.
1206 2496 1267 2564 689,
1277 2496 1305 2560 9)
1325 2511 1372 2550 us·

309 2583 369 2637 que
393 2568 433 2623 ad
451 2568 645 2636 κατωρθωκὼς
662 2569 745 2622 πλείω
771 2573 810 2638 (p.
829 2568 890 2635 692,
910 2567 951 2636 6);
982 2573 1044 2621 tum
1068 2567 1224 2622 adduntur
1246 2567 1292 2621 καὶ
1316 2568 1372 2621 olon

308 2639 348 2709 (p.
361 2640 422 2708 686,
436 2640 464 2708 2)
486 2655 584 2709 usque
603 2639 644 2693 ud
661 2639 708 2709 τὴν
726 2641 812 2709 δρμὴν
829 2639 1006 2694 ἀνυπόστατον
1027 2641 1066 2709 (p.
1086 2639 1147 2707 689,
1157 2640 1198 2708 9);
1228 2640 1371 2708 quocirca

308 2728 349 2783 ad
367 2737 499 2783 κοινοῦται
519 2729 607 2800 signo
626 2712 685 2797 -Ῐῖἓ
703 2729 808 2783 addito
827 2728 957 2800 margini
977 2731 1109 2800 ascripta
1128 2733 1211 2783 sunt:
1230 2729 1331 2799 ὑπέρβα
1344 2729 1372 2783 τὸ

307 2800 392 2869 πσρδν
410 2801 472 2855 δ’λον
487 2801 565 2870 μέχρι
585 2802 737 2869 ἔμπροσθεν
754 2808 801 2854 τοῦ
820 2801 908 2869 έτέρου
926 2803 1037 2869 σημείου
1155 2801 1173 2853 4
1190 2801 1371 2870 προςομιλὴση

308 2870 406 2942 Βίην)
477 2873 494 2926 δ
514 2873 584 2941 ἐρῶν
601 2872 666 2942 w*p
686 2873 789 2927 invitis
808 2871 862 2926 AR
943 2871 1065 2942 ἀνεψιοῦ]
1084 2871 1200 2942 ἇδελφδς
1218 2872 1251 2940 ἦν
1269 2879 1307 2940 τῷ
1324 2893 1371 2926 πα-

307 2945 419 3013 τριάρχη
439 2944 548 3036 λλάρδας
567 2943 687 3013 Scylits.
708 2961 736 3013 p.
754 2944 815 3034 suh,
838 2944 870 2996 19
882 3023 895 3036 .
954 2945 1013 3036 7.τί
1031 2959 1087 2998 ont.
1107 2943 1135 2996 D
1197 2949 1288 3034 ⁸potii
1305 2944 1371 2998 έπιν.

308 3015 625 3157 ίᾶλίιῆίδοέίλελλίη
647 3085 670 3141 ο
714 3015 938 3154 λ’,λαίιλοίδ
958 3037 988 3086 'n
1001 3018 1163 3141 &m
1177 3014 1372 3141 'rawssoffa

308 3161 429 3228 punctis
446 3165 508 3213 not.
528 3158 555 3212 D
639 3159 757 3228 δπῄτητο
776 3157 837 3226 AR,
856 3161 871 3211 δ
889 3158 1012 3227 ἐκτομίας
1031 3158 1123 3228 ἀπήτει
1142 3156 1198 3225 BC,
1217 3160 1233 3212 δ
1250 3159 1372 3228 ἐκτομίας

306 3230 424 3299 ὀπῄτητο
443 3229 526 3320 fflp'
594 3229 731 3298 διάπειραν
750 3229 815 3322 BC·
890 3230 932 3286 13.
953 3231 985 3285 14
1003 3231 1249 3353 ἕκαστον-τοιΙίίτων
1268 3246 1325 3356 (ἰῐὲι
1344 3229 1372 3356 ᾗ)

307 3301 606 3442 λὲδλῐρὲἷκδίεδδλεέίςς
615 3299 900 3442 ἓσκρδίλὶίλίλῐληὲ
911 3372 957 3438 22)
971 3302 1007 3428 lubi
1022 3303 1254 3443 δδιλυίίςηλλακρδν
1273 3377 1312 3438 (v.
1323 3323 1372 3427 λιτὶ

307 3442 407 3499 XVIII
426 3443 469 3512 22,
488 3444 534 3510 17)
553 3449 599 3499 est
617 3443 754 3499 Zonaras
825 3452 879 3498 τῶν
899 3459 955 3499 om.
975 3444 1048 3515 pr

254 3602 346 3672 idque
371 3617 439 3657 oum
464 3600 597 3670 quodam
619 3601 657 3655 de
677 3601 824 3656 eunuchis
843 3603 906 3656 suis
926 3603 1136 3670 communicat,
1164 3601 1214 3657 illo
1236 3602 1371 3658 ministro

253 3689 311 3729 usa
329 3690 385 3744 pro
404 3673 522 3740 lenone,
550 3676 713 3742 monetque
732 3673 987 3742 quemadmodum
1007 3689 1075 3728 cum
1097 3673 1269 3744 patriarcha
1293 3681 1372 3729 osset

209 3744 417 3815 fingendum.
455 3745 483 3798 Is
503 3760 571 3798 cum
593 3747 735 3813 pontifice
754 3761 937 3814 congressus
955 3744 1084 3800 “Scito”
1101 3747 1200 3815 iuquit
1217 3745 1371 3814 “domine

254 3818 393 3887 reginam
426 3818 544 3886 nepotis
575 3818 619 3870 tui
650 3832 754 3871 amore
786 3823 905 3886 captam
930 3817 1018 3871 esse'’
1046 3818 1190 3884 (habebat
1218 3818 1296 3872 eninr
1322 3827 1372 3872 ne·-

254 3893 355 3959 potem
372 3887 512 3954 Bardam,
533 3887 759 3942 adulescentem
779 3888 925 3943 lascivum
945 3893 974 3942 et
993 3889 1036 3942 rei
1050 3887 1206 3943 Venerese
1226 3887 1371 3953 deditum)

254 3964 285 4014 et
294 3959 378 4013 addit
388 3959 525 4025 “Quodsi
540 3964 573 4012 tu
587 3961 773 4013 concesseris
787 3959 983 4014 iurisiurandi
996 3960 1231 4030 chirographum
1245 3961 1371 4030 regmae

254 4031 382 4086 reddere
401 4036 431 4085 et
454 4030 648 4100 persuadere,
676 4045 716 4086 ne
734 4031 827 4084 ullum
847 4047 886 4085 cx
906 4047 942 4085 ea
962 4047 995 4086 re
1017 4033 1184 4101 periculum
1204 4033 1260 4101 ipsi
1280 4033 1371 4086 immi-

253 4108 333 4170 neat,
353 4104 452 4156 statim
471 4102 574 4155 fratris
594 4101 638 4155 tul
656 4102 717 4156 lilio
736 4103 833 4156 nubet
852 4108 882 4156 et
901 4107 1081 4172 patestatem
1100 4103 1215 4172 regiam
1241 4103 1372 4158 tradet.”

208 4172 371 4238 reuulsus
394 4174 543 4228 illecebris
568 4173 685 4228 irretito
709 4175 882 4244 patriarcha
904 4189 941 4228 ac
960 4174 998 4228 de
1016 4179 1098 4228 statu
1117 4176 1225 4228 mentIs
1245 4175 1371 4242 deiecto,

208 4246 244 4302 24
254 4245 409 4315 postulare
422 4246 568 4315 pergitur,
587 4250 621 4299 ut
634 4251 810 4299 senatorum
824 4259 945 4314 quoque
959 4246 1050 4299 animi
1064 4251 1226 4300 tententur.
1264 4244 1372 4316 Singu-

253 4317 289 4370 lis
307 4318 403 4387 igitur
422 4317 614 4370 senatoribus
634 4317 786 4370 arcessitis
806 4317 848 4370 ait
863 4322 1001 4386 tempora
1014 4317 1168 4386 postulare
1185 4333 1297 4387 regem,
1319 4319 1370 4386 qui

254 4387 477 4442 defendendam
488 4389 633 4458 suscipiat
643 4388 871 4457 rempublicam.
892 4388 1082 4442 “Romanum
1098 4391 1176 4442 enim
1190 4388 1372 4459 imperium”

253 4460 352 4532 lnquit
368 4460 417 4515 “si
436 4476 455 4515 a
473 4460 651 4514 muliercula
670 4464 700 4513 et
719 4460 823 4530 pueris
841 4460 912 4515 solis
931 4460 1198 4530 administrabitur,
1228 4461 1309 4515 haud
1329 4462 1370 4516 ita
