3050 4775
282 355 335 413 25ss
570 354 706 415 ZONAR.
727 354 825 413 EPIT.
845 354 899 414 XV
917 355 943 428 λ,
964 357 1059 427 12-3,
1080 356 1103 414 1.

282 540 334 627 κηὶ
358 540 411 604 τὸν
434 539 502 603 υἱὸν
526 542 559 603 ἐν
586 547 623 623 τῇ
651 541 771 624 μεγάλη
802 541 951 623 ἐκκλησίᾳ
978 541 1130 624 ε’βάπτισε,
1167 540 1401 605 Κωνσταντῖνον

238 650 273 703 13
283 642 443 724 ὀνομάσας
470 642 574 705 αὐτόν.
621 642 672 707 ὅτε
698 644 816 725 λέγεται
844 643 967 725 κόπρον
989 642 1085 705 αὐτὸν
1107 644 1247 724 ἕκκρῖναι
1269 649 1306 726 τῇ
1329 643 1401 722 θείᾳ

245 744 495 827 Βκολυμβήθρᾳ
518 746 766 827 καταδυόμενον,
789 747 960 809 κάντεῦθεν
982 746 1240 828 ἐπονομασθῆναι
1259 746 1400 827 Κοπρώ-

219 853 273 908 ’14
282 871 392 928 νυμον,
427 847 481 910 καὶ
511 846 565 910 τὸν
597 848 770 929 ἁγιώτατον
803 848 998 931 ποτριάρχην
1029 846 1048 909 Ι
1052 847 1196 929 ἐρμανόν
1229 849 1323 911 εἰπεῖν
1356 846 1401 909 ὅτι

282 950 434 1031 “σημει”ον
455 950 546 1013 τοῖαό
571 950 631 1013 ἔστι
653 957 709 1013 τοῦ
733 958 772 1033 τῇ
800 949 949 1034 ἐκκλησίᾳ
978 950 1031 1012 καί
1058 955 1123 1019 τοῖς
1154 950 1291 1031 εὐσεβεῖν
1321 950 1429 1031 ᾐρη-ῖ)

282 1052 388 1133 μένοις
409 1054 490 1133 μέγα
513 1052 548 1115 τὸ
571 1052 696 1115 παιδίον
718 1059 810 1116 τοῦτο
833 1054 1020 1135 χρηματίσαι
1042 1052 1195 1127 κακόνῖᾘ

240 1160 274 1215 15
368 1153 409 1219 ‘O
431 1155 465 1217 δὲ
486 1154 656 1237 μάγιστρος
679 1154 821 1237 Νικήτας
843 1155 862 1217 ὁ
887 1154 1044 1237 Ξυλινίτης
1066 1159 1130 1217 τῶν
1156 1154 1304 1235 ὑπερλίαν
1329 1178 1401 1234 τυγ-

282 1257 391 1338 χάνων
418 1256 554 1319 ὑπέθετο
581 1265 628 1339 τῷ
647 1256 800 1339 Ἄρτεμίῳ
823 1258 857 1321 ἕν
884 1256 1095 1340 Θεσσαλονίκη
1127 1258 1308 1339 τυγχάνοντι
1338 1263 1402 1327 τοῖς

284 1358 481 1441 Βουλγάροις
502 1360 688 1441 προσελθεῖν
707 1360 761 1423 καὶ
777 1362 922 1442 συνεργίᾳ
937 1360 1058 1422 τούτων
1073 1358 1296 1441 ἀπολήψεσθαι
1310 1359 1402 1421 πάλιν

240 1460 339 1545 16τὴν
360 1462 525 1544 βασιλείαν.
570 1462 623 1525 καὶ
646 1464 683 1533 ὃς
704 1463 843 1526 πείθεται
865 1463 919 1525 καί
940 1462 1017 1543 μετὰ
1039 1462 1186 1544 πλήθους
1206 1460 1402 1542 Βουλγάροιν
1413 1470 1446 1523 10

285 1561 359 1647 ἧκεν
382 1565 425 1634 εἰς
447 1563 481 1629 τὸ
506 1563 689 1647 Βυζάντιον,
722 1564 866 1646 οἰόμενος
897 1562 984 1645 παρὰ
1011 1569 1067 1626 τοῦ
1094 1562 1173 1626 λαοῦ
1199 1563 1401 1645 προσύεχθή-

240 1666 404 1729 liceuriae.
450 1670 515 1728 τῶν
544 1666 578 1729 δὲ
609 1674 664 1749 τῆς
695 1666 819 1737 πόλεως
850 1666 895 1748 μὴ
929 1666 1203 1748 ἐπιστρεφομένοιν
1234 1666 1340 1739 αὐτοῦ,
1373 1666 1404 1729 οί

284 1767 463 1850 Βούλγαροι
495 1774 605 1831 τοῦτον
636 1768 764 1832 πολλῶν
790 1770 964 1851 χρημάτων
989 1776 1036 1851 τῷ
1060 1770 1170 1831 Λέοντι
1196 1768 1402 1849 προύθωκαν.

92 1877 220 1934 W11184
240 1868 337 1933 18καί
366 1870 397 1932 ολ
423 1870 482 1951 μὲν
514 1871 672 1953 ἀπῆλθον·
705 1871 783 1935 ὁθὲ
811 1871 868 1935 σὺν
891 1879 938 1953 τῷ
962 1870 1101 1954 Ξυλινίτῃ
1126 1870 1273 1953 ἀνῄρητο,
1305 1870 1359 1933 κοί
1382 1872 1401 1952 ἡ

71 1964 221 2035 P11103A
241 1978 339 2035 19τοῦ
369 1970 528 2035 Ξυλινίτου
560 1979 665 2055 κτῆσις
697 1971 778 2037 οὐσα
809 1973 908 2055 πολλὴ
942 1974 1114 2055 δεθήμευτο
1145 1974 1304 2054 ξύμπασα.
1349 1972 1446 2037 acilo

283 2074 370 2137 ἄλλοι
394 2074 428 2137 δὲ
450 2080 515 2137 τῶν
536 2080 733 2159 συνωμοτῶν
755 2082 811 2138 τοῦ
831 2075 993 2158 Ἄρτεμίου
1017 2076 1223 2157 ἕκτάνθησαν,
1251 2074 1333 2156 πρὸς
1356 2075 1402 2144 οίς

283 2176 337 2239 καλ
361 2176 456 2259 ὁτῆς
483 2175 713 2261 Θεσσαλονίκης
736 2178 907 2260 ἀρχιερεύς.

239 2288 275 2343 20
372 2278 454 2343 Εἶτα
477 2279 531 2343 τὸν
553 2280 622 2343 υίόν
645 2282 742 2344 αὐτοῦ
767 2282 1005 2345 Κωνσταντῖνον
1027 2280 1046 2343 ὁ
1069 2280 1165 2343 Λέων
1192 2280 1319 2363 βασιλέα
1346 2304 1401 2343 πε-

286 2474 320 2529 18
338 2476 375 2527 ὅτι
388 2475 482 2543 Korope
494 2474 537 2528 τὸν
550 2475 736 2544 Κοπρώνυμον
749 2475 803 2543 (τὸν
816 2476 873 2530 υἱὸν
885 2475 965 2530 αὐτοῦ
978 2477 1177 2530 Κωνσταντῖνον
1191 2475 1225 2542 Ε)
1238 2477 1254 2528 ὅ
1265 2477 1344 2529 Λέων
1354 2475 1402 2530 CE

340 2654 354 2706 1
374 2653 503 2721 ἐκκλησίᾳ
523 2669 579 2706 om.
602 2651 624 2708 O
720 2653 777 2709 5.6
796 2663 828 2724 τῇ
845 2655 974 2723 ἐκκλησίᾳ
993 2654 1037 2708 καί
1057 2661 1109 2713 τοῖς
1126 2653 1243 2723 εὐσεβεῖν
1259 2654 1402 2723 ᾑρημένοις

341 2725 499 2793 (εἰρημένοις
518 2722 556 2789 Α)
573 2725 640 2792 μέγα
659 2723 686 2778 τό
705 2727 812 2780 παιδίον
830 2733 905 2780 τοῦτο
924 2725 1034 2794 AEwp,
1062 2724 1092 2779 τὰ
1110 2727 1171 2794 ἅγια
1188 2726 1292 2792 μέλλειν
1310 2725 1401 2791 μιάναι

338 2795 367 2848 τὸ
384 2797 490 2850 παιδίον
508 2803 584 2848 τοῦτο
603 2795 648 2850 καί
671 2805 723 2856 τοῖς
745 2798 862 2866 εὐσεβεῖν
880 2799 1020 2866 ᾑρημένοις
1038 2797 1104 2864 μέγα
1125 2796 1156 2863 O,
1187 2813 1214 2849 v.
1234 2795 1368 2866 Theoph.
1390 2797 1402 2849 I

338 2883 365 2936 p.
383 2867 445 2932 400,
467 2867 507 2934 12,
528 2866 614 2922 Cedr.
634 2866 648 2919 I
667 2883 694 2936 p.
715 2868 775 2935 792,
798 2869 831 2922 10
914 2870 931 2922 8
950 2868 1101 2936 τυγχάνοντι
1120 2869 1154 2937 Α,
1174 2870 1227 2920 ὄντι
1247 2868 1328 2937 Ewp,
1347 2868 1403 2921 θιά-

337 2959 407 3008 γονιι
428 2937 452 2990 O
554 2938 579 2991 9.
600 2939 634 2990 10
651 2940 807 3006 προσελθεῖν
829 2969 859 2978 -
879 2940 924 2993 καί
942 2939 980 3008 ὃς]
999 2940 1223 3008 προςπεφευγὲναι
1242 2942 1284 2993 λ’να
1303 2941 1403 2994 τούτων

337 3011 458 3078 συνεργίᾳ
477 3009 523 3079 τὴν
541 3009 673 3077 βασιλείαν
690 3011 769 3064 πάλιν
787 3011 966 3079 ἀπολήηιοιτο·
985 3011 1043 3064 dos
1061 3010 1085 3065 Ο
1151 3011 1180 3063 11
1201 3011 1402 3079 προςληηιθὴσι·

336 3083 399 3136 σθαι
420 3081 444 3134 Ο
530 3080 563 3133 12
581 3080 653 3134 αὐτῶ
673 3081 708 3147 D,
729 3097 806 3136 corr.
825 3081 876 3139 Dw
959 3083 993 3135 13
1010 3083 1163 3150 προύδοσαν
1182 3081 1209 3135 Ι)
1293 3083 1326 3136 16
1345 3103 1403 3136 συν·

337 3159 442 3221 ομοιῶν
461 3153 497 3222 p*
517 3153 620 3205 invitis
639 3151 721 3205 ARw

239 3349 274 3403 13
284 3351 336 3418 vit,
356 3347 544 3404 Constantini
555 3350 677 3403 nomine
687 3349 791 3404 indito.
829 3350 886 3414 Qui
906 3364 974 3404 cum
995 3351 1026 3403 in
1037 3355 1233 3404 sacrosancta
1251 3351 1302 3405 ilia
1321 3366 1403 3421 aqua

283 3425 480 3490 mergeretur,
512 3421 608 3475 fertur
643 3423 816 3475 excrevisse
852 3428 977 3482 stercus,
1009 3422 1091 3477 uude
1120 3421 1161 3477 Co
1185 3438 1330 3491 rouymus
1358 3427 1404 3477 est

238 3491 274 3544 14
284 3493 523 3562 cognominatus.
561 3491 620 3546 Sed
643 3497 673 3546 et
698 3493 919 3548 sanctissimum
937 3494 1139 3562 patriarcham
1158 3439 1342 3549 germanum
1362 3493 1404 3547 di·

284 3565 365 3618 xisse
384 3564 471 3617 aiunt
488 3563 577 3617 “Hac
596 3578 634 3617 ex
654 3578 687 3618 re
698 3563 798 3618 elucet
816 3578 885 3618 eum
897 3563 1058 3634 puerulum
1077 3564 1223 3619 ecclcsiae
1242 3566 1403 3635 etpictatis

283 3635 426 3690 studiosis
445 3649 556 3704 niagno
577 3636 642 3688 fore
661 3634 769 3688 malo.”

240 3705 273 3760 15
372 3706 506 3760 Artemio
538 3704 773 3760 Thessalonicae
792 3706 915 3775 degenti
933 3706 1054 3761 Nicetes
1072 3706 1221 3776 Xylinitcs
1249 3709 1402 3777 magister,

283 3779 331 3831 vir
350 3791 485 3832 summae
504 3777 701 3844 auctoritatis,
726 3779 884 3847 persuasit,
903 3783 938 3832 ut
956 3777 1105 3848 Bulgaros
1125 3777 1223 3832 adiret
1236 3793 1403 3849 eorumque

240 3849 273 3902 16
284 3863 378 3918 opera
396 3864 525 3917 regnum
547 3856 749 3918 recuperaret.
787 3849 875 3912 Quod
899 3864 967 3902 cum
996 3850 1116 3903 fecisset
1144 3854 1261 3904 etcum
1289 3865 1403 3920 magna

283 3919 486 3990 Bulgarorum
507 3918 699 3974 multitudine
718 3919 898 3989 Byzantium
927 3921 1067 3984 venisset,
1097 3925 1233 3974 rotasse
1251 3937 1269 3974 a
1288 3921 1402 3991 populo

239 3991 273 4046 17
284 3997 438 4062 receptum
458 3992 503 4058 iri,
536 4004 636 4060 neque
663 4006 737 4044 vero
767 3992 927 4115 {uisquam
956 3991 994 4046 de
1021 3992 1147 4046 urbanis
1175 4006 1244 4046 eum
1272 3999 1403 4060 curaret,

240 4062 410 4133 18Buigari
429 4077 465 4117 eo
484 4077 598 4131 magna
617 4063 748 4130 pecunia
795 4063 864 4116 eoni
905 4063 1003 4117 rodite
1024 4063 1146 4116 domum
1165 4062 1329 4118 redierunt.
1348 4061 1403 4118 Ille

284 4150 352 4188 cum
371 4133 505 4203 Xyliuite
523 4135 701 4187 interiectus
721 4139 766 4186 cst
789 4139 819 4187 et
837 4079 992 4202 Χμλλοίῐιιε
1011 4149 1084 4203 opes
1104 4149 1215 4201 omnes
1245 4149 1324 4203 quae
1343 4150 1399 4189 ura-

240 4207 364 4275 19gnas
384 4209 477 4274 erant,
498 4204 679 4274 publicatae.
716 4204 794 4259 Sunt
813 4210 842 4258 et
862 4204 911 4258 alii
931 4220 969 4259 ex
982 4203 1107 4259 Artemii
1127 4206 1293 4261 coniuratis
1312 4208 1402 4261 occisi

283 4285 313 4331 ct
332 4281 453 4346 praeter
473 4283 590 4330 ceteros
610 4274 924 4330 Thessalonicensiurn
944 4277 1198 4346 archiepiscopus.

238 4349 274 4404 20
373 4347 443 4401 Post
467 4348 541 4400 hacc
560 4345 622 4401 Leo
643 4346 872 4402 Constantinum
892 4347 984 4402 fllium
1006 4364 1110 4418 regern
1131 4357 1214 4402 creat
1233 4348 1328 4403 offic-io
1347 4350 1402 4404 sol·
