3050 4775
254 344 306 400 ros
551 339 687 400 zousa.
708 341 807 396 amr,
826 339 897 396 τιτι
916 339 959 410 aa,
979 337 1074 398 τ-νε,

253 527 427 608 Διόσκορσς
447 527 507 600 λὰξ
528 535 575 609 τῷ
597 527 716 608 στέρνῳ
739 525 870 606 ἒνέδορε
884 529 939 587 τοῦ
955 524 1104 606 εὐσεβοῦς
1119 523 1239 586 ἐκείνου
1255 521 1371 604 ἀνδρὸς

252 630 305 693 καὶ
320 629 383 704 πὺξ
402 628 497 693 αὐτὸν
519 628 600 692 κατὰ
622 629 743 711 κόρρης
764 627 890 691 τύπτων
913 628 972 691 οὐκ
995 628 1111 710 ἀνῆκεν
1133 627 1196 697 ἕως
1218 632 1273 690 τοῦ
1298 649 1369 689 συν-

226 727 359 814 8εδρίσυ
382 733 537 815 ἕξώδησε.
583 730 637 795 καλ
660 731 679 794 6
700 730 759 812 μὲν
782 731 870 810 ἅγιος
891 730 969 812 μετὰ
991 731 1094 814 τρίτην
1117 731 1240 812 ἡμέραν
1263 730 1299 793 ἐκ
1317 735 1370 812 τῆς

252 841 307 898 τοῦ
330 835 459 917 στέρνου
482 835 602 918 πληγῆς
623 833 793 916 μετήλλαξε
815 832 871 916 τὴν
894 834 990 916 ζωήν,
1013 834 1047 895 ἓν
1070 833 1129 896 δύο
1152 833 1301 902 ἐνιαυτοῖς
1317 831 1371 894 τόν

226 932 469 1020 9ἀρχιερατικδν
499 938 664 1020 κοσμήσας
695 936 816 1018 θρόνον
846 941 901 1018 τῆς
932 937 1087 1017 νεωτέρας
1110 935 1243 1017 Ῥώμης.
1290 934 1308 998 ό
1336 935 1397 998 δεῖ)

253 1039 427 1121 Διόσκορος
448 1039 521 1110 τοὺς
543 1041 611 1103 ἐκεῖ
625 1039 785 1121 παρόντας
800 1038 990 1108 ἐπισκόπους
1004 1039 1271 1121 ὑποσημήνασβαι
1286 1039 1369 1120 έβιά-

210 1140 329 1205 10σατο
355 1151 403 1225 τῷ
428 1141 504 1226 παρ’
533 1143 630 1206 αὐτοῦ
662 1142 816 1206 ἐκτιθέναι
847 1141 928 1222 ὅρῳ·
961 1143 981 1223 ἡ
1005 1139 1066 1222 γὰρ
1092 1146 1148 1204 τοῦ
1172 1141 1371 1223 δηλαιδέντος

215 1242 406 1329 Βεύνοόχου
431 1247 592 1309 δυναστεία
615 1245 805 1326 στρατιώτας
827 1242 978 1313 ἐνόπλους
1001 1243 1068 1306 ἐκεῖ
1085 1249 1228 1324 παρεῖναι
1247 1243 1372 1324 ἐποίησε

210 1347 307 1410 11καί
337 1347 409 1420 τοὺς
436 1349 647 1431 ἀντιλέγοντας
674 1347 830 1429 ἐκφοβεῖν.
876 1345 1002 1428 Δόμνσς
1030 1346 1063 1410 δὲ
1090 1347 1108 1410 6
1135 1353 1190 1429 τῆς
1212 1345 1370 1428 Ἀντιόχου

253 1451 475 1533 ὑπεσημήνατο
500 1451 559 1533 μὲν
590 1449 644 1513 καλ
675 1449 770 1519 αι’πδς
802 1449 1018 1531 συναρπαγείς,
1051 1448 1114 1512 εἶτα
1146 1448 1283 1530 κατεβόα
1314 1453 1370 1511 τσῦ
1384 1460 1418 1514 10

210 1551 430 1633 12Διοσκόρου
453 1553 583 1616 καὶτὸν
605 1553 682 1633 ὅρον
706 1551 864 1633 διέβαλλεν
886 1551 935 1623 ὡς
953 1551 1095 1633 ἀσεβείας
1109 1551 1230 1633 μεστόν.
1275 1557 1370 1613 ταῦτα
1384 1565 1410 1618 1)
1423 1564 1513 1618 11121

252 1654 372 1735 μαθὼν
394 1657 413 1718 6
435 1654 579 1737 βασιλεὺς
594 1653 764 1724 Θεοδόσιος
787 1653 840 1716 καί
862 1653 898 1716 τὰ
920 1652 999 1716 κατὰ
1014 1653 1069 1716 τὸν
1084 1652 1263 1736 Φλαβιανὸν
1278 1651 1371 1734 γνοὺς

211 1757 287 1818 13έν
313 1757 421 1827 αἰτίαις
446 1758 596 1840 πεποίητο
622 1755 676 1820 τὸν
702 1754 892 1838 Χρυσάφισν
919 1757 973 1819 καὶ
999 1757 1159 1839 ὠργίζετο.
1205 1755 1308 1826 δείσας
1336 1754 1371 1818 δὲ

254 1859 272 1921 6
296 1858 470 1940 Διόσκορος
492 1859 675 1942 ὑποτίθησιν
699 1859 788 1940 αὐτῷ
813 1865 915 1922 πεῖσαι
941 1857 995 1922 τόν
1021 1859 1148 1941 βασιλέα
1177 1858 1371 1940 πατριάρχην

256 1960 616 2032 Κωνσταντινσυπόλεως
630 1961 889 2043 προχειρίσασθαι
899 1960 1076 2025 Ἀνατόλιον
1095 1960 1149 2025 τδν
1171 1962 1268 2024 αὐτοῦ
1291 1960 1371 2023 ἀπο·
1385 1971 1416 2024 15

253 2064 434 2146 κρισιάριον,
458 2066 507 2127 ἵνα
530 2064 584 2127 καί
605 2064 660 2127 τὸν
674 2062 803 2146 Εὐτυχῆ
827 2064 950 2146 δέξηται
971 2063 1053 2145 πρὸς
1075 2064 1242 2127 κοινωνίαν
1264 2063 1317 2128 καὶ
1335 2061 1371 2124 τὰ

61 2169 193 2226 ΡΙ144Α
210 2173 242 2224 14
253 2165 333 2228 κατὰ
348 2166 402 2229 τὸν
415 2167 575 2248 μακάριον
590 2165 769 2248 Φλαβιανδν
784 2167 873 2248 μείνῃ
890 2165 1120 2249 ἀνεξερεύνητα,
1154 2167 1255 2230 πείθει
1270 2167 1372 2229 τοίνυν

253 2269 272 2332 6
295 2269 441 2350 ἐκτομίας
462 2269 516 2332 τὸν
538 2269 675 2352 βασιλέα,
702 2269 867 2351 εὐάγωγον
890 2270 974 2350 ὄντα,
998 2268 1052 2332 καὶ
1073 2274 1289 2352 χειροτονεῖται
1310 2291 1371 2331 πα-

253 2371 402 2456 τριάρχης
424 2373 442 2437 6
461 2372 646 2444 Ἃνατόλιος.

255 2584 284 2637 11
306 2586 345 2638 ὅτι
364 2593 410 2640 τοῦ
432 2587 583 2655 Φλαβιανοῦ
600 2586 728 2645 δσνόντος
746 2586 911 2655 πατριάρχης
930 2586 1129 2654 κεχειροτόνητο
1145 2585 1288 2645 Ἀνατόλισς
1307 2583 1329 2639 C

308 2782 325 2835 2
343 2784 444 2850 κόρρης
457 2781 583 2853 prDt'‚
602 2784 686 2850 κόρης
698 2778 780 2836 ΑΒΙ)
851 2783 869 2836 3
888 2788 959 2837 ante
978 2784 1065 2851 τρίτην
1084 2781 1152 2836 add.
1171 2782 1219 2851 τὴν
1239 2782 1270 2845 Ε,
1291 2782 1372 2835 1.αά

308 2854 380 2907 Xlll
399 2854 443 2922 25,
463 2853 497 2907 12
568 2854 662 2912 δνέας
682 2854 705 2908 Ε
776 2855 794 2908 6
812 2854 972 2913 ἐπισκόπους
991 2892 1194 2909 ............
1213 2852 1372 2921 ἐπισημήνα-

309 2927 373 2978 σδαι
393 2925 416 2979 Ε
506 2926 523 2978 9
541 2926 557 2978 6
573 2933 620 2993 τῆς
636 2925 760 2995 ἀντιόχου
780 2924 814 2992 Α,
833 2928 849 2979 6
867 2934 911 2994 τῆς
930 2926 1051 2993 ἀντιόχου
1069 2926 1172 2984 πόλεως
1190 2926 1319 2992 πρόεδρος
1339 2924 1371 2985 R,

309 2998 387 3065 ὁτῆς
405 2996 548 3065 όντιοχέων
565 2997 669 3056 πόλεως
685 2998 815 3064 πρόεδρος
834 2996 910 3066 pr
1002 2996 1037 3050 10
1054 2996 1118 3065 εἶτα]
1137 2996 1199 3050 noli
1219 2997 1372 3050 inculcare

310 3068 347 3134 δὲ,
376 3084 405 3121 v.
423 3067 492 3122 XIV
513 3068 554 3134 13,
573 3068 617 3122 35.
640 3068 695 3121 XV
713 3068 756 3131 25,
776 3068 793 3121 3
812 3074 841 3121 et
861 3066 1100 3122 Baeumlcinium
1125 3068 1240 3123 Unicrs.
1260 3069 1307 3122 uh.
1325 3083 1372 3137 ην.

310 3140 393 3193 Part.
412 3138 567 3209 Stutgard.
588 3138 656 3194 1861
677 3156 704 3208 p.
725 3140 807 3193 17οδ
880 3140 913 3192 16
930 3140 968 3199 είς
986 3160 1054 3194 κσιν.
1074 3138 1098 3192 Β

229 3341 377 3415 8destitit,
406 3363 496 3417 quarn
521 3347 647 3403 concilio
670 3349 844 3419 expulisset.
881 3349 927 3403 Ita
952 3364 991 3403 cx
1016 3350 1147 3419 pectoris
1172 3349 1300 3403 vulnere
1324 3348 1374 3402 ille

255 3422 379 3473 sanctus
398 3424 467 3488 post
484 3420 564 3473 diem
583 3422 704 3475 tertium
723 3421 816 3474 vitam
836 3421 941 3488 finivit,
961 3436 1029 3475 cum
1043 3420 1072 3474 II
1090 3436 1145 3490 per
1163 3436 1260 3473 armos
1279 3421 1374 3489 ponti·

228 3484 363 3544 illicatus
390 3506 491 3545 novas
512 3490 627 3547 Romae
653 3496 791 3546 ornasset
814 3492 963 3547 thronum.
1002 3491 1166 3546 Dioscorus
1189 3495 1291 3547 autem
1314 3492 1374 3562 epi-

212 3555 247 3610 10
255 3576 372 3631 scopos,
392 3563 444 3632 qui
457 3562 516 3617 illic
529 3562 666 3631 aderant,
687 3563 748 3633 legi
768 3578 786 3617 a
805 3578 838 3618 se
855 3563 946 3618 datae
964 3563 1155 3618 subscribere
1171 3564 1284 3633 coegit3
1303 3578 1374 3617 nam

255 3633 396 3697 eunuchi,
410 3648 514 3702 *quem
538 3636 848 3701 commemoravimus,
877 3640 1027 3704 potestate
1051 3635 1158 3689 milites
1181 3636 1289 3688 armati
1314 3634 1375 3688 illic

212 3699 244 3752 11
255 3704 363 3759 adesse
382 3705 456 3759 iussi
474 3710 562 3759 eraut
579 3709 610 3760 et
622 3705 821 3760 adversantes
835 3710 1012 3775 perterrere.
1049 3704 1109 3762 Sed
1122 3706 1259 3760 Domnus
1273 3704 1375 3759 Antio·

256 3775 369 3829 chenus
390 3792 458 3830 eum
478 3782 507 3830 et
525 3778 590 3847 ipsc
604 3781 762 3847 correptus
775 3778 1008 3847 subscripsisset,
1027 3782 1090 3831 tum
1103 3778 1255 3832 clamabat
1268 3783 1375 3831 contra

255 3845 435 3902 Dioscorum
461 3854 492 3902 et
516 3849 596 3902 illam
620 3848 719 3917 legem
743 3848 968 3918 perstringebat
988 3864 1054 3903 esse
1072 3850 1227 3919 impietate
1246 3848 1374 3918 plenam.

212 3914 246 3967 12
256 3917 372 3981 Quibus
396 3918 507 3973 auditis
531 3924 562 3974 et
583 3918 721 3973 Flaviani
744 3920 837 3974 rebus
860 3921 989 3990 cognitis
1008 3919 1197 3975 Theodosius
1222 3935 1307 3974 reum
1334 3920 1375 3973 la-

211 3986 245 4039 13
256 3990 356 4043 ciebat
375 3990 595 4060 chrysaphium
615 3993 704 4059 eique
722 3991 920 4045 irascebatur.
957 3990 1017 4047 Sed
1040 3990 1146 4061 plenus
1165 3992 1272 4046 timore
1292 3990 1375 4045 Dios-

256 4076 346 4115 corus
374 4061 561 4131 chrysaphio
588 4062 706 4128 subicit,
733 4066 769 4116 ut
796 4062 863 4130 regi
891 4062 1083 4131 persuadeat,
1111 4067 1145 4117 ut
1173 4062 1375 4132 patriarcham

256 4131 447 4201 Cpolitanum
467 4134 560 4187 faciat
577 4132 760 4201 Anatolium,
788 4134 1017 4203 apocrisiarium
1040 4150 1136 4202 suum,
1165 4136 1217 4203 qui
1237 4139 1266 4188 et
1286 4134 1375 4202 Euty-

257 4204 342 4259 chem
362 4204 488 4274 recipiat
507 4205 546 4258 sd
565 4206 740 4259 societatem
758 4220 859 4273 neque
879 4204 917 4259 tle
935 4206 1027 4260 rebus
1040 4205 1177 4259 Flaviani
1191 4206 1271 4261 besti
1286 4220 1375 4275 quae·

213 4272 248 4325 14
256 4276 383 4329 ctionem
397 4275 517 4329 habeat.
554 4275 722 4330 Persuadet
735 4276 893 4330 eunuchus
910 4278 985 4347 regi,
1005 4278 1056 4347 qui
1076 4276 1165 4331 facile
1183 4278 1282 4347 potuit
1299 4278 1376 4347 regi,

258 4351 288 4401 et
306 4353 427 4401 creatur
446 4347 620 4418 patriarcha
638 4345 806 4402 Anatolius.
