3050 4775
247 412 445 472 IMAGINVM
465 411 724 471 OPPVGNA'I'IO.
761 402 937 471 Mlcflattu
956 411 1185 469 DAMNATVR.
1230 410 1283 469 329

164 596 311 681 δρτταγὴν
343 597 607 682 πλημμελήσαντα
647 597 771 671 ἐξέδοτο
809 597 954 680 νομίμως
992 596 1316 679 κολασθησόμενον.Β

162 702 318 783 ἄρχοντας
341 700 376 765 δέ
397 700 452 763 καλ
474 699 711 783 στρατιωτικοὺς
733 700 788 763 καλ
806 699 982 770 πολιτικοὺς
997 699 1172 783 ἀριστίνδην
1187 722 1282 780 προε-
1293 702 1326 757 at

161 804 310 886 χειρίζετο
341 803 395 867 καὶ
421 801 476 873 τὰς
502 808 567 866 τῶν
593 801 656 866 aab
679 801 857 884 Ῥωμαίους
885 802 990 865 ἐθνῶν
1018 802 1186 885 ἡγεμονίας
1212 803 1283 865 οὔτε

162 906 335 988 χρημάτων
363 906 478 977 ὠνίους
504 905 666 987 προύτίθει
693 906 764 968 οὔτε
786 904 867 986 πρὸς
889 905 981 988 χάριν
1004 904 1111 969 ἐδίδου
1133 904 1179 987 μὴ
1202 902 1284 985 πρὸς

134 1006 264 1091 ὃάρχὰς
294 1007 469 1091 πεφυκόσιν
501 1006 651 1090 ἀνδράσιν
683 1010 702 1090 ὴ
735 1007 909 1090 χρημάτων
942 1009 1045 1090 ἥττοσι
1079 1006 1133 1070 καί
1163 1006 1284 1077 τούτοις

162 1111 349 1193 προδιδοῦσι
370 1110 406 1173 τδ
430 1110 558 1175 δίκαιον.

251 1212 382 1295 Μιχαὴλ
405 1212 440 1277 δὲ
462 1214 481 1276 6
503 1212 636 1295 τραυλός
660 1213 678 1276 6
701 1214 736 1288 ἐξ
753 1213 904 1295 Ἀμορίσυ
932 1212 981 1277 ἐπὶ
1003 1212 1085 1295 μέγα
1107 1213 1203 1295 τύχης
1226 1210 1334 1295 (ἀρ-21

162 1315 239 1389 θείς,
261 1314 343 1398 πρὸς
366 1314 401 1379 δὲ
423 1320 489 1385 ταῖς
507 1316 613 1387 ἄλλαις
628 1317 752 1387 κακίαις
768 1314 822 1379 καί
837 1316 983 1398 γλῶσσαν
998 1317 1082 1399 ἔχων
1098 1315 1283 1395 ἀκόλαστον,

163 1418 313 1502 διεβλήθη
341 1425 388 1501 τῷ
414 1418 536 1501 βασιλεῖ
560 1418 607 1489 ὡς
634 1418 719 1482 κακὰ
745 1414 814 1482 κατ’
838 1420 935 1483 αύτοῦ
958 1418 1209 1502 βυσσοδομεύων
1231 1417 1284 1480 καὶ

10 1520 403 1602 1111386τεκτοινόμενσς.
449 1520 503 1583 καὶ
525 1522 544 1603 ὴ
570 1520 700 1603 διαβολὴ
724 1520 865 1605 πρὸτῆς
895 1522 1016 1603 ἡμέρας
1043 1522 1173 1602 ἐγένετο,
1207 1521 1240 1583 ἐν
1262 1517 1353 1604 ᾖ20

160 1622 218 1705 τὴν
245 1624 278 1687 ἐν
305 1623 398 1705 σαρκί
425 1629 481 1687 τοῦ
508 1624 620 1706 κυρίου
650 1625 760 1707 γένναν
789 1624 945 1705 ἑορτάζειν
966 1624 986 1707 ὴ
1011 1622 1158 1706 ἐκκλησία
1185 1622 1283 1703 παρέ-

162 1726 264 1808 λαβεν.
309 1726 420 1789 αὐτίκα
449 1726 552 1789 τοίνυν
579 1726 598 1789 6
624 1726 683 1807 μὲν
715 1727 912 1809 συνελήφθη
946 1726 964 1789 6
988 1726 1023 1790 δὲ
1050 1724 1194 1810 βασιλεὺς
1219 1730 1310 1789 τῶν3

162 1823 231 1891 κατ’
248 1828 345 1892 αὐτοῦ
360 1829 569 1911 μηνυθέιτων
584 1828 746 1911 ἐξεταστὴς
760 1830 980 1912 προεκάθισεν.
1027 1828 1179 1911 ἐλέγχεται
1196 1826 1310 1909 παρὰ4

160 1936 226 1994 τῶν
248 1930 511 2014 κατηγορούντων
534 1932 553 1994 6
572 1932 711 2014 Μιχαὴλ,
735 1932 907 1995 συντίθεται
930 1930 984 1994 καὶ
1007 1931 1110 2013 αύτύς,
1134 1930 1282 2012 κατακρί-

117 2044 245 2098 15νεται
266 2034 415 2106 θάνατον,
447 2034 501 2097 καί
526 2034 743 2098 dalraforda
767 2033 817 2097 διὰ
840 2033 951 2115 πυρός.
998 2034 1135 2117 ἀπήγετο
1158 2032 1310 2115 nontin-b

162 2136 305 2218 σόμενος,
329 2135 383 2200 καὶ
405 2136 502 2207 τόπος
523 2143 578 2220 τῆς
599 2136 751 2218 τιμωρίας
775 2137 938 2219 ἀφώριστο
961 2138 981 2220 ὴ
1004 2142 1060 2200 τοῦ
1083 2138 1116 2199 ἐν
1138 2142 1202 2206 τοῖς
1224 2137 1282 2219 βα-

162 2238 283 2309 σιλείοις
297 2239 431 2320 λουτροῦ
448 2238 588 2321 κάμινος.
634 2241 734 2303 εἵπετο
751 2240 806 2303 καλ
821 2240 839 2303 6
854 2239 1009 2322 βασιλεύς,
1033 2242 1053 2323 ὴ
1068 2238 1113 2322 μὴ
1130 2238 1310 2302 πιστεύωνθ

163 2340 262 2425 ἑτέρῳ
292 2340 349 2424 τὴν
380 2340 460 2405 κατὰ
491 2348 547 2407 τοῦ
575 2341 707 2427 Μιχαὴλ
738 2342 929 2418 ἐπεξέλευσιν
958 2345 977 2426 ἢ
1008 2340 1205 2426 ἐφηδόμενος
1235 2346 1283 2424 τῷ

140 2561 179 2624 ,2
196 2564 269 2624 οἴους
286 2566 482 2633 προεχειρίζττο
500 2564 629 2633 ἄρχοντας
648 2563 670 2621 C
761 2565 777 2618 'l
796 2563 856 2631 περὶ
877 2571 923 2618 τοῦ
941 2564 1055 2632 τραυλοῦ
1073 2561 1185 2632 Μιχαὴλ
1206 2560 1282 2616 CDE

160 2634 207 2688 καί
225 2636 298 2694 ὅπως
315 2635 357 2689 ἐπὶ
375 2637 506 2704 τυραννίδι
529 2634 608 2696 ἁλούς
630 2637 739 2706 διέφυγε
761 2635 809 2706 τὴν
831 2636 960 2704 τιμωρίαν
982 2633 1026 2689 καὶ
1049 2634 1215 2703 ἐβασίλευσεν
1234 2630 1282 2689 ΟΕ

218 2840 233 2892 1
252 2840 360 2903 ἐξόδοτο
379 2840 402 2895 Ε
501 2843 737 2911 κολαχδησόμενον
756 2841 792 2911 p*
811 2841 914 2894 invitis
933 2838 1014 2894 ARW
1109 2839 1128 2893 4
1145 2840 1282 2908 προυτίθει

169 2935 175 2946 ’
216 2909 345 2981 prDt'‚
365 2929 393 2966 v,
413 2912 452 2966 ad
471 2912 525 2967 XV
546 2914 586 2979 1⁶2,
609 2914 639 2967 17
720 2913 758 2982 μὴ
776 2911 852 2981 ττρδς]
875 2912 1025 2966 τὸδίκαιον
1044 2909 1079 2977 D,
1099 2926 1176 2964 corr.
1195 2909 1247 2968 Dw

215 2981 233 3036 5
251 2983 378 3052 ἀνδράσιν
398 2983 488 3038 om.C
560 2986 577 3038 6
596 2989 665 3054 post
683 2986 787 3039 dinewr
806 2984 874 3037 add.
894 2985 918 3037 εἴ
935 2983 965 3038 δὲ
983 2983 1028 3036 καί
1046 2990 1094 3036 νῦν
1109 2982 1186 3036 ταῦθ’
1198 2983 1283 3041 οὕτως

216 3053 295 3122 εἶχεν,
313 3054 383 3124 εἶχεν
401 3056 433 3108 ἂν
452 3055 543 3115 καλῶς
558 3057 604 3109 κατ’
623 3055 653 3110 τὰ
671 3056 809 3124 πράγματα
828 3055 938 3124 ίαράγτα
949 3055 987 3122 D)
1008 3053 1081 3123 pr
1140 3054 1171 3106 11
1192 3053 1283 3122 γένναν

216 3133 263 3179 τοῦ
282 3135 393 3196 χριστοῦ
412 3125 439 3179 D
558 3127 592 3181 13
609 3128 791 3195 προυκάθισεν
809 3127 861 3181 DE
972 3127 1005 3180 18
1023 3125 1070 3194 τὴν
1090 3126 1219 3193 τιμωρίαν
1238 3131 1282 3179 τοῦ

215 3197 316 3267 μιχαὴλ
336 3196 408 3268 pr
482 3197 548 3252 188.
568 3199 733 3268 ἐφηδόμενος
752 3204 821 3268 post
839 3198 920 3252 αὐτοῦ
939 3197 1012 3267 pr

161 3410 306 3464 niendum
323 3412 455 3467 tradidit.
484 3413 679 3484 Magistratus
692 3418 752 3467 tam
767 3413 910 3468 militares
924 3427 1015 3482 quam
1029 3413 1132 3466 civiles
1151 3427 1187 3466 ex
1210 3411 1282 3480 opti·
1292 3407 1324 3461 21

161 3483 217 3536 mis
230 3483 287 3535 sibi
300 3483 433 3553 eligebat
442 3483 707 3554 Romanorumque
721 3485 946 3553 provinciarum
960 3485 1169 3552 praefecturas
1183 3497 1283 3552 nequa

162 3554 293 3622 pecunia
313 3570 424 3609 renum
444 3557 619 3625 exponebat
637 3571 736 3625 neque
756 3571 795 3609 ex
814 3557 914 3624 gratia
933 3555 1006 3609 viris
1026 3555 1065 3608 ad
1087 3555 1283 3624 magistratus

161 3625 272 3694 ineptis
291 3631 345 3680 aut
363 3628 465 3680 avaris
484 3633 514 3682 et
531 3628 579 3680 ius
598 3627 728 3696 pecunia
747 3626 951 3680 vendentibus
964 3627 1159 3696 largiebatur.

251 3696 295 3749 21.
331 3696 458 3752 Miehalil
482 3713 554 3752 vero
575 3698 687 3751 Balbus
709 3696 834 3752 Amorio
861 3703 953 3765 ortus,
982 3713 1049 3750 cum
1076 3697 1115 3751 ad
1140 3711 1283 3766 magnam

161 3768 316 3822 fortunam
340 3770 529 3838 pervenisset
552 3785 589 3823 ao
613 3775 734 3838 praeter
757 3774 858 3822 σοί-σεε
883 3771 956 3822 vitia
975 3770 1111 3836 linguam
1132 3768 1221 3822 etiam
1241 3769 1283 3820 in·

161 3844 381 3908 temperantem
406 3841 539 3906 haberet,
568 3841 686 3894 delatus
705 3846 750 3894 est
770 3839 852 3909 apud
870 3856 984 3910 regem,
1013 3841 1099 3908 quasi
1120 3840 1194 3892 clam
1216 3839 1283 3892 insi·

162 3910 228 3963 dias
247 3911 274 3963 ei
294 3917 483 3968 strueretac
506 3913 670 3981 perniciem
693 3912 855 3965 moliretur.
894 3911 937 3964 lla
961 3911 1071 3965 delatio
1095 3910 1193 3979 pridie
1218 3907 1309 3965 eius2

162 3981 222 4035 diei
236 3983 318 4035 faeta
331 3989 385 4048 est,
399 3999 459 4051 quo
474 3984 582 4038 festum
595 3983 762 4036 nativitatis
782 3981 895 4036 domini
908 3982 1034 4036 ecelesia
1048 3983 1202 4036 celebrare
1215 3997 1283 4035 oon-

162 4054 271 4107 suevit.
300 4051 405 4108 Statim
420 4055 513 4123 igitur
526 4055 575 4108 ille
594 4053 839 4123 deprehenditur,
860 4070 915 4107 rex
931 4055 996 4123 ipso
1010 4054 1165 4122 quaesitor
1178 4051 1309 4106 earum3

161 4139 274 4189 rerum,
294 4139 422 4193 quarum
442 4130 603 4179 aecusatus
622 4130 694 4190 erat,
715 4125 876 4195 praesidet.
914 4123 1111 4179 Convinoitur
1134 4125 1172 4177 ab
1196 4120 1309 4177 acen-4

162 4195 301 4249 sentibus
319 4194 454 4264 Michael,
473 4198 538 4266 ipse
557 4197 724 4263 confitetur,
745 4196 971 4263 condemnatur,
990 4199 1025 4248 ut
1043 4196 1107 4265 igni
1126 4198 1283 4248 cremetur.

161 4267 342 4333 Abducitur,
355 4272 390 4322 ut
404 4269 607 4334 comburatur,
624 4273 783 4336 postquam
798 4269 881 4320 loeus
896 4267 1042 4336 supplicio
1057 4267 1225 4320 destinatus
1238 4265 1309 4319 est-'r

163 4338 265 4392 balnei
284 4339 361 4408 regii
381 4341 524 4393 caminus.
562 4338 705 4408 Sequitur
725 4344 754 4392 et
768 4355 830 4405 rex,
850 4341 914 4392 sive
929 4337 1009 4407 quod
1025 4337 1090 4391 aliis
1103 4336 1309 4406 suppliciumii

162 4411 193 4463 in
214 4409 389 4465 Michaltlem
408 4412 603 4465 constitutum
621 4427 683 4465 non
703 4411 854 4477 credebat,
874 4411 939 4465 sivo
959 4409 1040 4479 quod
1060 4409 1138 4462 illius
1160 4409 1283 4462 interitu
