3050 4775
235 385 271 450 ol
502 380 638 452 ZONAR.
657 379 755 448 ΕΡΙΤ.
775 379 910 463 x1111i,
930 381 1042 463 ra-la
1062 390 1089 454 9.

26 582 172 640 Pilais
191 583 226 639 13
236 577 324 660 γελος
347 577 381 640 ἐν
401 575 538 658 Παιονίη
560 576 627 640 τότε
651 576 807 659 διάγοντα.
853 577 1041 661 ἀπαγγείλας
1064 577 1099 642 δὲ
1121 576 1176 660 τὴν
1199 577 1288 661 νίκην
1310 583 1357 660 τῷ

235 681 357 762 βασιλεῖ
379 679 432 744 καί
458 679 512 742 τὸν
539 685 603 743 τῶν
628 682 805 764 βαρβάριυν
828 680 1104 763 εὐαγγελιούμενος
1127 679 1262 761 ὄλεθρον
1286 679 1356 761 ι’γπι-

90 787 333 846 wmaaotetzo
361 783 411 845 διά
438 806 470 845 τε
497 781 533 845 τὸ
561 789 616 845 τοῦ
644 785 739 865 ἔργου
766 782 844 866 ταχὺ
873 784 926 846 καί
953 783 989 846 τὸ
1019 783 1267 865 δυσμαχώτατον
1293 786 1394 846 τᾶννΙ)
1408 793 1449 847 ΙΙΙ
1462 794 1513 847 226

193 885 389 948 14Σκυθῶν.
441 885 506 948 ἐπεὶ
533 881 562 948 δ’
591 886 673 966 ἔγνω
702 887 737 950 τδ
767 887 884 970 ἀληθὲς
915 885 969 948 καί
999 885 1055 968 τὴν
1085 890 1150 948 τῶν
1181 885 1357 967 βαρβάρων

236 987 367 1071 φθοράν
382 987 401 1051 ό
416 987 624 1070 αὐτοκράτωρ
638 988 915 1072 πεπληροφόρητο,
939 987 992 1050 καί
1008 987 1172 1069 ἐθαύμασε
1186 986 1240 1050 τὸν
1255 987 1385 1068 όνδραύ

236 1096 291 1173 τῆς
317 1113 350 1153 τε
376 1095 545 1172 ταχυτῆτος
573 1088 627 1152 καλ
655 1097 710 1154 τοῦ
738 1091 962 1172 ἀριστεύματος
993 1090 1084 1153 ἕνεκα
1116 1088 1170 1152 καὶ
1202 1080 1357 1171 ἐπῄνεσεν.

193 1203 227 1258 15
237 1192 298 1275 ἤδη
324 1191 358 1255 δὲ
386 1191 440 1254 καί
465 1197 521 1273 τῆς
547 1189 721 1263 Οὐάλεντος
747 1193 862 1275 μοίρας
888 1191 1139 1274 προσκτηθείσης
1166 1191 1254 1273 αύτῷ
1279 1189 1357 1272 μετὰ

236 1293 292 1376 τὴν
315 1293 435 1357 ἐκείνου
459 1292 590 1376 φθοράν
612 1293 736 1358 ἀπιδὼν
757 1295 839 1378 πρὸς
861 1293 896 1357 τδ
917 1294 1045 1376 ἄπειρον
1061 1291 1174 1376 σχεδδν
1188 1299 1243 1375 τῆς
1258 1293 1359 1375 ἀρχῆς

237 1395 291 1458 καὶ
314 1395 451 1459 συνιδὼν
473 1395 521 1464 ὡς
543 1396 603 1477 οὐχ
627 1395 693 1466 οίός
715 1393 739 1459 τ’
764 1399 804 1460 ἂν
826 1399 872 1480 εἴη
898 1395 992 1467 αὐτὸς
1013 1395 1113 1478 μόνος
1135 1395 1190 1477 τὴν
1205 1396 1358 1477 τοσαύτην

237 1499 355 1561 ίθύνειν
382 1498 492 1580 ἀρχήν,
524 1498 652 1580 βασιλέα
675 1505 729 1581 τῆς
752 1501 825 1570 νέας
844 1499 970 1583 Ῥώμης
993 1499 1175 1581 ἀναγορεύει
1197 1497 1251 1561 τὸν
1278 1497 1356 1562 Θεο-
1369 1511 1403 1565 10

238 1600 353 1682 δόσων,
377 1601 444 1682 ἅμα
467 1600 526 1682 μὲν
547 1606 602 1683 τῆς
625 1600 778 1683 ἀριστείας
802 1602 897 1665 αὐτὸν
921 1602 1137 1685 ἀμειβόμενος,
1160 1602 1228 1683 ἅμα
1252 1600 1358 1664 δὲκαὶ

235 1703 358 1785 μηδένα
381 1704 490 1785 κρίνας
512 1703 617 1784 ἕτερον
640 1705 683 1774 εἰς
706 1705 874 1768 κοινωνίαν
896 1711 951 1788 τῆς
974 1704 1074 1787 ἀρχῆς
1096 1704 1207 1766 τούτου
1228 1703 1357 1785 κρείττω

149 1805 396 1888 Β16ἒσόμενον.
442 1805 498 1886 τὴν
522 1811 599 1886 γοῦν
621 1804 706 1886 ipim
729 1808 855 1870 άπασαν
877 1807 930 1870 καὶ
948 1805 1004 1889 τὴν
1023 1805 1155 1889 Θρᾴκην
1171 1806 1259 1888 αύτῷ
1280 1806 1357 1869 ἀνα-

194 1927 227 1984 17
236 1908 372 1990 θέμενος
395 1907 512 1977 ἐκεῖνος
535 1908 639 1989 ἑαυτῷ
667 1909 875 1992 ἀπεκλήρωσε
901 1909 938 1971 τά
967 1909 1101 1990 ἑσπέρια.
1147 1907 1201 1970 καὶ
1228 1907 1277 1970 ἐπὶ
1303 1905 1358 1978 τὰς

236 2009 371 2080 Γαλλίας
390 2010 557 2092 γενόμενος
579 2010 720 2093 ἀνῃρέθη
746 2011 832 2092 δόλῳ
855 2009 1161 2091 ύπδἌνδραγαθίου
1185 2015 1240 2073 τοῦ
1264 2021 1402 2092 oppa-ib

236 2118 343 2195 τηγοῦ,
375 2111 560 2194 βασιλεύσας
590 2111 668 2194 μετὰ
700 2112 756 2194 τὴν
787 2118 843 2176 τοῦ
870 2111 989 2194 πατρὸς
1016 2113 1113 2175 αὐτοῦ
1140 2110 1281 2194 τελευτὴν
1308 2111 1358 2174 ἐπί

238 2214 396 2284 ἐνιαυτοὺς
419 2215 463 2288 ἕξ.

186 2330 227 2397 18
331 2317 397 2381 Τού
414 2316 449 2379 δὲ
460 2315 494 2379 Γ
489 2322 636 2401 ρατιανοῦ
651 2318 887 2404 τελευτήσαντος
902 2317 1090 2402 κατελείφθη
1107 2315 1250 2402 βασιλεὺς
1265 2317 1358 2381 αύτο-

237 2513 254 2568 ’ί
272 2512 415 2581 ἀνάρρησις
436 2512 581 2567 θεοδοσίου
600 2520 647 2568 τοῦ
665 2514 779 2583 μεγάλου
799 2516 830 2578 (τ.
843 2535 902 2584 μεγ.
914 2514 988 2569 θεοδ.
1002 2511 1037 2581 A,
1057 2534 1078 2566 τ.
1090 2533 1148 2583 μεγ.
1164 2528 1221 2567 om.
1235 2510 1269 2581 C)
1282 2510 1358 2568 Aci]

237 2584 272 2638 14
290 2583 394 2654 τελευτὴ
414 2584 555 2652 (ἀναίρεσις
570 2585 606 2651 Ε)
624 2587 771 2654 Γροτιανοῦ
790 2586 838 2641 ΟΕ
910 2586 945 2640 18
962 2584 1082 2655 βασιλεία
1100 2592 1146 2639 τοῦ
1164 2584 1224 2639 νέου
1246 2584 1358 2640 Οὐαλεν-

235 2662 351 2710 τινιανοῦ
369 2656 406 2721 Α,
422 2657 541 2725 βασιλεία
556 2656 774 2712 Ούαλεντινιονοῦ
787 2666 833 2712 τοῦ
846 2658 906 2711 νέου
926 2656 986 2726 CD,
1004 2657 1124 2726 βασιλεία
1141 2656 1359 2712 Οὐαλεντινιανοῢ

236 2734 282 2781 τοῦ
299 2726 361 2781 νέου
379 2728 425 2781 καὶ
443 2729 482 2780 δτι
501 2728 627 2797 ἐπανέστη
647 2729 720 2797 αὐτῷ
740 2729 865 2797 Μάξιμος
884 2728 916 2796 Ε,
935 2730 974 2781 ὅτι
990 2730 1007 2781 δ
1017 2728 1143 2796 Μάξιμος
1161 2729 1292 2797 τυραννίδι
1306 2728 1358 2780 ἔπι·

236 2799 394 2867 κτχείρηιιεν
411 2798 586 2868 ἀπανθρώπῳ
605 2799 675 2854 κατὰ
693 2808 740 2854 τοῦ
758 2800 819 2855 νόου
832 2800 1057 2869 Οὐαλεντινιανσῦ,
1076 2800 1122 2853 καί
1133 2800 1275 2869 κρατηθεὶς
1288 2798 1359 2868 παρὰ

239 2871 384 2926 Θεοδοσίου
401 2870 521 2940 ἀνῃρέθη
542 2869 565 2926 C

289 3062 370 3118 2τδν
388 3062 490 3119 om.E
562 3062 580 3117 3
600 3063 686 3133 ἀρχου
706 3063 742 3131 Ι),
762 3078 838 3119 corr.
858 3063 910 3124 Dw
981 3066 1178 3133 δυσμαχότατον
1198 3064 1262 3128 (sic)
1281 3061 1358 3118 ABG

290 3136 307 3190 ‘l
325 3144 371 3205 τῆς
390 3151 447 3189 om.
467 3134 491 3189 Ε
600 3136 635 3189 10
652 3136 756 3190 ἰθύνων
775 3136 811 3206 B1
916 3136 950 3191 12
969 3138 1061 3191 τούτου
1081 3132 1207 3205 prDi,
1227 3135 1312 3189 τούτω
1331 3134 1358 3188 A

289 3206 324 3261 15
342 3206 386 3260 ἀπ’
406 3204 566 3275 BflprDt'

192 3410 226 3465 13
236 3400 400 3470 degentem
419 3399 583 3454 contendit.
619 3397 683 3455 Nec
701 3404 804 3455 tamen
824 3400 981 3454 victoriam
1001 3413 1087 3453 suam
1107 3401 1137 3453 et
1155 3398 1357 3454 barbarorum

235 3473 390 3526 interitum
409 3472 562 3525 nuntianti
580 3471 655 3526 fides
675 3476 721 3526 est
739 3472 844 3526 habita
860 3485 928 3525 eum
943 3470 981 3524 ob
995 3472 1039 3524 rei
1052 3475 1159 3539 gestae
1172 3471 1356 3525 celeritatem

192 3554 226 3608 14
235 3549 300 3597 turn
313 3544 352 3596 ob
366 3540 494 3612 Scythas
507 3543 771 3612 inexpugnabiles.
809 3541 883 3597 Cum
903 3547 1004 3595 autem
1024 3542 1230 3611 perspexisset
1249 3557 1357 3597 verum

236 3622 266 3669 et
285 3615 486 3668 barbarorum
507 3614 631 3669 caedem
655 3616 820 3683 imperator
844 3613 1033 3682 exploratam
1058 3612 1221 3681 habuisset,
1251 3620 1281 3667 et
1304 3614 1357 3669 ad·

235 3687 362 3740 miratus
386 3690 432 3739 eat
455 3686 512 3738 viri
535 3686 719 3740 celeritatem
739 3700 857 3739 acrem
877 3686 956 3739 benc
975 3692 1093 3754 gestam
1113 3689 1143 3738 et
1162 3685 1356 3739 collaudavit.

191 3757 299 3823 15Iarn
320 3757 401 3881 guod
415 3755 550 3811 Valentis
569 3758 661 3811 etiam
680 3760 796 3826 partem
816 3761 998 3811 consecutus
1017 3764 1085 3825 post
1104 3754 1183 3809 illius
1202 3757 1357 3810 interitum

236 3831 319 3884 consi
342 3833 427 3883 erato
451 3843 548 3898 regno
574 3829 639 3883 iere
664 3829 780 3882 infinito
805 3827 955 3882 intellexit
979 3842 1012 3881 se
1039 3828 1139 3895 ipsum
1168 3828 1265 3881 solum
1294 3843 1356 3881 non

236 3915 325 3970 posse
344 3905 405 3954 tam
425 3901 600 3954 immensam
620 3901 697 3953 tanti
718 3898 836 3968 imperii
860 3898 969 3953 molem
993 3900 1151 3965 sustinere,
1179 3914 1281 3953 novae
1299 3898 1356 3953 Ro-

235 3987 304 4026 mae
322 3986 427 4041 regem
446 3971 579 4041 appellat
597 3970 801 4026 Theodosium
820 3979 851 4023 et
871 3971 982 4024 virtute
1002 3970 1066 4023 eius
1086 3969 1235 4024 honorata
1254 3985 1355 4039 neque

235 4057 418 4113 quemquam
437 4048 522 4096 ratus
538 4042 578 4096 ad
590 4042 707 4112 imperii
720 4042 897 4095 societatem
911 4043 977 4095 fore
990 4041 1142 4095 meliorem
1158 4056 1249 4110 quarn
1263 4042 1354 4096 illum.

191 4126 225 4179 16
235 4114 322 4169 Omni
344 4116 439 4184 igitur
458 4112 580 4168 Oriente
600 4120 630 4168 et
648 4113 779 4167 Thracia
798 4113 826 4167 ei
845 4113 997 4167 attributis
1017 4112 1065 4166 ille
1086 4112 1143 4165 sibi
1162 4114 1285 4168 sortitus
1309 4118 1354 4169 est

191 4199 224 4253 17
235 4185 437 4241 Occidentem.
474 4185 512 4239 Et
523 4187 555 4239 iu
568 4184 682 4240 Gallias
701 4184 856 4254 proiectus
875 4183 1013 4238 sublatus
1032 4188 1077 4238 est
1097 4183 1165 4238 dolo
1185 4185 1224 4239 ab
1238 4182 1354 4240 Andra-

234 4257 339 4329 gathio
359 4256 437 4313 duce
456 4258 544 4311 anuis
562 4257 651 4327 regni
669 4261 738 4327 post
757 4256 872 4310 obitum
892 4256 986 4325 patris
1004 4270 1058 4310 aex
1077 4257 1202 4312 exactis.

324 4328 366 4385 18.
404 4326 550 4385 Gratiano
579 4333 681 4385 autem
709 4326 854 4384 defuncto
883 4326 1005 4384 relictus
1033 4332 1079 4384 est
1101 4341 1158 4384 rex
1184 4328 1354 4387 Occidentis

207 4412 334 4475 pauca
353 4400 622 4475 laniamentis,
651 4401 703 4478 qui
727 4400 920 4479 pubertatem
944 4400 1081 4461 nondum
1104 4402 1257 4479 attigerat.
1296 4401 1354 4473 Qui
