3050 4775
265 388 316 445 196
524 386 660 447 ZONAR.
680 384 779 445 EPIT.
798 384 867 445 XIV
887 388 929 459 1³,
947 387 1063 459 44-14,
1083 387 1125 445 14.

264 572 435 647 σωζόντων
463 572 620 655 ὑπεξῆλθε
649 577 712 635 τῶν
740 572 927 655 ἀνακτόρων
952 573 1006 636 καὶ
1030 572 1173 655 όρόμωνι
1195 573 1384 657 ἐμβεβηκὼς

262 674 341 757 μετὰ
364 682 418 758 τῆς
441 674 588 757 γυναικὸς
611 675 750 738 καὶτῶν
773 676 893 739 τέκνων
915 675 1052 759 ἀπέδρα·
1077 676 1131 739 τὸν
1151 676 1186 739 όὲ
1201 676 1270 741 υἱόν
1286 677 1382 741 αὐτοῦ

267 776 439 841 Θεοδόσιον
453 778 535 859 πρὸς
550 777 702 860 Χασρόην
717 778 901 858 ἀπέστειλεν,
924 780 974 841 ἵνα
997 779 1283 861 ἀπομνημονεύσας
1303 781 1383 843 ἐκεῖ·

263 904 317 951 νος
340 886 404 943 τῶν
425 880 512 963 παρὰ
536 880 719 962 Μαυρικίου
744 881 923 961 γενομένων
944 881 1033 962 αὐτῷ
1055 882 1200 951 κάκεῖνος
1222 883 1266 952 εἰς
1288 882 1383 945 αὐτὸν

68 990 197 1047 Putes
219 984 299 1046 toul
324 985 374 1047 ἴσα
395 982 571 1066 ἐνδείξηται.
617 983 664 1051 ὡς
688 979 715 1045 δ’
741 983 888 1065 ἐγνώσθη
912 992 958 1065 τῷ
980 983 1094 1066 πλήθει
1117 985 1137 1067 ἡ
1160 990 1216 1047 τοῦ
1238 984 1409 1067 βασιλεύ-ὁ

264 1110 353 1157 οντος
375 1088 587 1169 ὑποχώρησις,
610 1084 663 1149 καὶ
686 1086 741 1166 τὴν
764 1086 869 1149 στάσιν
888 1086 938 1149 ἐπὶ
952 1088 1060 1167 μεῖζον
1075 1084 1134 1169 ἦρε
1148 1087 1202 1150 καὶ
1216 1086 1270 1149 τόν
1286 1086 1382 1150 Μαν-

264 1190 363 1271 ρίκιον
386 1188 620 1271 όνσφημεῖσύαι
643 1186 693 1250 όιὰ
716 1194 771 1270 τῆς
794 1188 913 1269 ἀγορᾶς
934 1190 1178 1269 παρεσκεύασεν.

213 1294 253 1357 14
346 1290 430 1374 Ἤόη
448 1292 482 1354 ol
497 1296 552 1354 τοῦ
569 1290 671 1354 Φωκᾶ
686 1288 732 1373 μὴ
748 1290 863 1371 πόρρω
883 1297 938 1373 τῆς
953 1290 1146 1365 Βυζαντίόος
1167 1292 1381 1375 τυγχάνοντος,

237 1395 295 1458 sot
315 1399 370 1457 τοῦ
395 1394 499 1476 όήμον
522 1398 586 1455 τῶν
608 1390 783 1474 Πρσσίνων
805 1394 935 1476 ἐξῄεσαν
958 1394 1173 1476 εύφημοῖντες
1196 1395 1299 1458 αὐτόν.
1345 1397 1382 1466 ὃς

263 1496 320 1560 σὺν
343 1498 448 1567 αὐτοῖς
470 1497 503 1559 ἐν
523 1502 569 1577 τῷ
583 1494 735 1578 Ἑβδόμῳ
757 1495 1022 1578 παραγενόμενος,
1046 1497 1113 1560 ἐκεῖ
1130 1496 1218 1580 παρὰ
1240 1504 1297 1561 τοῦ
1318 1521 1380 1561 πα-
1393 1503 1429 1556 10

235 1599 411 1682 3τριάρχου
434 1604 598 1662 ταινιοῦται
621 1598 676 1681 τὴν
698 1598 853 1681 κεφαλήν·
876 1598 930 1661 καὶ
952 1598 1105 1663 εἰσελθὼν
1127 1601 1170 1670 εἷς
1189 1598 1227 1662 τὰ
1241 1600 1380 1682 βασίλεια

261 1703 315 1765 καὶ
342 1702 398 1785 τὴν
425 1708 555 1783 γυναῖκα
585 1700 735 1764 Λεοντίαν
762 1701 948 1782 Αύγούσταν
975 1700 1073 1772 εἰάὺς
1099 1702 1291 1785 ἀνηγόρευσε
1316 1708 1381 1767 τῶν

235 1805 376 1888 4όήμων
398 1804 578 1887 παρόντων·
609 1803 660 1865 ὅτε
683 1802 733 1865 διὰ
756 1804 883 1883 τόπους,
911 1804 944 1866 ἒν
966 1803 1013 1874 οἷς
1035 1805 1167 1885 ἵσταντο,
1190 1805 1381 1887 ἀμφιβολίας

262 1907 431 1989 γενομένης
448 1912 512 1976 τοῖς
527 1905 699 1988 Πρασίνοις
721 1904 775 1968 καὶ
796 1911 860 1974 τοῖς
876 1905 1028 1988 Βενέτοις,
1051 1908 1223 1981 στασιάζειν
1244 1909 1380 1990 ἤρξαντο
1391 1909 1418 1961 D
1433 1910 1447 1964 Ι
1451 1911 1501 1965 H?
1515 1920 1522 1960 l

192 2006 329 2073 lionoz’
354 2008 505 2091 ἀλλήλων.
551 2010 681 2089 πέμψας
705 2008 740 2071 δέ
762 2031 845 2077 τινας
867 2008 886 2071 ά
913 2008 1033 2079 Φωκᾶς
1055 2011 1253 2084 κατευνάζειν
1275 2011 1381 2081 αὐτοῖς
1393 2018 1428 2071 15

235 2112 317 2194 ϋτὴν
339 2111 443 2175 στάσιν
463 2111 618 2193 ἐπεχείρει.
664 2110 733 2181 ἑνὸς
749 2108 807 2174 οὖν
821 2117 886 2173 τῶν
901 2111 1074 2175 σταλέντων
1087 2112 1142 2175 τὸν
1156 2118 1221 2176 τῶν
1235 2112 1380 2177 Βενέτων

260 2214 445 2297 ὑβρίσαντος
468 2212 634 2295 δήμαρχον
656 2214 709 2275 καὶ
732 2219 842 2276 τοῦτον
865 2213 1062 2296 ὠύήσαντος,
1084 2214 1130 2298 μὴ
1155 2215 1330 2297 ἐνεγκόντες
1349 2218 1380 2279 οἱ

260 2322 315 2379 τοῦ
340 2315 445 2400 όήμσυ
467 2321 558 2378 τοῦτο
582 2316 717 2400 ἔκραζον
739 2315 861 2390 “dontio
884 2316 971 2398 μάθε
992 2316 1187 2392 κατάστασιν,
1210 2318 1230 2382 ό
1252 2318 1378 2402 Ματρί-

376 2420 423 2443 n„

234 2433 328 2489 Ίκιος
352 2421 398 2502 ζη.
467 2419 610 2482 ἐντεῦθεν
634 2419 651 2482 ό
674 2419 827 2501 τύραννος
849 2421 892 2490 εἰς
913 2418 968 2482 τὸν
989 2426 1045 2483 τοῦ
1069 2419 1251 2503 Μαυρικίοσ
1278 2422 1380 2504 φόνον

261 2609 278 2663 8
295 2609 414 2679 βασιλεία
430 2610 516 2663 Φωκᾶ
534 2616 580 2662 τοῦ
599 2608 724 2676 τυράννου
745 2609 868 2676 (τυράνσν
882 2608 919 2673 D)
939 2608 991 2665 CD
1063 2611 1101 2664 ότι
1114 2611 1130 2663 ό
1145 2612 1243 2670 Φωκεῖς
1260 2611 1377 2681 ἐστέφόη

259 2679 394 2806 ’ἶὲῗιρὰτάῖῗ
410 2701 448 2805 i'i‘
449 2680 581 2818 ’ύόῗχῖύ
596 2678 693 2810 ξύνες
712 2679 1101 2820 203⁹yffls⁰⁸2310ss¹⁰¹o¹²s⁹2‘”‘⁰⁰
1120 2683 1188 2752 “⁴⁴¹ss
1187 2683 1277 2750 ⁹‘’“⁰'’
1297 2683 1329 2751 ἃ
1349 2700 1378 2737 v·

313 2931 390 2984 3ι”να
409 2927 518 3000 AEwp,
537 2927 574 2988 ὡς
592 2929 667 2985 άνΟ
751 2929 858 2999 4παρὰ
876 2928 911 2998 Α,
930 2931 983 2985 ὑπὸ
1001 2930 1075 3002 pr
1159 2931 1241 2986 ὃτοῦ
1258 2933 1377 3004 βασιλεύ·

311 3022 386 3061 οντος
404 2999 465 3070 ἡΟ
539 3002 573 3054 10
590 3001 675 3055 ε’κεϊσε
694 2999 721 3053 D
796 3004 827 3054 11
847 3009 992 3056 τατνιοῦτον
1011 3000 1046 3071 D,
1067 3019 1143 3057 corr.
1158 3001 1211 3061 Dw
1285 3004 1318 3058 13
1335 3006 1378 3057 ὅτε

313 3072 374 3142 ΑΟ,
393 3075 449 3126 τότε
469 3073 541 3142 Ewp
641 3073 825 3132 lentescimus
844 3073 914 3126 add.
933 3073 993 3134 τοὺς
1012 3072 1039 3126 D
1135 3075 1169 3128 16
1186 3075 1312 3144 ἐπεχείρει
1330 3076 1377 3146 τὴν

313 3144 445 3199 στάσινΟ
543 3145 576 3197 18
595 3145 675 3198 ἅπιόε
694 3143 780 3214 w*(p)
800 3145 902 3199 invitis
920 3144 982 3214 AB,
1001 3145 1074 3200 Abi:
1097 3147 1148 3201 Wo
1167 3146 1216 3200 lat.
1311 3147 1378 3200 ἀντί·

312 3237 401 3271 στασιν
413 3215 448 3283 Ι),
468 3216 515 3286 τὴν
533 3215 690 3270 κατάστασιν
704 3213 753 3273 Dw
774 3217 879 3285 Γραῖα
893 3216 940 3286 τὴν
952 3218 1108 3272 κατάστασιν
1126 3218 1183 3272 nisi
1204 3220 1282 3273 forte
1300 3219 1377 3273 κατά·

313 3309 400 3346 στασις
419 3288 474 3341 ἀντὶ
492 3287 671 3356 σωφροσύνης
690 3291 824 3356 ponatur
831 3287 846 3305 ‘⁸
870 3288 906 3342 W
904 3293 931 3353 ο)

258 3469 311 3538 gia
333 3481 366 3521 se
379 3465 521 3520 subducit
540 3471 570 3520 st
589 3465 735 3520 dromone
763 3480 831 3519 oum
849 3481 948 3522 uxore
966 3473 997 3521 et
1014 3468 1116 3524 liberis
1135 3483 1301 3524 conscenso
1325 3483 1377 3524 au·

259 3539 351 3608 iugit3
370 3538 465 3592 illium
484 3552 557 3592 vero
578 3537 783 3592 Theodosium
801 3537 842 3591 ed
861 3537 1022 3594 chosroem
1041 3539 1173 3610 ableget,
1198 3545 1232 3594 ut
1250 3556 1377 3596 comme·

212 3609 523 3666 limorstollieurioii
542 3609 572 3662 in
584 3608 826 3662 illumbenofieio
845 3625 902 3678 per
920 3611 976 3664 sibi
995 3611 1266 3681 gretiereferotur.
1288 3611 1376 3682 Fuge

259 3681 340 3750 regis
360 3678 472 3751 populo
490 3681 614 3764 cognita
633 3685 663 3734 et
675 3679 783 3734 seditio
802 3686 893 3734 sueta
912 3688 958 3736 est
977 3690 1007 3737 et
1019 3681 1183 3737 Mauricius
1201 3697 1257 3752 per
1276 3685 1375 3738 forum

259 3767 403 3877 comio?
422 3757 718 3878 Ιὲάάτωῐξῗύνεσίύισοῃ
739 3826 800 3904 ism
817 3825 923 3895 procul
942 3825 982 3878 ab
1001 3826 1078 3880 urbe
1087 3825 1235 3895 Byzantio
1246 3827 1375 3895 obesset,

257 3897 278 3949 ii
298 3897 350 3965 qui
370 3895 552 3949 exsectione
571 3895 796 3951 Presineersnt
814 3897 853 3950 ad
873 3912 942 3951 eum
963 3897 1156 3951 salutandum
1166 3897 1374 3968 egrediuntur.

231 3967 316 4031 sum
342 3982 410 4020 eum
438 3967 474 4020 iis
493 3964 684 4021 Hebdomum
710 3969 876 4037 ingressus,
904 3970 946 4022 ibi
964 3981 984 4021 e
1001 3969 1175 4037 patriarcha
1203 3967 1375 4025 diedemate

231 4043 392 4094 ilornatur.
430 4035 504 4092 lude
523 4039 554 4090 in
574 4040 686 4107 regiam
707 4053 740 4094 se
759 4040 886 4093 eontulit
906 4046 935 4094 et
948 4037 1105 4095 Leontiam
1123 4054 1251 4094 uxorem
1270 4037 1375 4111 Augu·

230 4113 333 4165 istam
351 4110 451 4164 stetim
471 4110 582 4163 salutat
601 4111 784 4164 factionibus
804 4111 1024 4179 praesent-ibus.
1060 4110 1118 4166 Vbi
1137 4113 1216 4166 inter
1232 4111 1374 4168 Presiuos

230 4183 288 4237 bet
306 4181 436 4236 Venetos
457 4180 494 4234 de
505 4181 686 4235 stationibus
706 4187 802 4235 ortam
818 4183 1054 4238 controversiam
1065 4182 1182 4237 Phooas
1192 4197 1375 4252 componere

230 4252 362 4309 (ivolens
382 4252 525 4307 satellites
544 4252 693 4321 quosdam
711 4253 799 4306 misit.
837 4252 883 4308 De
902 4254 1013 4322 quibus
1032 4269 1111 4308 unus
1131 4269 1199 4308 eum
1218 4254 1374 4310 tribunum

257 4323 442 4378 Venetorum
462 4337 524 4447 Xer
543 4324 755 4378 contumelium
780 4325 953 4394 pepulisset,
982 4325 1113 4394 populus
1142 4325 1173 4379 id
1192 4341 1254 4380 non
1273 4327 1374 4381 ferens

230 4395 420 4454 iexelamat:
438 4395 455 4416 “
491 4395 528 4464 bi,
548 4395 630 4449 ‹lisee
649 4395 840 4465 modestiam
860 4396 1024 4451 Mauricius
1044 4397 1148 4451 vivit”.
1178 4397 1253 4451 lude
1272 4402 1373 4467 tyreu·
