3050 4775
250 418 492 479 IMPERATORI
510 416 730 479 salvando
750 418 941 481 SVCCEDIT
960 408 1135 480 MICHAdL
1155 418 1177 480 l.
1227 420 1280 479 sis

160 609 333 693 χρημάτων
365 606 536 691 διανομαῖς.
581 606 636 671 καί
662 605 719 691 τὴν
746 604 883 691 γαμετὴν
910 605 946 673 δὲ
973 606 1173 691 Σταυρακίου
1200 604 1353 673 Θου-Η)

149 712 255 796 φανόν
283 718 433 795 καρεῖσαν
460 712 517 795 τὴν
544 712 649 794 κόμην
675 710 729 774 καί
756 710 906 793 μέλαιναν
934 711 1147 795 ἐνδυοαμένην
1169 710 1281 795 στολὴν

159 817 299 899 χρήμασι
320 816 447 887 πολλοῖς
470 815 656 899 ἐδωρήσατο
678 814 732 877 καί
748 812 837 878 οἶκον
853 816 896 887 εἰς
912 816 1072 879 κατοικίαν
1087 815 1167 899 αὐτῆ
1181 836 1280 896 προσ-

160 921 333 1002 απίνειμεν,
366 920 404 983 ὃν
434 920 478 990 εἷς
508 919 720 1001 μοναζοοσῶν
750 918 933 1000 μετεποίησε
961 918 1168 1001 καταγώγιον,
1202 915 1308 981 &aab

133 1018 214 1087 baal
232 1022 251 1086 ό
266 1022 466 1104 Σταυράκιος
488 1022 648 1102 τέθαπται,
671 1020 785 1085 θανών
808 1020 843 1085 ἐκ
866 1028 920 1104 τῆς
942 1021 1063 1105 πληγῆς
1085 1023 1125 1105 ῆν
1148 1020 1167 1085 ό
1189 1019 1282 1103 λόγος

160 1123 312 1208 ἐδήλωσε,
336 1124 396 1189 δύο
417 1130 521 1208 μῆνας
542 1125 663 1208 μόνους
685 1124 886 1208 αδταρχήσας
909 1124 959 1189 ἐπί.
981 1126 1113 1208 ῆμόραις
1128 1126 1171 1199 ἕξ.
1217 1122 1308 1208 tvai

160 1226 243 1310 μονὴ
267 1228 302 1301 ἐξ
324 1226 444 1292 ἐκείνου
467 1228 589 1311 ἐκλήθη
611 1234 668 1292 τοῦ
688 1227 889 1311 Σταυρακίου
913 1228 1135 1311 ὠνομασμένη,
1158 1229 1281 1312 βαρβα-

161 1330 329 1412 ριζσμόνου
357 1330 392 1395 ol
417 1335 474 1394 τοῦ
497 1330 653 1413 ὀνόματος
675 1329 762 1413 παρὰ
785 1336 842 1395 τοῦ
865 1330 1090 1414 συρφετώδους
1113 1330 1210 1414 ὄχλου
1232 1330 1281 1394 λέ-

161 1456 244 1513 γεται
261 1432 298 1495 τὰ
314 1432 440 1515 Βρακά,
463 1432 550 1515 παρά
566 1456 659 1497 τινων
675 1432 781 1516 δὲτὴν
797 1432 903 1517 ἀληθῆ
918 1433 1026 1516 κλῆσιν
1048 1430 1309 1515 ἀγυοησάντων,7

115 1534 150 1589 10
160 1536 361 1617 μεταγδντων
381 1535 416 1600 δὲ
433 1536 532 1620 δῆθεν
547 1536 661 1619 ταύτην
675 1535 757 1618 πρὸς
772 1534 807 1601 ιδ
823 1536 1073 1619 ἑλληνικώτερον,
1097 1535 1282 1618 ὀνομάζεται

160 1638 197 1701 τὰ
223 1638 385 1721 Ἐβραϊκά.
430 1640 681 1721 καθειργμένους
710 1639 739 1702 δ’
770 1637 874 1720 εὑρὼν
905 1637 978 1709 τοὺς
1009 1644 1064 1721 τῆς
1094 1644 1196 1722 μονῆς
1226 1637 1309 1701 τοῦθ

160 1738 319 1804 Στσυδίου
347 1741 645 1823 ῆγουμενεύσαντας,
677 1740 731 1805 τὸν
755 1740 914 1805 Πλάτωνα
940 1741 1023 1823 λέγω
1046 1740 1175 1804 καὶτὸν
1202 1737 1441 1805 Θεό-ΡΠΙὲθΑ

162 1843 279 1923 δωρον,
311 1842 388 1907 ἀλλὰ
419 1844 485 1926 μὴν
512 1844 567 1907 καὶ
595 1843 649 1908 τὸν
677 1844 788 1907 τούτου
816 1844 975 1927 ὁμαίμονα
999 1842 1119 1926 Ἰωσὴφ
1146 1842 1201 1907 τδν
1228 1849 1284 1927 τῆς

166 1943 397 2029 Θεσσαλονίκης
419 1947 663 2029 ἀρχιεττίσκοπον
685 1946 739 2010 καί
761 1951 825 2011 τῶν
847 1953 902 2029 τῆς
924 1946 1090 2029 εἰρημένης
1106 1952 1208 2029 μονῆς
1221 1969 1281 2029 μο-

117 2046 153 2101 15
161 2053 270 2131 ναχῶν
301 2046 373 2119 τοὺς
404 2046 645 2132 λογιμωτίρους,
678 2049 726 2120 ώς
755 2047 802 2131 μὴ
833 2054 1073 2131 κοινωνοῦντας,
1105 2049 1282 2130 καθώσπερ

161 2150 327 2233 ίοτόρηται,
351 2158 397 2234 τῷ
419 2153 594 2235 πατριάρχη
618 2152 673 2215 καί
693 2158 732 2236 τῇ
750 2152 908 2235 ἐκκλησίᾳ,
932 2152 1079 2215 ἔσπευσεν
1094 2151 1208 2215 ἕνῶσαι
1225 2151 1281 2215 αὗ-

162 2344 177 2397 l
197 2345 272 2405 ὅπως
289 2345 395 2414 διετέθη
414 2346 430 2398 δ
447 2344 558 2416 Μιχαὴλ
578 2346 605 2412 (δ
615 2345 737 2416 βασιλεὺς
758 2346 791 2412 Ε)
810 2344 876 2416 πρός
895 2345 942 2417 τῆν
960 2352 1006 2402 τοῦ
1026 2346 1196 2416 Σταυρακίου
1214 2349 1282 2411 (στα·

160 2418 277 2487 βρακίου
295 2417 330 2482 Ε)
349 2419 462 2488 σύμβιον
482 2417 529 2473 ΟΕ

215 2597 234 2651 3
251 2596 330 2666 δαυτῆ
349 2593 372 2651 O
460 2596 568 2652 »lanto
585 2618 676 2665 μετεπ.
695 2598 764 2652 add.
784 2598 872 2667 ἐκείνη
892 2597 966 2668 pr
1050 2595 1281 2666 μετεποίησατσΟ

216 2667 234 2723 6
251 2666 380 2737 ἐδήλωσε]
399 2667 453 2723 XV
474 2668 515 2737 15,
536 2668 578 2724 15.
598 2669 640 2737 16,
658 2669 677 2724 2
763 2669 881 2739 ἐδήλωσε
901 2665 1027 2738 prDt',
1046 2669 1179 2738 ἐδήλωσεν
1197 2668 1233 2736 Α,
1252 2685 1281 2722 v.

217 2739 256 2794 ad
275 2739 348 2793 XIII
368 2739 428 2807 1,5
532 2748 618 2810 μῆνας
634 2743 733 2809 μόνους
752 2743 845 2810 (μόνας
864 2740 901 2801 Α)
920 2739 1088 2810 αὗιαρχήσας
1107 2738 1165 2806 AC,
1183 2741 1282 2808 μόνους

215 2819 301 2880 μῆνας
318 2811 485 2880 «aaziae
503 2811 537 2879 R,
555 2819 640 2881 μῆνας
659 2812 755 2882 (νήτας
775 2813 808 2878 Ε)
828 2811 995 2881 adtraxisse
1013 2813 1110 2880 μόνου
1129 2811 1201 2881 Ewp

252 2883 350 2950 ἡμέρας
368 2881 465 2952 OEwp
546 2883 564 2937 8
581 2882 662 2952 παρὰ]
681 2882 734 2938 ἀπό
750 2883 775 2937 Ε
847 2884 1037 2952 συφεριώδους
1056 2883 1083 2936 D
1156 2883 1173 2937 9
1190 2881 1282 2953 βρακά

215 2951 269 3010 ΑΟ
288 2958 327 3018 (v.
342 2953 380 3008 de
399 2952 542 3008 Boon'um
562 2953 601 3008 ad
615 2953 749 3024 Theoph.
763 2954 777 3008 Ι
792 2955 890 3025 pisi,
901 2956 938 3022 7),
956 2957 1046 3024 βροκᾶ
1060 2952 1176 3024 EwpDi
1195 2953 1281 3009 Cedr.

215 3025 245 3080 II
263 3042 291 3095 p.
310 3025 353 3093 43,
373 3025 389 3078 l
512 3026 547 3081 10
563 3028 728 3094 μεταγόντων
745 3025 775 3080 δὲ
793 3025 902 3097 AEwp,
923 3026 969 3080 xor*
986 3027 1185 3093 μιταγαγόντων
1204 3026 1228 3080 Ο

250 3099 345 3164 ταύτην
366 3097 449 3165 δῆθεν
467 3097 540 3167 Ewp
612 3098 810 3166 ἔλληνικότερσν
829 3098 901 3166 Ewp
982 3097 1012 3149 ll
1034 3095 1144 3166 ἕβραϊκό
1164 3094 1282 3166 prDt‘

250 3167 281 3221 δὲ
299 3167 326 3220 D
410 3175 455 3222 τοῦ
475 3166 601 3239 prDi.
621 3176 673 3222 τῶν
692 3168 718 3223 Α
811 3169 845 3222 12
863 3167 1103 3237 ῆγσυμτνεθσαντας
1121 3165 1183 3232 AR,
1202 3168 1281 3236 ἡγου-

213 3239 390 3306 μονεόσανιας
409 3239 440 3307 Ε,
460 3240 683 3308 ἡγεμονεύσαντος
701 3238 834 3310 BsswpDi
904 3240 1043 3293 πλάτωναν
1062 3237 1085 3292 Β
1159 3237 1193 3291 14
1210 3239 1282 3306 εἰρη-

213 3309 303 3378 μένης]
322 3310 427 3436 ελρῆνξς
445 3310 522 3369 EDw
541 3313 572 3366 in
592 3327 687 3381 marg.
771 3318 856 3381 μονῆς
874 3310 1001 3380 prDi,
1020 3317 1112 3379 μονῶν
1130 3308 1165 3376 Α,
1184 3313 1219 3363 ul
1238 3310 1282 3362 vi·

215 3382 305 3436 detur
377 3382 392 3434 l
429 3381 651 3452 όλλογιμοντόρους
669 3383 771 3453 DEwp
849 3383 883 3436 16
902 3381 1043 3451 ἱστόρηται]
1063 3380 1117 3436 XV
1137 3380 1180 3449 14,
1200 3380 1234 3434 14
1243 3396 1281 3435 ss.

159 3571 311 3628 Stauraeii
341 3574 474 3644 coniugi,
505 3590 585 3644 quae
613 3579 701 3630 tonsa
730 3590 816 3629 conio
844 3575 963 3644 nigram
996 3575 1103 3627 stolam
1132 3571 1281 3638 induerat,

157 3660 273 3712 inagna
292 3645 423 3714 pecunia
442 3644 514 3699 data
534 3646 627 3700 aedes
646 3645 685 3700 ad
704 3645 903 3700 habitandum
928 3645 1105 3712 assignavit,
1132 3659 1208 3714 quas
1233 3643 1282 3696 illa

158 3715 191 3769 in
210 3717 427 3769 monasterium
451 3718 609 3782 convertit,
637 3717 719 3785 qnod
743 3733 762 3770 a
781 3715 940 3771 Stauraeio
964 3717 1005 3770 ibi
1029 3715 1146 3784 sepulto
1171 3709 1309 3768 nomene

159 3793 205 3840 est
223 3787 376 3856 sortitum,
400 3803 469 3841 nam
490 3803 528 3842 ex
548 3788 684 3854 vulnera,
704 3788 786 3856 quod
806 3803 899 3857 snpra
918 3788 1161 3852 memoravimus,
1181 3786 1282 3840 deces-

157 3863 250 3924 serat,
270 3873 338 3912 cum
357 3858 434 3913 duos
452 3864 569 3913 tanturn
589 3874 707 3912 menses
727 3865 756 3913 et
775 3875 829 3912 sex
844 3859 908 3912 dies
922 3860 1106 3928 imperasset.
1132 3857 1166 3911 ld
1180 3855 1308 3912 anternli

158 3931 375 3984 monasterium
398 3931 604 4000 appellatione
623 3930 661 3983 ab
682 3930 731 3984 illo
751 3929 911 3986 Stauracio
931 3935 1028 3983 tracta
1048 3930 1168 3983 nornine
1188 3929 1281 3998 vulgo

158 4005 303 4069 corrupto
327 3999 425 4055 Braea
448 4003 558 4056 dicitur
580 4007 611 4056 et
633 4017 652 4056 a
675 4002 836 4066 nonnullis,
861 4001 913 4068 qui
937 4016 1042 4054 vorem
1068 4000 1107 4053 ad
1133 3997 1308 4053 Graecam?

159 4075 287 4125 sormam
302 4071 484 4141 detorquere
498 4079 656 4138 conantur,
671 4073 796 4142 originis
810 4073 875 4125 eius
889 4072 997 4141 ignari,
1017 4071 1177 4125 Hebraico.
1207 4069 1309 4124 Cum8

158 4149 262 4198 autem
281 4141 450 4198 Studionsis
470 4145 643 4197 monasterii
665 4146 844 4212 praefectos,
864 4142 1019 4196 Platonem
1040 4147 1069 4195 et
1079 4140 1282 4206 Theodorum,

159 4221 253 4283 atque
279 4215 370 4268 etiam
396 4213 563 4283 Iosephum
589 4213 850 4283 arehiepiscopum
878 4213 1185 4278 Thessalonicensem,
1216 4211 1282 4264 eius

159 4287 294 4351 fratrem,
313 4290 343 4338 et
356 4285 490 4339 eiusdem
505 4286 678 4339 irionasterii
693 4285 857 4339 monachos
877 4285 1059 4353 insigniores
1078 4283 1108 4336 in
1129 4297 1281 4336 carcerem

159 4357 313 4410 coniectos
332 4357 524 4425 repperisset,
544 4360 707 4425 propterea
724 4355 806 4424 quod
824 4372 893 4410 enm
913 4354 1085 4425 patriarcha
1105 4361 1135 4407 et
1154 4353 1282 4408 ecclesia

159 4443 222 4483 non
242 4428 480 4498 consentiebant,
499 4435 646 4499 utsupra
667 4426 780 4484 dictum
799 4434 852 4498 est,
873 4442 996 4500 operans
1017 4425 1110 4492 dedit,
1128 4429 1162 4480 nt
1180 4439 1233 4480 eos
1250 4425 1282 4479 in
