<?xml version="1.0" encoding="UTF-8"?>
<!DOCTYPE html PUBLIC "-//W3C//DTD XHTML 1.0 Transitional//EN"
    "http://www.w3.org/TR/xhtml1/DTD/xhtml1-transitional.dtd">
<html xmlns="http://www.w3.org/1999/xhtml" xml:lang="en" lang="en">
 <head>
  <title>
</title>
<meta http-equiv="Content-Type" content="text/html;charset=utf-8" />
  <meta name='ocr-system' content='tesseract 3.04.00' />
  <meta name='ocr-capabilities' content='ocr_page ocr_carea ocr_par ocr_line ocrx_word'/>
</head>
<body>
  <div class='ocr_page' id='page_1' title='image "./corpusscriptoru01theogoog/corpusscriptoru01theogoog_0620.png"; bbox 0 0 3050 4775; ppageno 0'>
   <div class='ocr_carea' id='block_1_1' title="bbox 229 412 1059 483">
    <p class='ocr_par' dir='ltr' id='par_1_1' title="bbox 229 412 1059 483">
     <span class='ocr_line' id='line_1_1' title="bbox 229 412 1059 483; baseline -0.001 -13"><span class='ocrx_word' id='word_1_1' title='bbox 229 414 285 471; x_wconf 74' lang='lat' dir='ltr'><strong><em>cto</em></strong></span> <span class='ocrx_word' id='word_1_2' title='bbox 522 412 659 471; x_wconf 79' lang='lat' dir='ltr'><strong>ZONAR.</strong></span> <span class='ocrx_word' id='word_1_3' title='bbox 679 414 777 470; x_wconf 71' lang='lat' dir='ltr'><strong>artu.</strong></span> <span class='ocrx_word' id='word_1_4' title='bbox 797 414 881 471; x_wconf 83' lang='lat' dir='ltr'>XVII</span> <span class='ocrx_word' id='word_1_5' title='bbox 901 415 943 483; x_wconf 90' lang='lat'><strong><em>10,</em></strong></span> <span class='ocrx_word' id='word_1_6' title='bbox 963 414 1059 470; x_wconf 83' lang='grc' dir='ltr'><strong><em>3-Ιὺ.</em></strong></span> 
     </span>
    </p>
   </div>
   <div class='ocr_carea' id='block_1_2' title="bbox 163 594 1521 2427">
    <p class='ocr_par' dir='ltr' id='par_1_2' title="bbox 203 594 1348 681">
     <span class='ocr_line' id='line_1_2' title="bbox 203 594 1348 681; baseline 0.002 -22"><span class='ocrx_word' id='word_1_7' title='bbox 203 594 266 660; x_wconf 86' lang='grc' dir='ltr'><strong><em>4τὰ</em></strong></span> <span class='ocrx_word' id='word_1_8' title='bbox 289 598 420 679; x_wconf 84' lang='grc' dir='ltr'><strong><em>θέατρα,</em></strong></span> <span class='ocrx_word' id='word_1_9' title='bbox 452 597 530 660; x_wconf 89' lang='grc' dir='ltr'><strong><em>ἀλλὰ</em></strong></span> <span class='ocrx_word' id='word_1_10' title='bbox 559 599 665 679; x_wconf 75' lang='grc' dir='ltr'><strong><em>μέντοι</em></strong></span> <span class='ocrx_word' id='word_1_11' title='bbox 691 596 745 661; x_wconf 83' lang='grc' dir='ltr'><strong><em>καὶ</em></strong></span> <span class='ocrx_word' id='word_1_12' title='bbox 767 597 838 679; x_wconf 83' lang='grc' dir='ltr'><strong><em>περὶ</em></strong></span> <span class='ocrx_word' id='word_1_13' title='bbox 860 596 897 661; x_wconf 88' lang='grc' dir='ltr'><strong><em>τὰ</em></strong></span> <span class='ocrx_word' id='word_1_14' title='bbox 920 598 1096 681; x_wconf 77' lang='grc' dir='ltr'><em>κυνηγέσω.</em></span> <span class='ocrx_word' id='word_1_15' title='bbox 1141 596 1182 680; x_wconf 85' lang='grc' dir='ltr'><strong><em>ἦν</em></strong></span> <span class='ocrx_word' id='word_1_16' title='bbox 1205 594 1232 661; x_wconf 86' lang='grc' dir='ltr'><strong><em>θ’</em></strong></span> <span class='ocrx_word' id='word_1_17' title='bbox 1257 598 1348 679; x_wconf 85' lang='grc' dir='ltr'><strong><em>εὐμε-</em></strong></span> 
     </span>
    </p>

    <p class='ocr_par' dir='ltr' id='par_1_3' title="bbox 196 700 1349 989">
     <span class='ocr_line' id='line_1_3' title="bbox 196 700 1348 784; baseline 0.001 -22"><span class='ocrx_word' id='word_1_18' title='bbox 196 702 329 783; x_wconf 81' lang='grc' dir='ltr'><strong><em>Βγέθης</em></strong></span> <span class='ocrx_word' id='word_1_19' title='bbox 348 702 409 784; x_wconf 85' lang='grc' dir='ltr'><strong><em>μὲν</em></strong></span> <span class='ocrx_word' id='word_1_20' title='bbox 429 701 484 764; x_wconf 89' lang='grc' dir='ltr'><strong><em>τὸν</em></strong></span> <span class='ocrx_word' id='word_1_21' title='bbox 507 702 606 783; x_wconf 91' lang='grc' dir='ltr'><strong><em>ὄγκον</em></strong></span> <span class='ocrx_word' id='word_1_22' title='bbox 627 707 683 766; x_wconf 88' lang='grc' dir='ltr'><strong><em>τοῦ</em></strong></span> <span class='ocrx_word' id='word_1_23' title='bbox 707 702 855 783; x_wconf 87' lang='grc' dir='ltr'><strong><em>σώματος</em></strong></span> <span class='ocrx_word' id='word_1_24' title='bbox 873 700 926 765; x_wconf 79' lang='grc' dir='ltr'><strong><em>καί</em></strong></span> <span class='ocrx_word' id='word_1_25' title='bbox 940 701 997 784; x_wconf 81' lang='grc' dir='ltr'><strong><em>τὴν</em></strong></span> <span class='ocrx_word' id='word_1_26' title='bbox 1012 700 1111 783; x_wconf 80' lang='grc' dir='ltr'><strong><em>ἀλκὴν</em></strong></span> <span class='ocrx_word' id='word_1_27' title='bbox 1126 700 1348 784; x_wconf 81' lang='grc' dir='ltr'><strong><em>γενναιότατος,</em></strong></span> 
     </span>
     <span class='ocr_line' id='line_1_4' title="bbox 231 802 1348 887; baseline -0.001 -20"><span class='ocrx_word' id='word_1_28' title='bbox 231 804 331 875; x_wconf 86' lang='grc' dir='ltr'><strong><em>ἀειλός</em></strong></span> <span class='ocrx_word' id='word_1_29' title='bbox 354 803 389 868; x_wconf 80' lang='grc' dir='ltr'><strong><em>ἀὲ</em></strong></span> <span class='ocrx_word' id='word_1_30' title='bbox 410 803 467 886; x_wconf 86' lang='grc' dir='ltr'><strong><em>τὴν</em></strong></span> <span class='ocrx_word' id='word_1_31' title='bbox 493 806 556 878; x_wconf 77' lang='grc' dir='ltr'><strong><em>ἕξιν</em></strong></span> <span class='ocrx_word' id='word_1_32' title='bbox 582 802 639 886; x_wconf 83' lang='grc' dir='ltr'><strong><em>τὴν</em></strong></span> <span class='ocrx_word' id='word_1_33' title='bbox 665 806 816 887; x_wconf 83' lang='grc' dir='ltr'><strong><em>ψυχικήν,</em></strong></span> <span class='ocrx_word' id='word_1_34' title='bbox 849 804 927 867; x_wconf 89' lang='grc' dir='ltr'><strong><em>ὅθεν</em></strong></span> <span class='ocrx_word' id='word_1_35' title='bbox 958 804 1033 867; x_wconf 67' lang='lat' dir='ltr'><strong>otti</strong></span> <span class='ocrx_word' id='word_1_36' title='bbox 1063 804 1212 886; x_wconf 77' lang='grc' dir='ltr'><strong><em>πολέμοις</em></strong></span> <span class='ocrx_word' id='word_1_37' title='bbox 1238 826 1348 867; x_wconf 89' lang='grc' dir='ltr'><strong><em>κατευ-</em></strong></span> 
     </span>
     <span class='ocr_line' id='line_1_5' title="bbox 229 906 1349 989; baseline 0 -21"><span class='ocrx_word' id='word_1_38' title='bbox 229 906 332 980; x_wconf 85' lang='grc' dir='ltr'><strong><em>νάζειν</em></strong></span> <span class='ocrx_word' id='word_1_39' title='bbox 363 908 465 989; x_wconf 83' lang='grc' dir='ltr'><strong><em>ἔκρινε</em></strong></span> <span class='ocrx_word' id='word_1_40' title='bbox 495 906 551 977; x_wconf 83' lang='grc' dir='ltr'><strong><em>τὰς</em></strong></span> <span class='ocrx_word' id='word_1_41' title='bbox 578 912 643 970; x_wconf 85' lang='grc' dir='ltr'><strong><em>τῶν</em></strong></span> <span class='ocrx_word' id='word_1_42' title='bbox 668 908 845 989; x_wconf 79' lang='grc' dir='ltr'><strong><em>βαρβάρων</em></strong></span> <span class='ocrx_word' id='word_1_43' title='bbox 868 908 981 989; x_wconf 84' lang='grc' dir='ltr'><strong><em>ὁρμάς,</em></strong></span> <span class='ocrx_word' id='word_1_44' title='bbox 1015 908 1151 989; x_wconf 76' lang='grc' dir='ltr'><em>δωρεαῖς</em></span> <span class='ocrx_word' id='word_1_45' title='bbox 1174 906 1208 971; x_wconf 83' lang='grc' dir='ltr'><strong><em>όὲ</em></strong></span> <span class='ocrx_word' id='word_1_46' title='bbox 1229 906 1349 988; x_wconf 88' lang='grc' dir='ltr'><strong><em>μᾶλλον</em></strong></span> 
     </span>
    </p>

    <p class='ocr_par' dir='ltr' id='par_1_4' title="bbox 203 1006 1521 1401">
     <span class='ocr_line' id='line_1_6' title="bbox 203 1006 1521 1092; baseline 0.001 -23"><span class='ocrx_word' id='word_1_47' title='bbox 203 1008 285 1072; x_wconf 71' lang='grc' dir='ltr'><strong><em>ὅκα)</em></strong></span> <span class='ocrx_word' id='word_1_48' title='bbox 307 1009 471 1092; x_wconf 81' lang='grc' dir='ltr'><strong><em>ἀξιώμασι.</em></strong></span> <span class='ocrx_word' id='word_1_49' title='bbox 516 1008 589 1081; x_wconf 84' lang='grc' dir='ltr'><strong><em>τοὺς</em></strong></span> <span class='ocrx_word' id='word_1_50' title='bbox 613 1007 641 1073; x_wconf 83' lang='grc' dir='ltr'><strong><em>θ’</em></strong></span> <span class='ocrx_word' id='word_1_51' title='bbox 665 1010 830 1092; x_wconf 82' lang='grc' dir='ltr'><strong><em>ὑπηκόους</em></strong></span> <span class='ocrx_word' id='word_1_52' title='bbox 853 1010 907 1073; x_wconf 88' lang='grc' dir='ltr'><strong><em>καὶ</em></strong></span> <span class='ocrx_word' id='word_1_53' title='bbox 930 1008 965 1074; x_wconf 75' lang='grc' dir='ltr'><strong><em>ἐκ</em></strong></span> <span class='ocrx_word' id='word_1_54' title='bbox 988 1011 1082 1092; x_wconf 82' lang='grc' dir='ltr'><strong><em>ψιλῆς</em></strong></span> <span class='ocrx_word' id='word_1_55' title='bbox 1103 1010 1254 1079; x_wconf 77' lang='grc' dir='ltr'><strong><em>ὑπονοίας</em></strong></span> <span class='ocrx_word' id='word_1_56' title='bbox 1277 1006 1385 1073; x_wconf 66' lang='lat' dir='ltr'><strong>tna-D</strong></span> <span class='ocrx_word' id='word_1_57' title='bbox 1401 1006 1444 1061; x_wconf 86' lang='lat' dir='ltr'><strong><em>IV</em></strong></span> <span class='ocrx_word' id='word_1_58' title='bbox 1461 1010 1521 1062; x_wconf 73' lang='lat'><strong><em>128</em></strong></span> 
     </span>
     <span class='ocr_line' id='line_1_7' title="bbox 230 1110 1349 1196; baseline 0 -23"><span class='ocrx_word' id='word_1_59' title='bbox 230 1111 304 1185; x_wconf 87' lang='grc' dir='ltr'><strong><em>λαζε</em></strong></span> <span class='ocrx_word' id='word_1_60' title='bbox 331 1112 385 1175; x_wconf 85' lang='grc' dir='ltr'><strong><em>καί</em></strong></span> <span class='ocrx_word' id='word_1_61' title='bbox 412 1112 571 1195; x_wconf 75' lang='grc' dir='ltr'><strong><em>διαβολαῖς</em></strong></span> <span class='ocrx_word' id='word_1_62' title='bbox 598 1112 719 1195; x_wconf 80' lang='grc' dir='ltr'><strong><em>ῥηόίως</em></strong></span> <span class='ocrx_word' id='word_1_63' title='bbox 746 1113 853 1196; x_wconf 86' lang='grc' dir='ltr'><strong><em>ὑπεῖχε</em></strong></span> <span class='ocrx_word' id='word_1_64' title='bbox 879 1111 914 1175; x_wconf 86' lang='grc' dir='ltr'><strong><em>τὸ</em></strong></span> <span class='ocrx_word' id='word_1_65' title='bbox 947 1110 1012 1185; x_wconf 78' lang='grc' dir='ltr'><strong><em>οὖς,</em></strong></span> <span class='ocrx_word' id='word_1_66' title='bbox 1044 1112 1098 1175; x_wconf 83' lang='grc' dir='ltr'><strong><em>καί</em></strong></span> <span class='ocrx_word' id='word_1_67' title='bbox 1128 1111 1211 1194; x_wconf 88' lang='grc' dir='ltr'><strong><em>πρὸς</em></strong></span> <span class='ocrx_word' id='word_1_68' title='bbox 1241 1110 1349 1193; x_wconf 89' lang='grc' dir='ltr'><strong><em>θυμόν</em></strong></span> 
     </span>
     <span class='ocr_line' id='line_1_8' title="bbox 230 1209 1348 1298; baseline -0.001 -20"><span class='ocrx_word' id='word_1_69' title='bbox 230 1216 371 1298; x_wconf 81' lang='grc' dir='ltr'><strong><em>ὑπῆρχεν</em></strong></span> <span class='ocrx_word' id='word_1_70' title='bbox 393 1215 582 1297; x_wconf 85' lang='grc' dir='ltr'><strong><em>ὀξύρροπος,</em></strong></span> <span class='ocrx_word' id='word_1_71' title='bbox 606 1215 645 1279; x_wconf 89' lang='grc' dir='ltr'><strong><em>οὑ</em></strong></span> <span class='ocrx_word' id='word_1_72' title='bbox 667 1213 748 1278; x_wconf 88' lang='grc' dir='ltr'><strong><em>κατὰ</em></strong></span> <span class='ocrx_word' id='word_1_73' title='bbox 771 1214 825 1278; x_wconf 87' lang='grc' dir='ltr'><strong><em>τὸν</em></strong></span> <span class='ocrx_word' id='word_1_74' title='bbox 848 1214 986 1298; x_wconf 77' lang='grc' dir='ltr'><strong><em>ἀδελφὸν</em></strong></span> <span class='ocrx_word' id='word_1_75' title='bbox 1009 1210 1037 1279; x_wconf 89' lang='grc' dir='ltr'><strong><em>ό’</em></strong></span> <span class='ocrx_word' id='word_1_76' title='bbox 1063 1214 1183 1297; x_wconf 77' lang='grc' dir='ltr'><strong><em>ίμηνίο,</em></strong></span> <span class='ocrx_word' id='word_1_77' title='bbox 1206 1209 1275 1277; x_wconf 83' lang='grc' dir='ltr'><strong><em>οὐθ’</em></strong></span> <span class='ocrx_word' id='word_1_78' title='bbox 1300 1214 1348 1277; x_wconf 79' lang='grc' dir='ltr'><strong><em>ίν-</em></strong></span> 
     </span>
     <span class='ocr_line' id='line_1_9' title="bbox 231 1316 1348 1401; baseline -0.002 -21"><span class='ocrx_word' id='word_1_79' title='bbox 231 1318 321 1399; x_wconf 81' lang='grc' dir='ltr'><strong><em>έμενε</em></strong></span> <span class='ocrx_word' id='word_1_80' title='bbox 342 1323 380 1400; x_wconf 83' lang='grc' dir='ltr'><strong><em>τῇ</em></strong></span> <span class='ocrx_word' id='word_1_81' title='bbox 403 1317 492 1400; x_wconf 80' lang='grc' dir='ltr'><strong><em>ἀργῇ,</em></strong></span> <span class='ocrx_word' id='word_1_82' title='bbox 516 1316 594 1380; x_wconf 84' lang='grc' dir='ltr'><strong><em>ἀλλὰ</em></strong></span> <span class='ocrx_word' id='word_1_83' title='bbox 617 1318 697 1400; x_wconf 83' lang='grc' dir='ltr'><strong><em>ῥᾷον</em></strong></span> <span class='ocrx_word' id='word_1_84' title='bbox 720 1319 763 1387; x_wconf 82' lang='grc' dir='ltr'><strong><em>είς</em></strong></span> <span class='ocrx_word' id='word_1_85' title='bbox 785 1317 841 1401; x_wconf 82' lang='grc' dir='ltr'><strong><em>τὴν</em></strong></span> <span class='ocrx_word' id='word_1_86' title='bbox 863 1318 1051 1399; x_wconf 79' lang='grc' dir='ltr'><strong><em>ἀντίρροπον</em></strong></span> <span class='ocrx_word' id='word_1_87' title='bbox 1074 1316 1214 1380; x_wconf 86' lang='grc' dir='ltr'><strong><em>όιάθεσιν</em></strong></span> <span class='ocrx_word' id='word_1_88' title='bbox 1235 1316 1348 1398; x_wconf 87' lang='grc' dir='ltr'><strong><em>μετετί-</em></strong></span> 
     </span>
    </p>

    <p class='ocr_par' dir='ltr' id='par_1_5' title="bbox 204 1418 1394 1913">
     <span class='ocr_line' id='line_1_10' title="bbox 204 1418 1348 1506; baseline 0.002 -27"><span class='ocrx_word' id='word_1_89' title='bbox 204 1420 306 1482; x_wconf 87' lang='grc' dir='ltr'><strong><em>6θετο</em></strong></span> <span class='ocrx_word' id='word_1_90' title='bbox 329 1420 383 1483; x_wconf 83' lang='grc' dir='ltr'><strong><em>καί</em></strong></span> <span class='ocrx_word' id='word_1_91' title='bbox 404 1421 512 1503; x_wconf 71' lang='grc' dir='ltr'><strong><em>ἠνιᾶτο</em></strong></span> <span class='ocrx_word' id='word_1_92' title='bbox 534 1424 645 1491; x_wconf 88' lang='grc' dir='ltr'><strong><em>κακῶς</em></strong></span> <span class='ocrx_word' id='word_1_93' title='bbox 664 1444 730 1482; x_wconf 90' lang='grc' dir='ltr'><strong><em>τινα</em></strong></span> <span class='ocrx_word' id='word_1_94' title='bbox 740 1420 944 1506; x_wconf 43' lang='grc' dir='ltr'><strong><em>,διαθέμενος</em></strong></span> <span class='ocrx_word' id='word_1_95' title='bbox 990 1418 1125 1489; x_wconf 87' lang='grc' dir='ltr'><strong><em>πολλοὺς</em></strong></span> <span class='ocrx_word' id='word_1_96' title='bbox 1141 1418 1176 1483; x_wconf 84' lang='grc' dir='ltr'><strong><em>όὲ</em></strong></span> <span class='ocrx_word' id='word_1_97' title='bbox 1190 1418 1348 1501; x_wconf 84' lang='grc' dir='ltr'><strong><em>τιμωρού-</em></strong></span> 
     </span>
     <span class='ocr_line' id='line_1_11' title="bbox 229 1518 1394 1605; baseline -0.003 -20"><span class='ocrx_word' id='word_1_98' title='bbox 229 1545 326 1604; x_wconf 85' lang='grc' dir='ltr'><strong><em>μενος</em></strong></span> <span class='ocrx_word' id='word_1_99' title='bbox 347 1528 402 1586; x_wconf 86' lang='grc' dir='ltr'><strong><em>τοῦ</em></strong></span> <span class='ocrx_word' id='word_1_100' title='bbox 431 1520 540 1605; x_wconf 78' lang='grc' dir='ltr'><strong><em>φωτός</em></strong></span> <span class='ocrx_word' id='word_1_101' title='bbox 569 1523 682 1604; x_wconf 76' lang='grc' dir='ltr'><strong><em>ἕστέρει</em></strong></span> <span class='ocrx_word' id='word_1_102' title='bbox 710 1521 783 1593; x_wconf 81' lang='grc' dir='ltr'><strong><em>τοὺς</em></strong></span> <span class='ocrx_word' id='word_1_103' title='bbox 813 1522 966 1604; x_wconf 82' lang='grc' dir='ltr'><strong><em>πλείονας,</em></strong></span> <span class='ocrx_word' id='word_1_104' title='bbox 1000 1523 1165 1586; x_wconf 74' lang='grc' dir='ltr'><strong><em>ἐκκόπτων</em></strong></span> <span class='ocrx_word' id='word_1_105' title='bbox 1197 1522 1281 1603; x_wconf 75' lang='grc' dir='ltr'><strong><em>σφίσι</em></strong></span> <span class='ocrx_word' id='word_1_106' title='bbox 1312 1518 1348 1583; x_wconf 88' lang='grc' dir='ltr'><strong><em>τὰ</em></strong></span> <span class='ocrx_word' id='word_1_107' title='bbox 1361 1521 1394 1575; x_wconf 88' lang='grc'><strong><em>10</em></strong></span> 
     </span>
     <span class='ocr_line' id='line_1_12' title="bbox 231 1623 1349 1708; baseline -0.002 -20"><span class='ocrx_word' id='word_1_108' title='bbox 231 1626 368 1707; x_wconf 84' lang='grc' dir='ltr'><strong><em>ὄμματα,</em></strong></span> <span class='ocrx_word' id='word_1_109' title='bbox 392 1623 446 1688; x_wconf 85' lang='grc' dir='ltr'><strong><em>καλ</em></strong></span> <span class='ocrx_word' id='word_1_110' title='bbox 469 1626 668 1707; x_wconf 80' lang='grc' dir='ltr'><strong><em>κουφοτέραν</em></strong></span> <span class='ocrx_word' id='word_1_111' title='bbox 689 1629 754 1688; x_wconf 81' lang='grc' dir='ltr'><strong><em>τῶν</em></strong></span> <span class='ocrx_word' id='word_1_112' title='bbox 777 1625 881 1688; x_wconf 88' lang='grc' dir='ltr'><strong><em>ἀλλων</em></strong></span> <span class='ocrx_word' id='word_1_113' title='bbox 903 1626 1017 1707; x_wconf 85' lang='grc' dir='ltr'><strong><em>ταύτην</em></strong></span> <span class='ocrx_word' id='word_1_114' title='bbox 1034 1624 1090 1708; x_wconf 86' lang='grc' dir='ltr'><strong><em>τὴν</em></strong></span> <span class='ocrx_word' id='word_1_115' title='bbox 1105 1624 1233 1688; x_wconf 87' lang='grc' dir='ltr'><strong><em>κόλασιν</em></strong></span> <span class='ocrx_word' id='word_1_116' title='bbox 1248 1624 1349 1705; x_wconf 79' lang='grc' dir='ltr'><strong><em>ἔκρινε</em></strong></span> 
     </span>
     <span class='ocr_line' id='line_1_13' title="bbox 230 1726 1348 1811; baseline -0.003 -20"><span class='ocrx_word' id='word_1_117' title='bbox 230 1726 284 1791; x_wconf 81' lang='grc' dir='ltr'><strong><em>καί</em></strong></span> <span class='ocrx_word' id='word_1_118' title='bbox 306 1728 401 1810; x_wconf 82' lang='grc' dir='ltr'><strong><em>ταύτῃ</em></strong></span> <span class='ocrx_word' id='word_1_119' title='bbox 425 1728 575 1810; x_wconf 74' lang='grc' dir='ltr'><strong><em>ἐκέχρητο</em></strong></span> <span class='ocrx_word' id='word_1_120' title='bbox 597 1728 798 1810; x_wconf 57' lang='lat' dir='ltr'><strong>petronate</strong></span> <span class='ocrx_word' id='word_1_121' title='bbox 820 1726 1002 1811; x_wconf 78' lang='grc' dir='ltr'><strong><em>ἀπράκτους</em></strong></span> <span class='ocrx_word' id='word_1_122' title='bbox 1016 1728 1150 1810; x_wconf 79' lang='grc' dir='ltr'><strong><em>ποιούσῃ</em></strong></span> <span class='ocrx_word' id='word_1_123' title='bbox 1166 1726 1238 1797; x_wconf 87' lang='grc' dir='ltr'><strong><em>τοὺς</em></strong></span> <span class='ocrx_word' id='word_1_124' title='bbox 1253 1749 1348 1790; x_wconf 90' lang='grc' dir='ltr'><strong><em>κατα-</em></strong></span> 
     </span>
     <span class='ocr_line' id='line_1_14' title="bbox 232 1828 571 1913; baseline 0.003 -21"><span class='ocrx_word' id='word_1_125' title='bbox 232 1828 460 1911; x_wconf 78' lang='grc' dir='ltr'><strong><em>όικαζομένους</em></strong></span> <span class='ocrx_word' id='word_1_126' title='bbox 482 1831 571 1913; x_wconf 81' lang='grc' dir='ltr'><strong><em>αὐτῇ.</em></strong></span> 
     </span>
    </p>

    <p class='ocr_par' dir='ltr' id='par_1_6' title="bbox 163 1930 1348 2015">
     <span class='ocr_line' id='line_1_15' title="bbox 163 1930 1348 2015; baseline 0 -22"><span class='ocrx_word' id='word_1_127' title='bbox 163 1936 221 1993; x_wconf 74' lang='lat' dir='ltr'><strong><em>ct</em></strong></span> <span class='ocrx_word' id='word_1_128' title='bbox 319 1932 353 1994; x_wconf 93' lang='grc' dir='ltr'>Γ</span> <span class='ocrx_word' id='word_1_129' title='bbox 348 1932 451 1995; x_wconf 84' lang='grc' dir='ltr'><strong><em>υναικὶ</em></strong></span> <span class='ocrx_word' id='word_1_130' title='bbox 474 1933 508 1996; x_wconf 78' lang='grc' dir='ltr'><strong><em>ἀὲ</em></strong></span> <span class='ocrx_word' id='word_1_131' title='bbox 530 1934 602 2003; x_wconf 84' lang='grc' dir='ltr'><strong><em>νίας</em></strong></span> <span class='ocrx_word' id='word_1_132' title='bbox 623 1934 671 1997; x_wconf 81' lang='grc' dir='ltr'><strong><em>ὢν</em></strong></span> <span class='ocrx_word' id='word_1_133' title='bbox 693 1932 835 2015; x_wconf 77' lang='grc' dir='ltr'><strong><em>συζυγεὶς</em></strong></span> <span class='ocrx_word' id='word_1_134' title='bbox 848 1932 957 2015; x_wconf 81' lang='grc' dir='ltr'><strong><em>Ἑλένη</em></strong></span> <span class='ocrx_word' id='word_1_135' title='bbox 980 1938 1017 2014; x_wconf 80' lang='grc' dir='ltr'><strong><em>τῇ</em></strong></span> <span class='ocrx_word' id='word_1_136' title='bbox 1040 1930 1174 2014; x_wconf 80' lang='grc' dir='ltr'><strong><em>θυγατρί</em></strong></span> <span class='ocrx_word' id='word_1_137' title='bbox 1191 1930 1348 2006; x_wconf 83' lang='grc' dir='ltr'><strong><em>Ἀλυπίου,</em></strong></span> 
     </span>
    </p>

    <p class='ocr_par' dir='ltr' id='par_1_7' title="bbox 231 2032 1394 2220">
     <span class='ocr_line' id='line_1_16' title="bbox 231 2032 1394 2118; baseline 0.002 -21"><span class='ocrx_word' id='word_1_138' title='bbox 231 2032 348 2116; x_wconf 88' lang='grc' dir='ltr'><strong><em>ἀνόρός</em></strong></span> <span class='ocrx_word' id='word_1_139' title='bbox 370 2038 434 2097; x_wconf 84' lang='grc' dir='ltr'><strong><em>τῶν</em></strong></span> <span class='ocrx_word' id='word_1_140' title='bbox 456 2034 535 2115; x_wconf 84' lang='grc' dir='ltr'><strong><em>ὑπὲρ</em></strong></span> <span class='ocrx_word' id='word_1_141' title='bbox 558 2035 626 2097; x_wconf 84' lang='grc' dir='ltr'><strong><em>λίαν</em></strong></span> <span class='ocrx_word' id='word_1_142' title='bbox 647 2033 715 2097; x_wconf 87' lang='grc' dir='ltr'><strong><em>τότε</em></strong></span> <span class='ocrx_word' id='word_1_143' title='bbox 740 2036 957 2118; x_wconf 78' lang='grc' dir='ltr'><strong><em>τυγχάνοντος,</em></strong></span> <span class='ocrx_word' id='word_1_144' title='bbox 988 2035 1057 2117; x_wconf 83' lang='grc' dir='ltr'><strong><em>τρία</em></strong></span> <span class='ocrx_word' id='word_1_145' title='bbox 1081 2036 1115 2108; x_wconf 78' lang='grc' dir='ltr'><strong><em>ἐξ</em></strong></span> <span class='ocrx_word' id='word_1_146' title='bbox 1137 2034 1257 2117; x_wconf 79' lang='grc' dir='ltr'><strong><em>ἐκείνης</em></strong></span> <span class='ocrx_word' id='word_1_147' title='bbox 1278 2034 1349 2116; x_wconf 79' lang='grc' dir='ltr'><strong><em>ἔσχε</em></strong></span> <span class='ocrx_word' id='word_1_148' title='bbox 1362 2044 1394 2099; x_wconf 88' lang='grc'><strong><em>15</em></strong></span> 
     </span>
     <span class='ocr_line' id='line_1_17' title="bbox 231 2136 1350 2220; baseline 0.001 -21"><span class='ocrx_word' id='word_1_149' title='bbox 231 2137 401 2218; x_wconf 87' lang='grc' dir='ltr'><strong><em>θυγάτρια·</em></strong></span> <span class='ocrx_word' id='word_1_150' title='bbox 434 2136 488 2200; x_wconf 81' lang='grc' dir='ltr'><strong><em>καὶ</em></strong></span> <span class='ocrx_word' id='word_1_151' title='bbox 509 2137 566 2219; x_wconf 80' lang='grc' dir='ltr'><strong><em>τὴν</em></strong></span> <span class='ocrx_word' id='word_1_152' title='bbox 586 2137 646 2218; x_wconf 84' lang='grc' dir='ltr'><strong><em>μὲν</em></strong></span> <span class='ocrx_word' id='word_1_153' title='bbox 668 2138 800 2220; x_wconf 86' lang='grc' dir='ltr'><strong><em>θανάτῳ</em></strong></span> <span class='ocrx_word' id='word_1_154' title='bbox 823 2138 986 2219; x_wconf 73' lang='grc' dir='ltr'><strong><em>ἀπέβαλεν,</em></strong></span> <span class='ocrx_word' id='word_1_155' title='bbox 1019 2138 1051 2200; x_wconf 82' lang='grc' dir='ltr'><strong><em>αἱ</em></strong></span> <span class='ocrx_word' id='word_1_156' title='bbox 1074 2137 1109 2201; x_wconf 79' lang='grc' dir='ltr'><strong><em>όὲ</em></strong></span> <span class='ocrx_word' id='word_1_157' title='bbox 1130 2138 1240 2207; x_wconf 89' lang='grc' dir='ltr'><strong><em>παῖόες</em></strong></span> <span class='ocrx_word' id='word_1_158' title='bbox 1262 2138 1350 2218; x_wconf 81' lang='grc' dir='ltr'><strong><em>αὐτῷ</em></strong></span> 
     </span>
    </p>

    <p class='ocr_par' dir='ltr' id='par_1_8' title="bbox 205 2237 1350 2427">
     <span class='ocr_line' id='line_1_18' title="bbox 205 2237 1349 2323; baseline 0.004 -26"><span class='ocrx_word' id='word_1_159' title='bbox 205 2241 265 2303; x_wconf 68' lang='lat' dir='ltr'><strong>iliu</strong></span> <span class='ocrx_word' id='word_1_160' title='bbox 296 2246 360 2310; x_wconf 87' lang='grc' dir='ltr'><strong><em>τοῖς</em></strong></span> <span class='ocrx_word' id='word_1_161' title='bbox 390 2240 555 2323; x_wconf 76' lang='grc' dir='ltr'><strong><em>βασιλείοις</em></strong></span> <span class='ocrx_word' id='word_1_162' title='bbox 586 2239 666 2322; x_wconf 84' lang='grc' dir='ltr'><strong><em>ἦσαν</em></strong></span> <span class='ocrx_word' id='word_1_163' title='bbox 697 2240 894 2323; x_wconf 79' lang='grc' dir='ltr'><strong><em>τρεφόμενοι.</em></strong></span> <span class='ocrx_word' id='word_1_164' title='bbox 940 2237 988 2303; x_wconf 84' lang='grc' dir='ltr'><strong><em>ὧν</em></strong></span> <span class='ocrx_word' id='word_1_165' title='bbox 1016 2242 1035 2322; x_wconf 82' lang='grc' dir='ltr'><em>ἡ</em></span> <span class='ocrx_word' id='word_1_166' title='bbox 1064 2237 1123 2321; x_wconf 85' lang='grc' dir='ltr'><strong><em>μὲν</em></strong></span> <span class='ocrx_word' id='word_1_167' title='bbox 1154 2240 1349 2322; x_wconf 80' lang='grc' dir='ltr'><strong><em>πρεσβυτέρα</em></strong></span> 
     </span>
     <span class='ocr_line' id='line_1_19' title="bbox 234 2342 1350 2427; baseline -0.001 -22"><span class='ocrx_word' id='word_1_168' title='bbox 234 2342 374 2406; x_wconf 81' lang='grc' dir='ltr'><strong><em>Εὑόσκία</em></strong></span> <span class='ocrx_word' id='word_1_169' title='bbox 401 2342 536 2426; x_wconf 83' lang='grc' dir='ltr'><strong><em>λοιμικῴ</em></strong></span> <span class='ocrx_word' id='word_1_170' title='bbox 556 2342 592 2407; x_wconf 85' lang='grc' dir='ltr'><strong><em>τό</em></strong></span> <span class='ocrx_word' id='word_1_171' title='bbox 615 2342 730 2414; x_wconf 87' lang='grc' dir='ltr'><strong><em>κάλλος</em></strong></span> <span class='ocrx_word' id='word_1_172' title='bbox 751 2343 934 2427; x_wconf 73' lang='grc' dir='ltr'><strong><em>λωβηθεῖσα</em></strong></span> <span class='ocrx_word' id='word_1_173' title='bbox 957 2342 1108 2426; x_wconf 79' lang='grc' dir='ltr'><strong><em>νοσήματι</em></strong></span> <span class='ocrx_word' id='word_1_174' title='bbox 1131 2342 1283 2425; x_wconf 77' lang='grc' dir='ltr'><strong><em>θελήματι</em></strong></span> <span class='ocrx_word' id='word_1_175' title='bbox 1304 2347 1350 2426; x_wconf 80' lang='grc' dir='ltr'><strong><em>τῷ</em></strong></span> 
     </span>
    </p>
   </div>
   <div class='ocr_carea' id='block_1_3' title="bbox 205 2445 1348 2530">
    <p class='ocr_par' dir='ltr' id='par_1_9' title="bbox 205 2445 1348 2530">
     <span class='ocr_line' id='line_1_20' title="bbox 205 2445 1348 2530; baseline 0.002 -25"><span class='ocrx_word' id='word_1_176' title='bbox 205 2446 301 2527; x_wconf 83' lang='grc' dir='ltr'><strong><em>9θεῴ</em></strong></span> <span class='ocrx_word' id='word_1_177' title='bbox 324 2446 517 2528; x_wconf 81' lang='grc' dir='ltr'><strong><em>καθιέρωτο·</em></strong></span> <span class='ocrx_word' id='word_1_178' title='bbox 542 2448 576 2509; x_wconf 82' lang='grc' dir='ltr'><strong><em>αί</em></strong></span> <span class='ocrx_word' id='word_1_179' title='bbox 598 2447 634 2511; x_wconf 78' lang='grc' dir='ltr'><strong><em>δέ</em></strong></span> <span class='ocrx_word' id='word_1_180' title='bbox 656 2471 690 2530; x_wconf 89' lang='grc' dir='ltr'><strong><em>γε</em></strong></span> <span class='ocrx_word' id='word_1_181' title='bbox 712 2447 816 2510; x_wconf 83' lang='grc' dir='ltr'><strong><em>λοιπαί</em></strong></span> <span class='ocrx_word' id='word_1_182' title='bbox 839 2445 919 2530; x_wconf 81' lang='grc' dir='ltr'><strong><em>ἦσαν</em></strong></span> <span class='ocrx_word' id='word_1_183' title='bbox 940 2445 1028 2528; x_wconf 85' lang='grc' dir='ltr'><strong><em>παρὰ</em></strong></span> <span class='ocrx_word' id='word_1_184' title='bbox 1050 2453 1097 2530; x_wconf 76' lang='grc' dir='ltr'><strong><em>τῷ</em></strong></span> <span class='ocrx_word' id='word_1_185' title='bbox 1118 2445 1212 2528; x_wconf 85' lang='grc' dir='ltr'><strong><em>πατρί</em></strong></span> <span class='ocrx_word' id='word_1_186' title='bbox 1234 2445 1348 2527; x_wconf 80' lang='grc' dir='ltr'><strong><em>αὑταρ·</em></strong></span> 
     </span>
    </p>
   </div>
   <div class='ocr_carea' id='block_1_4' title="bbox 232 2646 1349 2791">
    <p class='ocr_par' dir='ltr' id='par_1_10' title="bbox 232 2646 1349 2791">
     <span class='ocr_line' id='line_1_21' title="bbox 233 2646 1349 2719; baseline -0.001 -18"><span class='ocrx_word' id='word_1_187' title='bbox 233 2647 267 2701; x_wconf 85' lang='grc'><strong><em>14</em></strong></span> <span class='ocrx_word' id='word_1_188' title='bbox 284 2648 344 2717; x_wconf 78' lang='grc' dir='ltr'><strong><em>περὶ</em></strong></span> <span class='ocrx_word' id='word_1_189' title='bbox 362 2655 416 2702; x_wconf 84' lang='grc' dir='ltr'><strong><em>τῶν</em></strong></span> <span class='ocrx_word' id='word_1_190' title='bbox 433 2650 588 2717; x_wconf 80' lang='grc' dir='ltr'><strong><em>θυγατέρων</em></strong></span> <span class='ocrx_word' id='word_1_191' title='bbox 606 2657 652 2704; x_wconf 86' lang='grc' dir='ltr'><strong><em>τοὺ</em></strong></span> <span class='ocrx_word' id='word_1_192' title='bbox 670 2651 799 2719; x_wconf 77' lang='grc' dir='ltr'><strong><em>βασιλέως</em></strong></span> <span class='ocrx_word' id='word_1_193' title='bbox 818 2650 1019 2704; x_wconf 78' lang='grc' dir='ltr'><strong><em>Κωνσταντίνου</em></strong></span> <span class='ocrx_word' id='word_1_194' title='bbox 1039 2649 1108 2718; x_wconf 83' lang='lat' dir='ltr'><strong>(om.</strong></span> <span class='ocrx_word' id='word_1_195' title='bbox 1120 2646 1153 2713; x_wconf 82' lang='lat' dir='ltr'><strong><em>C)</em></strong></span> <span class='ocrx_word' id='word_1_196' title='bbox 1172 2649 1218 2703; x_wconf 76' lang='grc' dir='ltr'><strong><em>κατ’</em></strong></span> <span class='ocrx_word' id='word_1_197' title='bbox 1237 2655 1290 2702; x_wconf 85' lang='grc' dir='ltr'><strong><em>τῶν</em></strong></span> <span class='ocrx_word' id='word_1_198' title='bbox 1307 2647 1349 2701; x_wconf 76' lang='grc' dir='ltr'><strong><em>ἐκ·</em></strong></span> 
     </span>
     <span class='ocr_line' id='line_1_22' title="bbox 232 2720 901 2791; baseline 0.003 -18"><span class='ocrx_word' id='word_1_199' title='bbox 232 2725 332 2788; x_wconf 82' lang='grc' dir='ltr'><strong><em>ταμιῶν</em></strong></span> <span class='ocrx_word' id='word_1_200' title='bbox 349 2720 491 2788; x_wconf 69' lang='lat' dir='ltr'><strong>(inopum</strong></span> <span class='ocrx_word' id='word_1_201' title='bbox 509 2720 545 2785; x_wconf 86' lang='grc' dir='ltr'><strong><em>Ε)</em></strong></span> <span class='ocrx_word' id='word_1_202' title='bbox 563 2721 643 2776; x_wconf 84' lang='grc' dir='ltr'><strong><em>αὑτοῦ</em></strong></span> <span class='ocrx_word' id='word_1_203' title='bbox 661 2723 834 2791; x_wconf 85' lang='grc' dir='ltr'><strong><em>θεραπόντων</em></strong></span> <span class='ocrx_word' id='word_1_204' title='bbox 853 2720 901 2777; x_wconf 83' lang='lat' dir='ltr'><strong><em>CE</em></strong></span> 
     </span>
    </p>
   </div>
   <div class='ocr_carea' id='block_1_5' title="bbox 285 2929 1352 3357">
    <p class='ocr_par' dir='ltr' id='par_1_11' title="bbox 285 2929 1352 3357">
     <span class='ocr_line' id='line_1_23' title="bbox 288 2929 1350 3000; baseline -0.002 -16"><span class='ocrx_word' id='word_1_205' title='bbox 288 2933 301 2984; x_wconf 95' lang='lat'>1</span> <span class='ocrx_word' id='word_1_206' title='bbox 321 2931 381 2999; x_wconf 79' lang='grc' dir='ltr'><strong><em>περὶ</em></strong></span> <span class='ocrx_word' id='word_1_207' title='bbox 400 2947 457 2987; x_wconf 88' lang='lat' dir='ltr'><strong><em>om.</em></strong></span> <span class='ocrx_word' id='word_1_208' title='bbox 476 2931 503 2984; x_wconf 95' lang='lat' dir='ltr'>D</span> <span class='ocrx_word' id='word_1_209' title='bbox 585 2933 610 2986; x_wconf 90' lang='lat'><strong><em>3.</em></strong></span> <span class='ocrx_word' id='word_1_210' title='bbox 630 2932 647 2985; x_wconf 88' lang='grc'><strong>4</strong></span> <span class='ocrx_word' id='word_1_211' title='bbox 665 2933 753 3000; x_wconf 78' lang='grc' dir='ltr'><strong><em>ἔκρινε</em></strong></span> <span class='ocrx_word' id='word_1_212' title='bbox 772 2953 875 2987; x_wconf 88' lang='grc' dir='ltr'><strong><em>κατευν.</em></strong></span> <span class='ocrx_word' id='word_1_213' title='bbox 896 2931 919 2986; x_wconf 93' lang='grc'><strong>0</strong></span> <span class='ocrx_word' id='word_1_214' title='bbox 1000 2929 1159 2994; x_wconf 83' lang='grc' dir='ltr'><strong><em>ὑάξιώσεσι</em></strong></span> <span class='ocrx_word' id='word_1_215' title='bbox 1179 2929 1205 2983; x_wconf 94' lang='lat' dir='ltr'>D</span> <span class='ocrx_word' id='word_1_216' title='bbox 1278 2929 1350 2983; x_wconf 84' lang='grc' dir='ltr'><strong><em>’λε’ν-</em></strong></span> 
     </span>
     <span class='ocr_line' id='line_1_24' title="bbox 285 3001 1352 3071; baseline -0.004 -13"><span class='ocrx_word' id='word_1_217' title='bbox 285 3004 375 3071; x_wconf 78' lang='grc' dir='ltr'><strong><em>έμαενε</em></strong></span> <span class='ocrx_word' id='word_1_218' title='bbox 394 3004 459 3068; x_wconf 74' lang='grc' dir='ltr'><strong><em>(Βία)</em></strong></span> <span class='ocrx_word' id='word_1_219' title='bbox 478 3002 506 3056; x_wconf 85' lang='grc' dir='ltr'><strong>Α</strong></span> <span class='ocrx_word' id='word_1_220' title='bbox 578 3005 595 3056; x_wconf 87' lang='grc'><strong>9</strong></span> <span class='ocrx_word' id='word_1_221' title='bbox 613 3003 669 3057; x_wconf 85' lang='grc' dir='ltr'><strong><em>τινὰ</em></strong></span> <span class='ocrx_word' id='word_1_222' title='bbox 687 3011 782 3062; x_wconf 86' lang='grc' dir='ltr'><strong><em>κακῶς</em></strong></span> <span class='ocrx_word' id='word_1_223' title='bbox 801 3003 828 3056; x_wconf 91' lang='grc' dir='ltr'><strong><em>Ι)</em></strong></span> <span class='ocrx_word' id='word_1_224' title='bbox 905 3003 1085 3070; x_wconf 75' lang='grc' dir='ltr'><strong><em>διατιθέμενος</em></strong></span> <span class='ocrx_word' id='word_1_225' title='bbox 1106 3001 1128 3056; x_wconf 81' lang='grc' dir='ltr'>Ε</span> <span class='ocrx_word' id='word_1_226' title='bbox 1201 3002 1235 3055; x_wconf 79' lang='lat'><strong><em>12</em></strong></span> <span class='ocrx_word' id='word_1_227' title='bbox 1252 3002 1352 3069; x_wconf 84' lang='grc' dir='ltr'><strong><em>μᾶλλον</em></strong></span> 
     </span>
     <span class='ocr_line' id='line_1_25' title="bbox 286 3072 1350 3155; baseline -0.001 -27"><span class='ocrx_word' id='word_1_228' title='bbox 286 3079 355 3142; x_wconf 82' lang='lat' dir='ltr'><strong>post</strong></span> <span class='ocrx_word' id='word_1_229' title='bbox 372 3075 418 3128; x_wconf 84' lang='grc' dir='ltr'><strong><em>καὶ</em></strong></span> <span class='ocrx_word' id='word_1_230' title='bbox 437 3075 465 3128; x_wconf 89' lang='lat' dir='ltr'>D</span> <span class='ocrx_word' id='word_1_231' title='bbox 549 3077 644 3143; x_wconf 86' lang='grc' dir='ltr'><strong><em>ταύτην</em></strong></span> <span class='ocrx_word' id='word_1_232' title='bbox 663 3075 689 3128; x_wconf 87' lang='lat' dir='ltr'><strong>D</strong></span> <span class='ocrx_word' id='word_1_233' title='bbox 772 3075 869 3155; x_wconf 81' lang='grc' dir='ltr'><strong><em>ποιήση</em></strong></span> <span class='ocrx_word' id='word_1_234' title='bbox 891 3075 913 3128; x_wconf 79' lang='lat' dir='ltr'>E</span> <span class='ocrx_word' id='word_1_235' title='bbox 998 3073 1033 3126; x_wconf 77' lang='lat'><strong><em>14</em></strong></span> <span class='ocrx_word' id='word_1_236' title='bbox 1051 3075 1107 3136; x_wconf 82' lang='grc' dir='ltr'><strong><em>συζ.</em></strong></span> <span class='ocrx_word' id='word_1_237' title='bbox 1122 3072 1188 3142; x_wconf 75' lang='grc' dir='ltr'><strong><em>Ἑλ]</em></strong></span> <span class='ocrx_word' id='word_1_238' title='bbox 1208 3076 1350 3142; x_wconf 82' lang='grc' dir='ltr'><strong><em>συζυγῆσαι</em></strong></span> 
     </span>
     <span class='ocr_line' id='line_1_26' title="bbox 285 3144 1351 3214; baseline -0.002 -15"><span class='ocrx_word' id='word_1_239' title='bbox 285 3146 353 3214; x_wconf 76' lang='grc' dir='ltr'><strong><em>λέγει</em></strong></span> <span class='ocrx_word' id='word_1_240' title='bbox 372 3146 400 3199; x_wconf 89' lang='grc' dir='ltr'><strong><em>Ι)</em></strong></span> <span class='ocrx_word' id='word_1_241' title='bbox 489 3147 563 3214; x_wconf 77' lang='grc' dir='ltr'><strong><em>ίλένη</em></strong></span> <span class='ocrx_word' id='word_1_242' title='bbox 583 3145 642 3214; x_wconf 81' lang='grc' dir='ltr'><strong><em>ΑΕ,</em></strong></span> <span class='ocrx_word' id='word_1_243' title='bbox 662 3147 735 3214; x_wconf 79' lang='grc' dir='ltr'><strong><em>ίλίνη</em></strong></span> <span class='ocrx_word' id='word_1_244' title='bbox 756 3145 874 3212; x_wconf 68' lang='lat' dir='ltr'><strong>Oflth,</strong></span> <span class='ocrx_word' id='word_1_245' title='bbox 894 3161 922 3199; x_wconf 90' lang='lat' dir='ltr'><strong><em>v.</em></strong></span> <span class='ocrx_word' id='word_1_246' title='bbox 942 3144 981 3198; x_wconf 86' lang='lat' dir='ltr'><strong><em>ad</em></strong></span> <span class='ocrx_word' id='word_1_247' title='bbox 1001 3145 1072 3198; x_wconf 85' lang='lat' dir='ltr'>XIII</span> <span class='ocrx_word' id='word_1_248' title='bbox 1093 3145 1116 3212; x_wconf 88' lang='lat' dir='ltr'><strong><em>l,</em></strong></span> <span class='ocrx_word' id='word_1_249' title='bbox 1136 3144 1153 3198; x_wconf 82' lang='grc'>2</span> <span class='ocrx_word' id='word_1_250' title='bbox 1244 3145 1277 3200; x_wconf 81' lang='lat'><strong><em>15</em></strong></span> <span class='ocrx_word' id='word_1_251' title='bbox 1296 3147 1351 3199; x_wconf 89' lang='grc' dir='ltr'><strong><em>τότε</em></strong></span> 
     </span>
     <span class='ocr_line' id='line_1_27' title="bbox 288 3215 1349 3287; baseline -0.002 -15"><span class='ocrx_word' id='word_1_252' title='bbox 288 3217 380 3272; x_wconf 90' lang='lat' dir='ltr'>om.O</span> <span class='ocrx_word' id='word_1_253' title='bbox 455 3218 488 3272; x_wconf 82' lang='lat'><strong><em>16</em></strong></span> <span class='ocrx_word' id='word_1_254' title='bbox 507 3224 576 3287; x_wconf 85' lang='lat' dir='ltr'><strong>post</strong></span> <span class='ocrx_word' id='word_1_255' title='bbox 586 3218 636 3287; x_wconf 78' lang='grc' dir='ltr'><strong><em>μὲν</em></strong></span> <span class='ocrx_word' id='word_1_256' title='bbox 648 3217 717 3271; x_wconf 82' lang='lat' dir='ltr'><strong>add.</strong></span> <span class='ocrx_word' id='word_1_257' title='bbox 731 3217 824 3277; x_wconf 87' lang='grc' dir='ltr'><strong><em>ταύτας</em></strong></span> <span class='ocrx_word' id='word_1_258' title='bbox 837 3225 965 3271; x_wconf 84' lang='grc' dir='ltr'><strong><em>τεκοῦσαν</em></strong></span> <span class='ocrx_word' id='word_1_259' title='bbox 977 3216 1051 3286; x_wconf 87' lang='lat' dir='ltr'><strong>pr</strong></span> <span class='ocrx_word' id='word_1_260' title='bbox 1126 3216 1159 3269; x_wconf 81' lang='lat'><strong><em>17</em></strong></span> <span class='ocrx_word' id='word_1_261' title='bbox 1176 3215 1349 3285; x_wconf 72' lang='grc' dir='ltr'><strong><em>πρεσβυτέρα]</em></strong></span> 
     </span>
     <span class='ocr_line' id='line_1_28' title="bbox 287 3287 1351 3357; baseline 0 -15"><span class='ocrx_word' id='word_1_262' title='bbox 287 3305 316 3342; x_wconf 77' lang='grc' dir='ltr'><strong><em>ν.</em></strong></span> <span class='ocrx_word' id='word_1_263' title='bbox 335 3289 376 3342; x_wconf 87' lang='lat' dir='ltr'><strong><em>ad</em></strong></span> <span class='ocrx_word' id='word_1_264' title='bbox 394 3289 467 3342; x_wconf 89' lang='lat' dir='ltr'>XIII</span> <span class='ocrx_word' id='word_1_265' title='bbox 485 3289 511 3357; x_wconf 87' lang='grc'><strong><em>3,</em></strong></span> <span class='ocrx_word' id='word_1_266' title='bbox 529 3291 547 3343; x_wconf 86' lang='grc'><strong>6</strong></span> <span class='ocrx_word' id='word_1_267' title='bbox 623 3289 657 3344; x_wconf 88' lang='grc'><strong><em>18</em></strong></span> <span class='ocrx_word' id='word_1_268' title='bbox 675 3289 784 3343; x_wconf 85' lang='grc' dir='ltr'><strong><em>εὑόοκία</em></strong></span> <span class='ocrx_word' id='word_1_269' title='bbox 803 3305 860 3344; x_wconf 88' lang='lat' dir='ltr'><strong><em>om.</em></strong></span> <span class='ocrx_word' id='word_1_270' title='bbox 880 3289 907 3342; x_wconf 94' lang='lat' dir='ltr'>D</span> <span class='ocrx_word' id='word_1_271' title='bbox 988 3288 1093 3357; x_wconf 78' lang='grc' dir='ltr'><strong><em>λσικμῷ</em></strong></span> <span class='ocrx_word' id='word_1_272' title='bbox 1112 3287 1155 3340; x_wconf 82' lang='lat' dir='ltr'><strong><em>w*</em></strong></span> <span class='ocrx_word' id='word_1_273' title='bbox 1233 3288 1267 3341; x_wconf 81' lang='lat'><strong><em>19</em></strong></span> <span class='ocrx_word' id='word_1_274' title='bbox 1285 3288 1351 3342; x_wconf 79' lang='grc' dir='ltr'><strong><em>καθ·</em></strong></span> 
     </span>
    </p>
   </div>
   <div class='ocr_carea' id='block_1_6' title="bbox 286 3359 483 3430">
    <p class='ocr_par' dir='ltr' id='par_1_12' title="bbox 286 3359 483 3430">
     <span class='ocr_line' id='line_1_29' title="bbox 286 3359 483 3430; baseline 0 -17"><span class='ocrx_word' id='word_1_275' title='bbox 286 3360 391 3430; x_wconf 81' lang='grc' dir='ltr'><strong><em>ιερώθη</em></strong></span> <span class='ocrx_word' id='word_1_276' title='bbox 410 3359 483 3430; x_wconf 85' lang='lat' dir='ltr'><strong><em>Ewp</em></strong></span> 
     </span>
    </p>
   </div>
   <div class='ocr_carea' id='block_1_7' title="bbox 205 3553 1354 4484">
    <p class='ocr_par' dir='ltr' id='par_1_13' title="bbox 205 3553 1353 3697">
     <span class='ocr_line' id='line_1_30' title="bbox 205 3553 1351 3626; baseline 0.003 -20"><span class='ocrx_word' id='word_1_277' title='bbox 205 3553 331 3626; x_wconf 76' lang='lat' dir='ltr'><strong>Ipatns.</strong></span> <span class='ocrx_word' id='word_1_278' title='bbox 369 3557 406 3610; x_wconf 87' lang='lat' dir='ltr'><strong><em>Et</em></strong></span> <span class='ocrx_word' id='word_1_279' title='bbox 425 3559 564 3625; x_wconf 83' lang='lat' dir='ltr'><strong>quamvis</strong></span> <span class='ocrx_word' id='word_1_280' title='bbox 583 3571 711 3625; x_wconf 89' lang='lat' dir='ltr'><strong>corpore</strong></span> <span class='ocrx_word' id='word_1_281' title='bbox 729 3571 857 3626; x_wconf 90' lang='lat' dir='ltr'><strong>procero</strong></span> <span class='ocrx_word' id='word_1_282' title='bbox 872 3561 902 3611; x_wconf 89' lang='lat' dir='ltr'><strong><em>ct</em></strong></span> <span class='ocrx_word' id='word_1_283' title='bbox 914 3555 1122 3610; x_wconf 84' lang='lat' dir='ltr'><strong>robustissimo</strong></span> <span class='ocrx_word' id='word_1_284' title='bbox 1136 3559 1222 3623; x_wconf 88' lang='lat' dir='ltr'><strong>esset,</strong></span> <span class='ocrx_word' id='word_1_285' title='bbox 1241 3560 1351 3622; x_wconf 84' lang='lat' dir='ltr'><strong>tamen,</strong></span> 
     </span>
     <span class='ocr_line' id='line_1_31' title="bbox 233 3625 1353 3697; baseline 0.002 -17"><span class='ocrx_word' id='word_1_286' title='bbox 233 3641 295 3696; x_wconf 88' lang='lat' dir='ltr'><strong><em>qua</em></strong></span> <span class='ocrx_word' id='word_1_287' title='bbox 313 3633 379 3681; x_wconf 87' lang='lat' dir='ltr'><strong>crat</strong></span> <span class='ocrx_word' id='word_1_288' title='bbox 397 3630 490 3681; x_wconf 75' lang='lat' dir='ltr'><strong>antini</strong></span> <span class='ocrx_word' id='word_1_289' title='bbox 503 3629 636 3695; x_wconf 66' lang='lat' dir='ltr'><strong>ignaua,</strong></span> <span class='ocrx_word' id='word_1_290' title='bbox 656 3629 856 3682; x_wconf 85' lang='lat' dir='ltr'><strong>barbarorum</strong></span> <span class='ocrx_word' id='word_1_291' title='bbox 875 3633 974 3683; x_wconf 73' lang='lat' dir='ltr'><strong>motus</strong></span> <span class='ocrx_word' id='word_1_292' title='bbox 993 3642 1055 3681; x_wconf 86' lang='lat' dir='ltr'><strong><em>non</em></strong></span> <span class='ocrx_word' id='word_1_293' title='bbox 1074 3627 1166 3694; x_wconf 88' lang='lat' dir='ltr'><strong>bellis,</strong></span> <span class='ocrx_word' id='word_1_294' title='bbox 1186 3625 1239 3682; x_wconf 86' lang='lat' dir='ltr'><strong><em>aad</em></strong></span> <span class='ocrx_word' id='word_1_295' title='bbox 1252 3629 1353 3697; x_wconf 87' lang='lat' dir='ltr'><strong>potius</strong></span> 
     </span>
    </p>

    <p class='ocr_par' dir='ltr' id='par_1_14' title="bbox 205 3695 1352 3912">
     <span class='ocr_line' id='line_1_32' title="bbox 205 3695 1352 3768; baseline 0.002 -18"><span class='ocrx_word' id='word_1_296' title='bbox 205 3695 223 3750; x_wconf 79' lang='grc' dir='ltr'><strong><em>ὑ</em></strong></span> <span class='ocrx_word' id='word_1_297' title='bbox 233 3701 410 3752; x_wconf 79' lang='lat' dir='ltr'><strong>muneribus</strong></span> <span class='ocrx_word' id='word_1_298' title='bbox 421 3706 451 3752; x_wconf 87' lang='lat' dir='ltr'><strong>et</strong></span> <span class='ocrx_word' id='word_1_299' title='bbox 461 3700 627 3755; x_wconf 79' lang='lat' dir='ltr'>honoribus</span> <span class='ocrx_word' id='word_1_300' title='bbox 637 3699 873 3768; x_wconf 85' lang='lat' dir='ltr'><strong>compescendos</strong></span> <span class='ocrx_word' id='word_1_301' title='bbox 884 3699 1045 3753; x_wconf 75' lang='lat' dir='ltr'><strong>statuebat.</strong></span> <span class='ocrx_word' id='word_1_302' title='bbox 1083 3697 1241 3752; x_wconf 85' lang='lat' dir='ltr'><strong>Subiectos</strong></span> <span class='ocrx_word' id='word_1_303' title='bbox 1251 3705 1352 3754; x_wconf 87' lang='lat' dir='ltr'><strong>autern</strong></span> 
     </span>
     <span class='ocr_line' id='line_1_33' title="bbox 233 3770 1352 3842; baseline 0.002 -20"><span class='ocrx_word' id='word_1_304' title='bbox 233 3770 273 3823; x_wconf 90' lang='lat' dir='ltr'><strong><em>nb</em></strong></span> <span class='ocrx_word' id='word_1_305' title='bbox 287 3771 399 3824; x_wconf 89' lang='lat' dir='ltr'><strong>nudam</strong></span> <span class='ocrx_word' id='word_1_306' title='bbox 413 3772 616 3840; x_wconf 79' lang='lat' dir='ltr'><strong>cuspinionem</strong></span> <span class='ocrx_word' id='word_1_307' title='bbox 629 3773 784 3842; x_wconf 76' lang='lat' dir='ltr'><strong>puniebat,</strong></span> <span class='ocrx_word' id='word_1_308' title='bbox 803 3771 960 3824; x_wconf 88' lang='lat' dir='ltr'><strong>calumniis</strong></span> <span class='ocrx_word' id='word_1_309' title='bbox 974 3785 1063 3824; x_wconf 85' lang='lat' dir='ltr'><strong>aures</strong></span> <span class='ocrx_word' id='word_1_310' title='bbox 1076 3770 1165 3824; x_wconf 84' lang='lat' dir='ltr'><strong>facila</strong></span> <span class='ocrx_word' id='word_1_311' title='bbox 1178 3771 1352 3838; x_wconf 78' lang='lat' dir='ltr'><strong>praebebat,</strong></span> 
     </span>
     <span class='ocr_line' id='line_1_34' title="bbox 232 3841 1352 3912; baseline 0.002 -19"><span class='ocrx_word' id='word_1_312' title='bbox 232 3841 406 3908; x_wconf 76' lang='lat' dir='ltr'><strong>Iracundus,</strong></span> <span class='ocrx_word' id='word_1_313' title='bbox 426 3858 526 3912; x_wconf 87' lang='lat' dir='ltr'><strong>neque</strong></span> <span class='ocrx_word' id='word_1_314' title='bbox 545 3858 618 3897; x_wconf 87' lang='lat' dir='ltr'><strong>vero</strong></span> <span class='ocrx_word' id='word_1_315' title='bbox 637 3846 702 3898; x_wconf 88' lang='lat' dir='ltr'><strong>irae</strong></span> <span class='ocrx_word' id='word_1_316' title='bbox 721 3844 763 3895; x_wconf 88' lang='lat' dir='ltr'><strong><em>ita</em></strong></span> <span class='ocrx_word' id='word_1_317' title='bbox 788 3849 880 3896; x_wconf 88' lang='lat' dir='ltr'><strong>tenax</strong></span> <span class='ocrx_word' id='word_1_318' title='bbox 904 3847 939 3896; x_wconf 89' lang='lat' dir='ltr'><strong><em>ut</em></strong></span> <span class='ocrx_word' id='word_1_319' title='bbox 962 3843 1064 3907; x_wconf 82' lang='lat' dir='ltr'><strong>irater,</strong></span> <span class='ocrx_word' id='word_1_320' title='bbox 1093 3841 1146 3894; x_wconf 86' lang='lat' dir='ltr'><strong><em>scd</em></strong></span> <span class='ocrx_word' id='word_1_321' title='bbox 1170 3841 1352 3909; x_wconf 81' lang='lat' dir='ltr'><strong>placabilior,</strong></span> 
     </span>
    </p>

    <p class='ocr_par' dir='ltr' id='par_1_15' title="bbox 206 3911 1353 4180">
     <span class='ocr_line' id='line_1_35' title="bbox 206 3911 1352 3984; baseline 0.001 -19"><span class='ocrx_word' id='word_1_322' title='bbox 206 3911 332 3980; x_wconf 75' lang='lat' dir='ltr'><strong>liquem,</strong></span> <span class='ocrx_word' id='word_1_323' title='bbox 361 3914 385 3966; x_wconf 90' lang='lat' dir='ltr'><strong><em>si</em></strong></span> <span class='ocrx_word' id='word_1_324' title='bbox 406 3913 536 3984; x_wconf 87' lang='lat' dir='ltr'><strong>aliquem</strong></span> <span class='ocrx_word' id='word_1_325' title='bbox 556 3915 634 3969; x_wconf 82' lang='lat' dir='ltr'><strong>mala</strong></span> <span class='ocrx_word' id='word_1_326' title='bbox 653 3919 820 3980; x_wconf 83' lang='lat' dir='ltr'><strong>tractasset,</strong></span> <span class='ocrx_word' id='word_1_327' title='bbox 849 3915 920 3967; x_wconf 86' lang='lat' dir='ltr'><strong>l&#39;acti</strong></span> <span class='ocrx_word' id='word_1_328' title='bbox 943 3913 1118 3982; x_wconf 82' lang='lat' dir='ltr'><strong>paeniteret.</strong></span> <span class='ocrx_word' id='word_1_329' title='bbox 1158 3911 1232 3966; x_wconf 83' lang='lat' dir='ltr'><strong>Curn</strong></span> <span class='ocrx_word' id='word_1_330' title='bbox 1252 3917 1352 3966; x_wconf 87' lang='lat' dir='ltr'><strong>autam</strong></span> 
     </span>
     <span class='ocr_line' id='line_1_36' title="bbox 233 3983 1353 4055; baseline 0.002 -18"><span class='ocrx_word' id='word_1_331' title='bbox 233 3983 343 4038; x_wconf 79' lang='lat' dir='ltr'><strong>inultos</strong></span> <span class='ocrx_word' id='word_1_332' title='bbox 362 3987 492 4053; x_wconf 89' lang='lat' dir='ltr'><strong>puniret,</strong></span> <span class='ocrx_word' id='word_1_333' title='bbox 521 3986 673 4055; x_wconf 88' lang='lat' dir='ltr'><strong>plerisque</strong></span> <span class='ocrx_word' id='word_1_334' title='bbox 693 3986 797 4040; x_wconf 89' lang='lat' dir='ltr'><strong>oculos</strong></span> <span class='ocrx_word' id='word_1_335' title='bbox 817 3985 989 4050; x_wconf 80' lang='lat' dir='ltr'><strong>effodiebat,</strong></span> <span class='ocrx_word' id='word_1_336' title='bbox 1017 3999 1053 4037; x_wconf 89' lang='lat' dir='ltr'><strong>eo</strong></span> <span class='ocrx_word' id='word_1_337' title='bbox 1073 3983 1230 4052; x_wconf 86' lang='lat' dir='ltr'><strong>supplicio,</strong></span> <span class='ocrx_word' id='word_1_338' title='bbox 1256 3989 1289 4038; x_wconf 94' lang='lat' dir='ltr'><strong><em>ut</em></strong></span> <span class='ocrx_word' id='word_1_339' title='bbox 1307 3999 1353 4040; x_wconf 89' lang='lat' dir='ltr'><strong>ce·</strong></span> 
     </span>
     <span class='ocr_line' id='line_1_37' title="bbox 234 4054 1352 4127; baseline 0.001 -20"><span class='ocrx_word' id='word_1_340' title='bbox 234 4055 306 4110; x_wconf 86' lang='lat' dir='ltr'><strong>teris</strong></span> <span class='ocrx_word' id='word_1_341' title='bbox 332 4054 446 4110; x_wconf 87' lang='lat' dir='ltr'><strong>leviore</strong></span> <span class='ocrx_word' id='word_1_342' title='bbox 470 4057 615 4127; x_wconf 86' lang='lat' dir='ltr'><strong>quodque</strong></span> <span class='ocrx_word' id='word_1_343' title='bbox 640 4057 858 4112; x_wconf 87' lang='lat' dir='ltr'><strong>condemnatos</strong></span> <span class='ocrx_word' id='word_1_344' title='bbox 886 4056 1041 4125; x_wconf 80' lang='lat' dir='ltr'><strong>quiescere</strong></span> <span class='ocrx_word' id='word_1_345' title='bbox 1070 4061 1202 4124; x_wconf 83' lang='lat' dir='ltr'><strong>cogeret,</strong></span> <span class='ocrx_word' id='word_1_346' title='bbox 1230 4057 1352 4124; x_wconf 87' lang='lat' dir='ltr'><strong>saepius</strong></span> 
     </span>
     <span class='ocr_line' id='line_1_38' title="bbox 234 4128 406 4180; baseline 0.006 -1"><span class='ocrx_word' id='word_1_347' title='bbox 234 4128 406 4180; x_wconf 84' lang='lat' dir='ltr'><strong>constituto.</strong></span> 
     </span>
    </p>

    <p class='ocr_par' dir='ltr' id='par_1_16' title="bbox 207 4194 1353 4340">
     <span class='ocr_line' id='line_1_39' title="bbox 207 4194 1352 4268; baseline 0.002 -18"><span class='ocrx_word' id='word_1_348' title='bbox 207 4194 223 4250; x_wconf 78' lang='lat' dir='ltr'><strong>t</strong></span> <span class='ocrx_word' id='word_1_349' title='bbox 323 4198 368 4251; x_wconf 82' lang='lat' dir='ltr'><strong><em>Ex</em></strong></span> <span class='ocrx_word' id='word_1_350' title='bbox 387 4197 504 4253; x_wconf 87' lang='lat' dir='ltr'><strong>Helena</strong></span> <span class='ocrx_word' id='word_1_351' title='bbox 522 4215 628 4265; x_wconf 86' lang='lat' dir='ltr'><strong>uxore,</strong></span> <span class='ocrx_word' id='word_1_352' title='bbox 653 4199 715 4252; x_wconf 84' lang='lat' dir='ltr'><strong>fllia</strong></span> <span class='ocrx_word' id='word_1_353' title='bbox 733 4196 834 4267; x_wconf 84' lang='lat' dir='ltr'><strong>Alypil</strong></span> <span class='ocrx_word' id='word_1_354' title='bbox 853 4198 912 4250; x_wconf 88' lang='lat' dir='ltr'><strong>viri</strong></span> <span class='ocrx_word' id='word_1_355' title='bbox 930 4199 987 4251; x_wconf 90' lang='lat' dir='ltr'><strong>illis</strong></span> <span class='ocrx_word' id='word_1_356' title='bbox 1006 4198 1193 4266; x_wconf 88' lang='lat' dir='ltr'><strong>temporibus</strong></span> <span class='ocrx_word' id='word_1_357' title='bbox 1211 4198 1352 4268; x_wconf 86' lang='lat' dir='ltr'><strong>potentis·</strong></span> 
     </span>
     <span class='ocr_line' id='line_1_40' title="bbox 233 4269 1353 4340; baseline 0 -18"><span class='ocrx_word' id='word_1_358' title='bbox 233 4269 307 4336; x_wconf 86' lang='lat' dir='ltr'><strong>simi,</strong></span> <span class='ocrx_word' id='word_1_359' title='bbox 327 4275 388 4324; x_wconf 87' lang='lat' dir='ltr'><strong>tres</strong></span> <span class='ocrx_word' id='word_1_360' title='bbox 405 4270 512 4324; x_wconf 87' lang='lat' dir='ltr'><strong>filiolas</strong></span> <span class='ocrx_word' id='word_1_361' title='bbox 531 4269 709 4323; x_wconf 86' lang='lat' dir='ltr'><strong>adulescens</strong></span> <span class='ocrx_word' id='word_1_362' title='bbox 728 4275 911 4338; x_wconf 81' lang='lat' dir='ltr'><strong>susceperat,</strong></span> <span class='ocrx_word' id='word_1_363' title='bbox 932 4283 1008 4338; x_wconf 88' lang='lat' dir='ltr'><strong>quas</strong></span> <span class='ocrx_word' id='word_1_364' title='bbox 1026 4269 1077 4322; x_wconf 87' lang='lat' dir='ltr'><strong>illa</strong></span> <span class='ocrx_word' id='word_1_365' title='bbox 1091 4275 1210 4323; x_wconf 85' lang='lat' dir='ltr'><strong>mortua</strong></span> <span class='ocrx_word' id='word_1_366' title='bbox 1222 4272 1252 4323; x_wconf 84' lang='lat' dir='ltr'><strong><em>ln</em></strong></span> <span class='ocrx_word' id='word_1_367' title='bbox 1266 4270 1353 4340; x_wconf 73' lang='lat' dir='ltr'><strong>regia</strong></span> 
     </span>
    </p>

    <p class='ocr_par' dir='ltr' id='par_1_17' title="bbox 206 4339 1353 4396">
     <span class='ocr_line' id='line_1_41' title="bbox 206 4339 1353 4396; baseline 0.002 -3"><span class='ocrx_word' id='word_1_368' title='bbox 206 4339 394 4395; x_wconf 69' lang='lat' dir='ltr'><strong>seducebat.</strong></span> <span class='ocrx_word' id='word_1_369' title='bbox 431 4341 570 4396; x_wconf 82' lang='lat' dir='ltr'><strong>Ceterum</strong></span> <span class='ocrx_word' id='word_1_370' title='bbox 599 4341 734 4394; x_wconf 85' lang='lat' dir='ltr'><strong>Eudncia</strong></span> <span class='ocrx_word' id='word_1_371' title='bbox 761 4345 836 4393; x_wconf 86' lang='lat' dir='ltr'><strong>natu</strong></span> <span class='ocrx_word' id='word_1_372' title='bbox 864 4341 997 4394; x_wconf 83' lang='lat' dir='ltr'><strong>maxima</strong></span> <span class='ocrx_word' id='word_1_373' title='bbox 1026 4341 1063 4394; x_wconf 89' lang='lat' dir='ltr'><strong><em>oh</em></strong></span> <span class='ocrx_word' id='word_1_374' title='bbox 1092 4341 1218 4394; x_wconf 84' lang='lat' dir='ltr'><strong>formam</strong></span> <span class='ocrx_word' id='word_1_375' title='bbox 1249 4341 1353 4395; x_wconf 86' lang='lat' dir='ltr'><strong>morbo</strong></span> 
     </span>
    </p>

    <p class='ocr_par' dir='ltr' id='par_1_18' title="bbox 206 4411 1354 4484">
     <span class='ocr_line' id='line_1_42' title="bbox 206 4411 1354 4484; baseline 0 -18"><span class='ocrx_word' id='word_1_376' title='bbox 206 4411 384 4484; x_wconf 83' lang='lat' dir='ltr'><strong>9pestilenti</strong></span> <span class='ocrx_word' id='word_1_377' title='bbox 403 4413 514 4468; x_wconf 86' lang='lat' dir='ltr'><strong>laesam</strong></span> <span class='ocrx_word' id='word_1_378' title='bbox 534 4413 613 4468; x_wconf 86' lang='lat' dir='ltr'><strong>ultro</strong></span> <span class='ocrx_word' id='word_1_379' title='bbox 631 4429 664 4467; x_wconf 87' lang='lat' dir='ltr'><strong>se</strong></span> <span class='ocrx_word' id='word_1_380' title='bbox 683 4412 740 4466; x_wconf 87' lang='lat' dir='ltr'><strong>deo</strong></span> <span class='ocrx_word' id='word_1_381' title='bbox 760 4417 962 4467; x_wconf 86' lang='lat' dir='ltr'><strong>consecrarat.</strong></span> <span class='ocrx_word' id='word_1_382' title='bbox 1000 4411 1141 4482; x_wconf 89' lang='lat' dir='ltr'><strong>Reliquas</strong></span> <span class='ocrx_word' id='word_1_383' title='bbox 1160 4413 1243 4467; x_wconf 89' lang='lat' dir='ltr'><strong>nulla</strong></span> <span class='ocrx_word' id='word_1_384' title='bbox 1255 4414 1354 4484; x_wconf 85' lang='lat' dir='ltr'><strong>patria</strong></span> 
     </span>
    </p>
   </div>
   <div class='ocr_carea' id='block_1_8' title="bbox 0 0 1539 4775">
    <p class='ocr_par' dir='ltr' id='par_1_19' title="bbox 0 0 1539 4775">
     <span class='ocr_line' id='line_1_43' title="bbox 0 0 1539 4775; baseline 0 0"><span class='ocrx_word' id='word_1_385' title='bbox 0 0 1539 4775; x_wconf 95' lang='lat' dir='ltr'><strong><em> </em></strong></span> 
     </span>
    </p>
   </div>
  </div>
 </body>
</html>
