3050 4775
262 420 316 475 620
523 414 659 474 ZONAR.
678 417 777 473 EPIT.
797 417 881 473 xvii
900 418 943 485 21,
964 416 1077 487 19-22,
1095 418 1123 475 5.
1379 419 1389 471 τ’

262 604 461 686 καταγωγήν,
494 604 543 667 ἵνα
567 600 658 685 θαμὰ
681 601 762 684 πρὸς
786 602 906 686 ἐκείνην
928 601 1022 683 ἀπίοι,
1056 602 1102 673 ῶς
1126 601 1165 685 dri
1188 627 1215 666 τι
1236 607 1301 667 τῶν
1323 602 1378 666 ἀο-

218 701 435 790 2θμουμένων
467 707 636 789 ὀψόμενος.
683 707 774 788 μέχρι
804 706 864 787 μὲν
895 704 953 769 οὖν
986 730 1067 776 τινος
1101 706 1295 789 ίσκηνοποίει
1325 705 1380 769 τὸν

50 802 199 859 ΡῙῙΫ49Ᾱ
218 804 365 891 21ἔρωτα
393 810 447 874 καλ
476 810 584 891 ῶσπερ
612 810 751 893 ἠρυθρία
780 808 862 891 πρὸς
888 807 924 872 τὸ
947 808 1117 891 γινόμενον.
1163 806 1225 872 είτα
1249 808 1302 871 καί
1323 808 1379 889 τὴν

263 913 345 976 αίάῶ
368 913 422 977 καὶ
443 913 500 995 τὴν
522 913 642 996 σκηνὴν
664 913 844 976 ἀποτίθεται
866 912 919 975 καί
941 918 979 994 τῇ
1002 909 1124 993 γυναικὶ
1146 918 1242 994 συνῆν
1257 911 1317 994 οὐχ
1333 911 1379 981 ὡς

218 1009 408 1100 2ἳπαλλακῇ
424 1013 492 1079 οὐδ’
510 1017 557 1087 ῶς
575 1017 736 1099 ἦμιγάμῳ,
759 1012 889 1087 ἀλλ’ὡς
911 1015 1064 1097 ἐμφανῶς
1087 1014 1279 1086 ξυνευνέτιάι.
1325 1006 1407 1077 καλ5

263 1120 342 1203 αὐτῇ
366 1121 401 1183 ἐκ
423 1124 488 1182 τῶν
510 1119 681 1202 βασιλικῶν
702 1120 840 1200 ταμείων
854 1114 931 1183 καθ’
948 1117 1081 1201 ἑκάστην
1097 1118 1219 1199 ἐπέρρει
1240 1116 1277 1181 τὰ
1300 1118 1378 1200 χρή·

262 1246 347 1305 ματα
369 1222 449 1285 κατὰ
471 1219 634 1303 ποταμοὺς
656 1221 710 1284 καὶ
732 1222 847 1304 φλέβες
869 1222 1096 1303 ἀνεστομοῦντο
1119 1220 1298 1303 χρυσίτιάες,
1325 1219 1380 1283 καί

219 1318 254 1372 ‘23
264 1325 540 1407 ἀπαρακαλύπτως
555 1326 634 1408 αὐτῇ
648 1324 841 1407 προσεφοίτα
858 1324 877 1387 ὁ
891 1323 1044 1406 βασιλεύς.
1073 1322 1150 1388 ἀλλὰ
1167 1322 1267 1388 δεινὸν
1282 1322 1378 1405 ἡγού-

263 1452 358 1511 μενος
381 1430 409 1492 εί
428 1428 473 1511 μὴ
497 1427 551 1491 καί
573 1424 719 1510 συμβιῴη
743 1428 823 1510 αὐτῇ
846 1425 899 1491 καί
917 1428 1075 1509 συνοικοίη
1093 1426 1142 1490 did
1158 1426 1283 1505 παντός,
1306 1448 1378 1507 μετ-

264 1531 331 1614 άγει
353 1532 474 1595 ἐκεῖθεν
495 1530 552 1613 τὴν
581 1536 712 1613 γυναῖκα
739 1528 822 1611 πρὸς
850 1528 886 1593 τὰ
915 1530 1063 1612 βασίλεια,
1095 1535 1133 1613 τῇ
1155 1528 1287 1611 βασιλίδι
1309 1524 1380 1608 περὶ
1393 1521 1427 1575 ¹⁰

264 1632 376 1696 τούτου
403 1634 557 1715 πρότερον
584 1632 888 1715 κοινολογησάμενος
915 1630 968 1696 καί
993 1634 1102 1702 πείσας
1123 1630 1168 1715 μὴ
1193 1632 1381 1713 ἀυσχερᾶνσι

219 1730 255 1785 24
264 1734 346 1817 πρὸς
378 1734 413 1798 τὸ
446 1735 616 1818 γινόμενον.
660 1736 781 1818 μᾶλλον
806 1735 911 1818 μέντοι
937 1734 991 1799 καλ
1017 1734 1120 1817 φιλίας
1149 1735 1241 1815 ὅρκια
1264 1734 1381 1815 λέγεται
1445 1815 1479 1827 .-

264 1836 351 1919 παρὰ
375 1843 439 1901 τοῖν
462 1839 599 1919 γυναίοιν
621 1839 742 1921 ἀμφοῖν
763 1838 1015 1921 τελεσιλήσεσθω,
1038 1843 1130 1901 τοῦτο
1152 1842 1207 1900 τοῦ
1223 1836 1380 1917 αὐτοκρά-

178 1935 202 1990 Β
221 1936 256 1991 25
264 1963 358 2022 τορος
381 1942 579 2014 ἀξιώσαντος.
624 1943 763 2025 τετίμητο
787 1941 822 2005 ἀὲ
845 1943 864 2023 ἡ
888 1940 965 2023 γυνὴ
989 1940 1143 2024 Σεβαστή,
1168 1940 1247 2023 αὐτῇ
1269 1940 1379 2023 πρώτη

265 2049 320 2123 τῆς
350 2042 465 2126 πρῴην
496 2045 657 2127 βασιλικῆς
688 2044 941 2128 ἀπονεμηθείσης
971 2050 1075 2128 τιμῆς·
1111 2043 1164 2106 καὶ
1198 2032 1419 2125 ὠνομάζειοῦ
1436 2032 1513 2087 1V1'3

220 2143 424 2210 ἳῧόέσποινα.
470 2146 524 2209 καί
547 2148 566 2229 ἡ
590 2147 709 2230 βασιλὶς
726 2147 777 2209 ἐπὶ
799 2148 918 2217 τούτοις
941 2142 1005 2210 οὔτ’
1031 2147 1141 2229 ἔμηνία
1165 2141 1229 2210 οὔτ’
1254 2146 1380 2229 ἤχθετο,

265 2250 363 2331 μέσον
385 2249 420 2313 ἀὲ
436 2254 626 2332 σκηνοῦντος
641 2256 696 2313 τοῦ
711 2250 866 2331 βασιλέως
881 2250 1081 2331 ἑκατέρωθεν
1095 2250 1205 2332 ᾤκουν
1219 2246 1382 2332 παραλλὰξ

221 2351 255 2406 2?
268 2354 285 2434 η
313 2353 432 2436 βασιλὶς
458 2352 512 2433 καὶ
538 2354 558 2436 ἡ
586 2352 740 2436 Σεβαστή.
787 2352 840 2416 καί
868 2354 982 2417 οὔποτε
1009 2354 1028 2436 ἡ
1053 2351 1220 2435 Αὔγούστα
1251 2349 1382 2435 προσῄει

265 2463 312 2538 τῷ
334 2456 461 2538 βασιλεῖ,
494 2457 523 2520 εἶ
545 2457 590 2539 μὴ
618 2463 672 2540 τῆς
700 2458 863 2540 ἐρωμένης
885 2457 1095 2539 μεμονῶσιλσι
1116 2459 1226 2519 τοῦτον
1248 2455 1381 2538 ἀπηκρι-

321 2666 430 2730 idaim
447 2666 511 2729 (sic)
531 2664 558 2718 Α
630 2664 843 2734 2ἅψόμενοςΕ
915 2665 970 2720 6.'l
988 2663 1142 2732 καθεκάστη
1162 2663 1227 2732 (sic)
1248 2668 1319 2719 ante
1337 2663 1382 2719 καλ

320 2737 365 2804 φλ.
375 2735 403 2789 D
457 2737 474 2790 7
486 2735 603 2803 ποταμὸν
612 2736 686 2806 pr
740 2738 786 2790 καὶ
796 2738 880 2808 prius
890 2735 1029 2806 stpui,
1041 2751 1097 2791 om.
1108 2735 1134 2790 A
1146 2737 1286 2798 (fortasse
1296 2740 1383 2790 erant

319 2809 351 2860 in
371 2806 436 2861 cod.
456 2808 622 2877 archetypo
644 2808 762 2875 ποταμὸν
782 2810 797 2870 ὲ
820 2824 839 2861 a
863 2809 962 2863 scriba
985 2808 1051 2862 cod.
1071 2805 1097 2860 Α
1116 2823 1276 2877 perperam
1300 2807 1382 2861 intel·

319 2879 408 2942 lecta)
463 2878 542 2934 9drd
554 2879 650 2939 παντὸς
662 2879 697 2947 Α,
717 2880 846 2948 διηνεκῶς
857 2880 929 2948 pr
985 2880 1021 2934 ll)
1038 2877 1159 2948 alcEwp
1216 2879 1301 2932 lull
1319 2881 1382 2946 πρό·

320 2971 396 3018 τερον
414 2956 485 3005 ante
503 2951 564 3018 περί
582 2951 655 3020 Ewp
729 2951 763 3005 10
780 2951 849 3019 περὶ]
869 2951 913 3005 καλ
933 2951 960 3003 D
1042 2952 1073 3004 ll
1095 2949 1251 3018 δυςχεράναι
1272 2949 1381 3018 Apr,

321 3039 396 3077 corr.
416 3021 459 3077 Di
532 3023 566 3076 13
586 3023 722 3090 γυναίκσιν
740 3021 806 3091 w*p
826 3023 928 3076 invitis
948 3022 1001 3076 AR
1072 3021 1107 3076 15
1125 3021 1263 3092 βασιλικῆς
1283 3021 1381 3075 οῐη.Β

355 3103 430 3162 τιμῆς
449 3091 512 3161 ΑΙ),
534 3094 580 3148 καί
598 3095 672 3156 ἀξίας
691 3095 737 3148 καί
755 3094 876 3162 κλήσεως
894 3093 968 3160 pr
1074 3094 1109 3146 18
1126 3093 1255 3160 αὐγούστσ
1273 3091 1382 3161 Apr‚

318 3167 419 3235 βασιλὶς
437 3165 498 3223 Cw:
524 3166 648 3219 “malim
673 3166 690 3236 ἧ
714 3165 823 3236 βασιλὶς,
852 3180 922 3218 narn
947 3163 1109 3221 Scleraena
1134 3169 1165 3220 et
1187 3163 1328 3235 Angusta
1354 3171 1383 3219 et

319 3238 441 3307 ίρωμίνη
460 3237 541 3292 fuit”
563 3237 614 3292 Wo

222 3423 399 3498 ‘20speciem
418 3429 626 3498 inspiciendae
644 3432 816 3484 structurae
826 3431 948 3499 saepius
961 3443 1027 3484 eam
1041 3430 1162 3484 viseret.
1199 3425 1244 3483 Ac
1256 3428 1296 3482 ad
1313 3431 1383 3484 tem-

222 3493 256 3547 21
268 3515 325 3570 pus
339 3501 425 3569 quasi
438 3502 650 3554 verecundans
670 3515 803 3555 amorem
816 3501 884 3554 volo
905 3501 1035 3569 quodam
1057 3500 1241 3570 obducebat3
1259 3499 1382 3554 tandem

268 3587 341 3626 voro
362 3577 392 3625 et
410 3572 527 3642 pudore
546 3578 576 3627 ct
595 3572 834 3627 dissimulatione
853 3573 980 3639 abiecta,
1007 3571 1162 3627 mulierem
1182 3588 1243 3626 non
1262 3576 1296 3626 ut
1315 3587 1383 3626 con·

268 3643 409 3697 pubinum
429 3648 459 3697 et
478 3659 516 3697 ex
530 3645 654 3697 semisse
672 3645 842 3713 coniugem,
863 3644 917 3698 sed
936 3644 1025 3713 plane
1038 3659 1093 3714 pro
1112 3658 1211 3698 uxore
1223 3644 1382 3698 tractabat.

223 3709 375 3782 221taque
399 3715 440 3767 illi
465 3730 503 3768 er
527 3716 676 3769 thesauris
695 3717 787 3785 regiis
807 3715 963 3768 fluminum
985 3717 1080 3770 instar
1104 3715 1229 3768 divitiae
1248 3715 1383 3783 quotidie

268 3786 434 3839 affluebant
453 3791 483 3840 et
502 3801 616 3841 aureae
635 3802 733 3840 venae
747 3787 972 3856 aperiebantur,
992 3787 1081 3841 etiarn
1096 3792 1201 3855 aperte
1214 3800 1289 3856 rege
1302 3786 1383 3840 illam

223 3853 478 3912 23eonvoniento.
516 3857 573 3921 Qui
591 3857 781 3912 intolerabile
801 3858 856 3912 sibi
877 3861 942 3912 lore
962 3863 1055 3926 ratus,
1075 3859 1131 3912 nisi
1151 3863 1300 3927 perpetua
1318 3859 1383 3912 eius

269 3929 488 3983 consuetudine
507 3930 668 3994 frueretur,
692 3946 726 3983 re
744 3931 828 3998 prius
848 3943 916 3983 cum
936 3931 1044 3999 regina
1067 3931 1290 3984 communicata
1309 3929 1385 3984 eius·

223 3995 258 4048 ‘24
268 4015 328 4069 que
347 4015 497 4055 consensu
519 4003 688 4069 impetrato,
717 3999 909 4056 Scleraenam
932 4002 964 4054 in
988 4002 1102 4070 regiam
1127 4001 1267 4054 traducit.
1305 4000 1385 4065 Quin

268 4073 358 4125 etiarn
372 4073 481 4126 foedus
495 4073 645 4126 amicitiae
658 4074 738 4126 inter
750 4072 943 4127 mulierculas
957 4087 1023 4127 esse
1034 4074 1127 4126 ictum
1141 4072 1179 4126 de
1193 4072 1385 4142 imperatoris

223 4138 419 4197 rosensensis
443 4144 561 4197 dicitur.
598 4142 642 4197 Ae
667 4144 776 4197 mulier
797 4142 957 4213 Augustae
981 4145 1125 4198 honorem
1150 4143 1262 4212 adepta
1284 4151 1331 4198 est
1356 4147 1386 4198 et

269 4214 418 4284 dignitate
446 4220 476 4270 et
499 4215 702 4285 appellatione
725 4215 842 4284 pridem
866 4217 952 4284 regia
976 4217 1008 4269 in
1028 4215 1153 4284 primam
1178 4229 1244 4270 eam
1267 4215 1385 4283 collata,

224 4281 337 4339 iteum
361 4286 483 4340 domina
507 4291 678 4340 vocaretur.
716 4285 801 4350 Quae
828 4288 928 4341 omnia
951 4288 1060 4356 regina
1083 4302 1141 4341 nec
1158 4287 1306 4340 iracunde
1329 4303 1386 4341 nec

269 4358 394 4412 moleste
417 4359 544 4424 ferebat,
573 4359 626 4412 sed
646 4373 714 4412 cum
738 4358 864 4412 maritus
884 4357 1001 4412 medius
1019 4359 1099 4412 inter
1117 4358 1214 4427 ipsam
1233 4363 1264 4414 et
1282 4357 1387 4428 Augu·

224 4425 259 4480 27
269 4434 346 4484 atam
365 4431 524 4498 habitaret,
551 4431 636 4500 prius
654 4445 723 4484 eum
743 4430 851 4499 regina
871 4431 1036 4485 convenire
1054 4445 1116 4484 uon
1138 4429 1263 4500 solebat,
1294 4445 1385 4501 quam
