3050 4775
332 463 602 524 AGARENORVM
623 463 885 526 INCVRSIONES.
922 465 1060 526 NASAR.
1205 465 1257 524 431

140 647 285 714 ναυτυιδν
307 655 375 713 κατ’
400 651 514 725 αὐτῶν,
546 656 763 734 ναυαρχοῦντα
790 651 845 714 τὸν
869 651 984 733 Νόσαρ
1007 653 1087 734 ἔχον.
1132 652 1286 716 πολλῶν3

142 749 170 816 δ’
194 752 230 816 ἐκ
253 757 317 816 τῶν
338 753 408 834 περὶ
428 753 485 835 τὴν
500 754 631 835 εἰρεσίαν
645 755 830 818 πονούντων
845 753 1105 836 ἀποδρασόντων,
1128 755 1161 817 αἱ
1175 755 1259 837 τριή-

141 879 204 937 ρεις
227 853 307 938 ἦσαν
330 855 482 937 ἡμίκενοι·
507 855 555 918 διὸ
578 856 632 919 καί
654 857 673 920 ὁ
697 857 857 939 ναύαρχος
880 857 940 919 οὐκ
963 857 1065 937 ἔκρινε
1088 857 1152 920 δεῖν
1174 857 1259 920 οὕτω

141 958 291 1040 συμμίξαι
312 963 376 1027 τοῖς
397 957 566 1040 πολεμίοις,
597 955 662 1021 ἀλλ’
687 959 837 1040 ἀναφέρει
858 966 905 1040 τῷ
926 959 1047 1042 βασιλεῖ
1065 958 1100 1022 τὸ
1123 960 1259 1041 συμβάν,

114 1059 193 1123 cuci
217 1061 247 1123 οί
268 1059 463 1123 λειποτάκται
486 1061 671 1143 ζητηθέντες
692 1060 771 1143 ταχὺ
793 1061 1036 1143 κατεσχέθησαν.
1082 1063 1131 1124 ἵνα
1155 1061 1190 1124 δὲ
1206 1062 1287 1124 xcii

140 1162 245 1245 φόβον
268 1163 422 1244 ἐμποιήσῃ
450 1170 496 1244 τῷ
524 1171 662 1246 ναυτικῷ
688 1163 742 1226 καί
769 1163 890 1245 μηδένα
922 1163 1042 1246 κολάσῃ
1075 1164 1259 1246 χριστιανόν,

139 1265 305 1348 τριάκοντα
336 1269 401 1328 τῶν
432 1266 466 1329 ἐν
497 1265 630 1346 εἱρκταῖς
659 1266 913 1348 φρουρουμένων
936 1264 1121 1347 Ἀγορηνῶν
1147 1266 1259 1349 ἐκβλη-

139 1369 236 1450 θῆναι
267 1367 383 1430 κελεύει
415 1368 537 1450 νυκτός,
569 1367 622 1431 καὶ
654 1373 829 1450 περιχρίσαι
854 1366 914 1449 μὲν
941 1368 1059 1451 ἀσβόλη
1087 1367 1143 1438 τὰς
1171 1369 1294 1449 ὄψειςΒ

141 1470 257 1548 αὐτῶν,
290 1469 337 1539 ὡς
359 1472 398 1533 ἂν
423 1469 469 1553 μὴ
499 1471 760 1552 ἐπιγινώσκοιιτο,
794 1469 857 1532 εἶτα
888 1471 942 1533 καί
969 1471 1150 1533 αἰκίσασθαι
1178 1475 1261 1553 σφᾶς

98 1573 194 1636 1οκα1
229 1571 279 1635 διὰ
311 1579 365 1655 τῆς
397 1573 517 1655 ἀγορᾶς
546 1578 744 1654 περιαγαγεῖν
777 1572 1087 1655 ἀνασκολοπισθῆναί
1114 1597 1147 1636 τε
1178 1574 1260 1636 ἀπα-

141 1675 275 1758 χθόνιος
297 1676 340 1744 εἰς
363 1673 614 1757 Πελοπόννησον.
662 1672 700 1738 οὗ
724 1676 894 1757 γενομένου
918 1675 948 1737 οί
969 1680 1026 1738 τοῦ
1050 1675 1162 1739 στόλου
1184 1684 1288 1738 νου-ό

141 1777 220 1842 τικολ
243 1777 536 1860 ἐξεδειμοτιίιθηοαν
558 1777 612 1841 καὶ
636 1778 720 1841 οὕτω
743 1783 807 1848 τοῖς
830 1777 976 1847 ἐναντίοις
994 1777 1134 1860 ἐπῆλθον
1149 1777 1261 1846 νυκτὸς

141 1879 195 1944 καί
217 1879 367 1962 τρόπαιον
389 1882 516 1962 ἤραντο,
539 1884 603 1944 τῶν
618 1880 677 1962 μὲν
691 1880 910 1962 ἀπολομένων,
933 1885 998 1944 τῶν
1014 1880 1048 1944 δὲ
1064 1880 1261 1945 ἑαλωκότων.

141 1981 203 2046 εἶτα
227 1983 346 2052 καλεῖς
370 1981 513 2046 Σικελίαν
537 1983 685 2065 διέβησαν
707 1983 760 2047 καί
782 1982 838 2053 τὰς
865 1983 933 2046 ἐκεῖ
954 1983 1069 2065 πόλεις,
1102 1983 1173 2047 δσαι
1198 1990 1289 2054 τοῖςθ

97 2085 374 2170 15Καρχηδονίοις
397 2086 552 2168 διέφερον,
577 2085 747 2149 ἕκόκωαάν
768 2109 801 2149 τε
823 2085 877 2149 καλ
899 2085 1128 2169 ἐξεπόρθησαν.

231 2188 295 2252 Καὶ
324 2191 354 2251 ot
383 2189 418 2252 ἐκ
445 2187 643 2272 μεσημβρίας
671 2187 705 2251 δὲ
721 2187 857 2272 Ἄραβες
883 2187 1085 2270 ίαχολακέναι
1110 2186 1165 2251 τόν
1184 2185 1288 2253 ‘Pur-i

1 2301 30 2354 D
46 2299 86 2354 IV
97 2299 131 2354 33
141 2291 258 2375 μαϊκδν
280 2291 438 2374 μαθόντες
461 2289 580 2372 στόλον,
603 2289 640 2352 τὰ
663 2296 718 2373 τῆς
734 2289 884 2373 Φοινίκης
898 2290 952 2353 καλ
967 2297 1022 2374 τῆς
1036 2289 1158 2374 Συρίας
1173 2289 1263 2353 ναυσλ

144 2523 175 2576 11
195 2524 234 2575 ότι
252 2522 376 2591 ἐνίκησαν
398 2524 425 2575 οί
438 2522 565 2589 Ῥωμαῖοι
588 2518 648 2581 τοὺς
664 2520 822 2589 Ἀχαρηνούς
844 2520 873 2575 λν
895 2527 927 2590 τῇ
948 2522 1082 2589 ναυμαχίᾳ
1108 2520 1262 2589 (ἕν-ναυμ.

144 2610 201 2649 om.
220 2594 255 2663 Ε)
275 2592 323 2649 ΟΕ
427 2593 460 2647 16
479 2594 517 2647 ότι
536 2600 590 2646 τῶν
608 2600 654 2647 τοῦ
673 2593 766 2647 στόλου
784 2594 822 2653 είς
839 2593 985 2660 οἰκοδομὰς
1001 2592 1217 2661 ἀσχολουμένων,
1238 2594 1266 2646 οί

139 2665 271 2735 Ἀγαρηνοί
290 2665 376 2725 ἀδεῶς
394 2664 426 2719 τὰ
442 2664 556 2733 παράλια
574 2664 692 2718 ἐκάκουν
710 2662 733 2719 Ο

198 2890 211 2942 1
232 2888 315 2956 νόσαρ
334 2888 388 2943 AR
407 2887 492 2944 Cedr.
513 2885 655 2957 (scylitz.)
675 2886 704 2941 11
723 2904 751 2957 p.
762 2884 823 2954 229,
836 2886 862 2954 9,
880 2886 948 2954 ἅσαρ
967 2886 1000 2955 Β,
1018 2886 1117 2955 νόρσαν
1136 2886 1262 2956 Ewap

198 2960 215 3013 4
234 2962 358 3029 συμμῖξαι
381 2960 453 3029 Ewp
525 2959 724 3013 5λειποτάκται
743 2958 798 3011 AR
817 2957 850 3022 (C
863 2979 885 3011 ει
901 2960 931 3013 in
946 2959 1017 3027 ras.)
1035 2974 1092 3028 rip,
1110 2958 1263 3012 lassescimus

199 3030 250 3098 Dt',
261 3049 288 3085 v.
300 3032 338 3085 ad
349 3030 403 3085 XV
415 3032 456 3098 18,
468 3032 500 3084 11
574 3031 674 3085 'sante
684 3030 759 3100 ἀγαρ.
772 3029 841 3083 add.
851 3030 1028 3098 αίχμαλιόιακ·
1039 3027 1112 3099 pr
1184 3030 1202 3083 8
1219 3051 1263 3082 πε-

197 3105 313 3171 ριχρίσαι
327 3102 436 3184 Apr,
451 3118 527 3157 corr.
540 3100 583 3155 Dt'
640 3100 689 3168 μὲν
703 3117 759 3156 om.
774 3100 801 3154 D
855 3101 931 3155 9καί
944 3117 1000 3156 om.
1015 3101 1087 3170 Ewp
1144 3101 1176 3154 11
1188 3102 1263 3155 πελο-

197 3178 326 3242 πόννησον
344 3172 421 3241 RDr,
439 3174 619 3241 πελοπόιησον
638 3172 769 3242 ABpr
867 3173 900 3227 12
918 3174 1003 3233 οὕτως
1023 3172 1059 3239 Ι),
1079 3188 1156 3227 corr.
1175 3171 1227 3228 Dw

233 3246 393 3304 ὑπεναντίοις
411 3244 438 3298 D
516 3245 550 3298 14
569 3246 685 3313 διὲβισαν
703 3244 739 3313 Ι),
759 3259 837 3298 corr.
857 3242 909 3301 Dw
989 3246 1038 3297 ὅσα
1059 3242 1096 3312 Ι),
1115 3259 1191 3297 corr.
1211 3241 1263 3299 Dw

200 3317 233 3370 15
243 3318 418 3385 καρχηδόνιος
429 3314 615 3383 D,eoi·1·.Dw
686 3316 842 3383 διέφθειρον
851 3313 887 3381 Ι),
899 3331 975 3368 corr.
988 3315 1039 3373 Dw
1113 3314 1263 3373 14.11’)τοῖς

198 3390 232 3441 K.
251 3387 383 3457 διέφερον]
403 3403 430 3440 v.
445 3386 476 3442 C.
489 3386 522 3439 B.
537 3386 662 3440 Husium
684 3386 723 3440 ad
737 3384 831 3439 Leon.
844 3384 929 3439 Disc.
948 3403 976 3456 p.
990 3386 1043 3441 494
1054 3401 1092 3441 ss.
1112 3392 1142 3440 et
1155 3385 1261 3441 Zonur.

199 3458 281 3515 xvu
302 3459 326 3527 ι,
344 3460 388 3515 υτ.
407 3458 449 3527 ee,
468 3458 510 3512 ιο.
530 3457 628 3512 xvm
647 3456 691 3525 se,
712 3458 745 3511 19

144 3692 197 3739 est.
234 3682 293 3739 Sed
322 3698 390 3737 cum
418 3688 462 3737 tot
482 3698 521 3739 ex
545 3684 711 3754 remigibus
743 3683 849 3751 iugem
879 3684 1037 3752 cepissent,
1065 3687 1100 3736 ut
1128 3683 1291 3737 triremes3

144 3758 337 3810 semivacuus
347 3760 455 3821 essent,
468 3755 641 3809 navarchus
655 3757 696 3808 ita
707 3768 776 3808 cum
787 3755 923 3807 hostibus
932 3769 993 3808 nen
1004 3753 1264 3822 congrediendum

144 3833 313 3882 essecutus
333 3840 435 3880 casum
461 3827 543 3879 iilum
564 3828 603 3881 ad
631 3840 736 3895 regem
762 3826 856 3880 refert
883 3830 913 3878 et
941 3825 1112 3879 desertores
1130 3826 1264 3893 inquisiti

143 3914 180 3952 ac
199 3900 258 3952 cito
281 3898 392 3967 reperti
419 3904 498 3952 sunt.
536 3897 575 3951 Ut
601 3904 702 3952 autem
727 3903 873 3952 terrorem
901 3897 1052 3950 incuteret
1078 3897 1180 3950 nautis
1208 3896 1291 3950 neci

143 3970 235 4023 ullum
264 3975 366 4023 tamen
394 3967 595 4023 Christianum
624 3969 773 4037 supplicio
801 3969 945 4032 afficeret,
974 3968 1100 4037 triginta
1127 3968 1265 4036 captivos

144 4040 304 4110 Agerencs
329 4054 452 4093 carcere
479 4046 572 4094 noctu
597 4045 751 4094 extractos
771 4040 898 4109 iuligine
916 4041 1033 4108 inungi,
1062 4052 1101 4091 ne
1120 4053 1265 4107 agnosce·

144 4118 258 4179 rentur,
277 4112 443 4181 flagrisque
462 4126 567 4165 caesos
586 4126 640 4179 per
659 4112 758 4165 iorum
778 4111 962 4164 circumduci
982 4110 1061 4163 etin
1080 4108 1265 4177 Peloponne

144 4198 210 4237 sum
230 4184 393 4253 perductos
421 4183 496 4253 palis
525 4182 605 4251 affigi
629 4183 724 4237 iussit.
762 4182 828 4245 Quo
847 4183 928 4235 facto
948 4180 1092 4234 classiarii
1112 4180 1292 4250 perterritif)

144 4256 244 4309 hostes
256 4260 348 4309 noctu
362 4256 500 4325 aggressi
514 4254 723 4322 profligarunt,
738 4253 804 4306 eltis
817 4254 921 4318 caesis,
936 4252 1001 4305 aliis
1015 4253 1118 4321 captis.
1147 4250 1292 4307 Deindess

143 4328 174 4379 in
194 4325 323 4381 Siciliam
353 4340 474 4395 quoque
494 4326 658 4379 transvecti
684 4325 777 4378 urbes
796 4323 1097 4392 carthaginiensibus
1116 4323 1265 4377 obnoxius

145 4400 296 4451 vexarunt
316 4401 346 4450 et
364 4402 532 4452 vastarunt.

232 4467 372 4523 Ceterum
400 4484 419 4523 a
437 4468 563 4524 meridie
581 4466 707 4539 Arabes,
736 4468 859 4537 cognito
878 4464 1034 4520 Romanae
1062 4466 1167 4520 classis
1194 4468 1291 4537 utica
