3050 4775
316 414 471 473 BASILIO
491 418 528 472 ΙΙ.
547 415 738 473 SVCCEDI'I'
758 414 1053 473 CONSTANTINVS
1072 416 1150 471 Vm.
1240 416 1293 471 569

173 602 229 661 τοῦ
255 598 356 680 τιμίου
379 596 580 682 Προθρύμσυ
607 600 751 682 κομίζων
779 599 876 681 αύτῷ.
922 598 976 662 καί
1004 598 1114 661 αὐτίκα
1141 603 1252 661 τοῦτον
1274 598 1337 661 636

173 699 317 781 βασιλεὺς
338 702 533 785 πατριάρχην
557 702 802 785 προεχειρίσατο,
835 700 915 765 κατὰ
937 701 993 785 τὴν
1016 701 1151 783 ἑσπέραν
1174 700 1293 783 ἐκείνην

173 802 227 865 καὶ
249 801 305 884 τὴν
320 802 408 885 ζωὴν
424 804 569 878 ἐκλιπών,
593 805 690 886 ζήσας
704 804 763 886 μὲν
779 802 833 867 καὶ
848 803 1033 886 βασιλεύσας
1048 803 1184 886 χρόνους
1199 803 1292 884 ἐβύο-

173 906 316 987 μήκοντα
339 905 389 969 ἐντί
412 908 509 989 ὁυσίν,
537 908 738 990 αύταρχήσας
761 906 795 970 ύὲ
818 906 868 970 ἐπὶ
889 906 1080 988 πεντήκοντα
1103 907 1194 970 ἔτεσι·
1221 904 1293 976 τοὺς

147 1006 235 1089 5γάρ
264 1008 378 1079 ἀλλους
404 1010 620 1093 συνεβασίλευε
646 1018 693 1093 τῷ
724 1010 826 1092 πατρί,
860 1006 922 1073 εἶτα
951 1016 998 1091 τῷ
1024 1009 1128 1093 Φωκᾷ
1150 1007 1204 1071 καὶ
1225 1013 1291 1090 μετ’

175 1108 293 1173 ἐκεῖνον
314 1118 362 1193 τῷ
386 1111 544 1197 Τζιμισκῇ.

266 1212 406 1296 Τέθτογκε
432 1215 492 1296 μὲν
519 1213 576 1279 οὖν
604 1215 733 1298 γηραιὸς
762 1216 781 1277 ὁ
808 1214 979 1288 Βασίλειος,
1011 1221 1065 1297 τῆς
1095 1210 1122 1277 θ’
1151 1212 1293 1288 ἐξουσίας
1306 1214 1501 1278 10w111182

174 1314 270 1385 εὐθὺς
295 1316 313 1378 ὁ
336 1316 455 1379 ἐκείνου
479 1317 632 1400 σύγγονος
654 1318 831 1401 ἐπελάβετο,
863 1316 917 1381 τὸν
940 1316 1177 1381 Κωνσταντῖνόν
1200 1319 1452 1399 ιμημι,Ρ11228Α

173 1418 289 1499 μικρόν
316 1442 343 1481 τι
375 1420 495 1483 ἐκείνου
527 1420 607 1485 κατὰ
635 1420 690 1485 τὸν
715 1420 833 1503 χρόνον
859 1428 914 1504 τῆς
945 1422 1031 1503 ζωῆς
1063 1420 1292 1501 ἐλαττούμενος.

131 1520 326 1603 Ιορρθύμου
351 1522 385 1585 θέ
406 1523 562 1605 πεφυκὼς
582 1524 685 1606 ἤθους
700 1524 752 1586 καί
769 1524 931 1605 ἀνειμένου
948 1527 966 1606 ἢ
983 1522 1036 1586 καλ
1052 1524 1095 1593 εἰς
1110 1523 1172 1595 ἕξιν
1187 1521 1320 1585 titubes

174 1621 245 1703 βίον
274 1623 374 1705 ἀργοῦ
408 1622 496 1707 (ούύὲ
519 1625 580 1706 γὰρ
602 1626 761 1689 ἐκοινώνει
784 1627 871 1708 αὐτῷ
893 1626 1049 1709 βασιλείου
1072 1624 1153 1695 τινὸς
1176 1624 1194 1687 ὁ
1217 1624 1291 1705 σύγ-

175 1748 267 1805 γονος
288 1727 459 1810 πράξεως),
486 1728 541 1795 καλ
563 1728 763 1811 αι’τιαρχήοας
785 1728 929 1811 τοιαύτην
951 1727 1013 1810 εἶχε
1036 1726 1206 1810 θισγωγήν,
1238 1720 1291 1788 ὑπ’

174 1827 277 1898 ἀλλοις
298 1828 358 1911 μὲν
379 1828 435 1910 τὴν
457 1834 522 1893 τῶν
543 1835 661 1894 κοινῶν
685 1831 835 1913 διοίκησιν
858 1831 1002 1913 θέμενος,
1030 1830 1085 1892 καὶ
1111 1828 1230 1898 τούτοις
1253 1827 1292 1890 ού

174 1934 237 2000 ταῖς
260 1932 382 1995 ἑαυτῶν
409 1931 470 2014 ἤθη
499 1934 753 2015 παρσσχομένοις
783 1933 937 2015 θοκίμιον,
969 1928 1034 1995 ἀλλ’
1059 1930 1209 2013 ἀνύράοιν
1232 1930 1292 2012 οὐχ

131 2037 165 2091 15
175 2032 220 2095 ὅτι
241 2038 306 2096 τῶν
329 2032 363 2096 εὖ
387 2033 573 2116 γεγονότων,
596 2031 661 2098 ἀλλ’
682 2033 750 2099 οὐθ’
769 2035 938 2117 ἐλευθέρας
961 2034 1056 2118 τύχης
1078 2035 1292 2117 τυγχάνουσιν,

174 2135 312 2206 ἐθνυισῖς
334 2135 369 2199 ύέ
391 2136 445 2199 καί
466 2136 511 2219 μὴ
536 2137 722 2219 ύνναμένσις
748 2138 926 2219 ὀρθοεπεῖν,
958 2137 1024 2201 ἀλλ’
1048 2138 1190 2219 ἀκριβῶς
1211 2137 1291 2218 βαρ-

172 2238 364 2319 βαρίζουσιν.
410 2240 528 2310 ἐκεῖνος
551 2241 585 2304 ἀὲ
607 2246 741 2323 τρυφαῖς
763 2241 920 2315 ἐξέδωκεν
943 2240 1068 2303 ἔαυτόν·
1099 2241 1208 2323 ἥττητο
1231 2238 1319 2321 γὰρ3

173 2339 306 2423 γαστρὸς
328 2338 382 2405 καλ
404 2342 601 2426 ἀφροδισίων
623 2341 678 2408 καί
700 2344 847 2427 ἐμεμήνει
869 2341 940 2426 περὶ
962 2340 1035 2414 τοὺς
1057 2342 1177 2425 κύβους
1192 2366 1224 2407 τε
1239 2341 1293 2406 καί

174 2571 187 2624 1
208 2571 311 2642 τελευτὴ
324 2579 371 2626 τοῦ
387 2574 514 2641 βασιλέως
528 2574 666 2644 (βασιλέως
679 2581 724 2629 τοῦ
737 2573 770 2642 E,
790 2591 846 2629 om.
860 2572 893 2636 C)
906 2574 1047 2629 Βασιλείαν
1060 2571 1136 2628 ΑΟΕ
1209 2571 1225 2626 7
1243 2573 1292 2642 βα-

173 2643 254 2697 σιλεία
266 2645 465 2698 Κωνστανιίνου
483 2653 529 2700 τοῦ
549 2648 617 2708 (om.
635 2645 721 2710 ACE)
740 2647 858 2714 ἀδελφοῦ
876 2653 923 2700 τοῦ
942 2646 1080 2700 Βασιλείαν
1100 2644 1237 2714 (βασιλέως
1258 2644 1292 2708 Ε)

173 2713 234 2781 AR,
252 2715 369 2782 βασιλεία
387 2718 579 2770 κωνοταντίνου
597 2716 621 2770 Β
755 2718 789 2772 10
807 2718 862 2778 σίας
880 2717 913 2788 ἦν
932 2717 959 2772 τὸ
977 2717 1044 2788 ἦθος
1062 2719 1078 2770 ὁ
1095 2718 1292 2776 Κωνσταντῑνος

172 2786 218 2840 καὶ
236 2785 283 2855 τὴν
301 2787 436 2856 διαγωγήν
454 2787 502 2842 ΟΕ

227 2993 241 3045 1
261 2993 346 3059 τιμίου
366 2991 459 3047 om.C
513 2993 531 3046 4
550 2998 618 3062 post
628 2995 789 3063 πεντήκοντα
803 2994 871 3047 add.
885 2995 930 3048 καί
942 2993 1009 3062 πρύς
1023 2990 1140 3062 prDt‘
1194 2992 1211 3046 5
1230 3013 1289 3046 συν-

225 3065 376 3130 τβασίλευσε
397 3061 511 3134 EwpDi
612 3067 630 3119 6
648 3067 692 3119 τὸν
710 3069 835 3133 τζιμισκῆ
855 3066 877 3118 Ε
986 3066 1001 3119 i
1021 3073 1066 3133 τῆς
1084 3065 1203 3127 ἐξουσίας
1222 3063 1247 3117 θ’
1266 3063 1289 3115 Β

225 3135 243 3187 8
261 3135 405 3204 ἀντελάβετο
424 3135 451 3188 Ι)
533 3137 550 3189 9
567 3137 648 3190 ἐλαττ.
668 3157 690 3190 τ.
709 3140 781 3206 ζωῆς
800 3136 828 3189 D
911 3137 943 3188 11
964 3141 1032 3205 post
1049 3137 1110 3205 βίου
1129 3134 1198 3188 add.
1217 3135 1292 3203 ἐρρα-

225 3207 406 3274 στωνευμένου
425 3207 452 3260 τὲ
469 3207 515 3261 καί
535 3207 608 3277 pr
707 3209 845 3277 βασιλικῆς
864 3206 888 3261 Ο
988 3207 1020 3262 16
1038 3206 1076 3276 μὴ
1095 3205 1235 3275 ADEwp‚
1252 3205 1290 3276 μὴ

225 3277 255 3330 at
272 3277 298 3331 R
369 3280 558 3349 βαρβαρισῦσιν
577 3279 604 3333 Ι)
677 3282 711 3336 17
729 3280 859 3334 ἐνέδωκεν
877 3279 901 3332 Β
977 3279 1009 3333 18
1026 3276 1098 3346 παρὰ
1115 3277 1143 3330 Ι)

171 3491 331 3546 reverendi
345 3491 501 3560 attulisset,
515 3493 565 3547 illo
576 3495 675 3547 statim
686 3493 860 3562 patriarcha
870 3493 1030 3562 designate
1040 3490 1169 3546 Basilius
1182 3491 1289 3546 eodem
1300 3490 1336 3544 36

172 3578 299 3632 vespere
319 3568 364 3618 est
381 3568 531 3632 mortuus3
552 3565 628 3618 vixit
642 3569 672 3618 et
684 3566 827 3634 regnavit
840 3579 936 3618 annos
949 3563 1069 3631 LXXII,
1090 3563 1172 3618 solus
1190 3579 1290 3618 rerum

171 3636 285 3702 potitus
303 3640 349 3688 est
370 3650 425 3704 per
448 3650 544 3689 annos
563 3635 597 3702 L,
628 3636 745 3706 relique
774 3641 909 3706 tempore
935 3635 1054 3705 collega
1078 3635 1135 3688 fuit
1163 3635 1290 3704 primum

171 3707 274 3774 patris,
294 3705 404 3760 deiude
422 3705 551 3773 Phocae,
571 3706 740 3775 postitium
758 3706 934 3761 Tzimiscae.

262 3776 304 3829 10.
340 3775 452 3831 Basilio
478 3778 536 3831 iam
561 3793 633 3832 sene
656 3785 783 3844 mortue,
811 3779 906 3832 irater
926 3777 1164 3832 Consuannmvs
1191 3777 1290 3830 statim

172 3848 305 3918 suscepit
327 3848 494 3916 imperium,
522 3848 572 3902 ilio
596 3865 658 3902 nen
681 3850 775 3903 multo
795 3855 869 3903 natu
888 3851 994 3902 minor.
1032 3849 1089 3912 Qui
1116 3863 1183 3902 cum
1212 3847 1318 3901 essct?

171 3925 282 3972 natura
313 3935 416 3973 socors
444 3924 474 3973 et
502 3920 665 3974 dissolutus
693 3922 838 3990 vitaeque
870 3921 984 3974 otiosae
1016 3921 1199 3974 assuevisset
1230 3923 1291 3981 tne-

172 4005 231 4058 que
259 3990 339 4044 enim
366 3991 462 4044 frater
489 3992 650 4060 quicquam
681 3993 769 4047 officii
797 3993 874 4062 regii
900 4007 966 4046 cum
992 4006 1028 4046 co
1053 3991 1203 4044 communi
1226 4005 1291 4043 sen-

172 4062 267 4115 tentia
290 4062 446 4131 gesserat),
475 4065 565 4117 ctiam
594 4078 695 4117 rernm
723 4065 838 4133 petitus
865 4064 954 4117 talem
978 4065 1060 4116 vitae
1083 4063 1231 4115 rationem
1251 4065 1291 4114 te-

171 4133 272 4198 nebat,
301 4147 401 4188 rerum
425 4133 689 4191 administratione.
708 4136 775 4188 aliis
798 4135 941 4188 mandata
965 4135 1069 4202 iisque,
1099 4134 1150 4202 qui
1178 4131 1290 4185 nuliam

172 4219 246 4258 suae
264 4205 432 4259 industriae
445 4207 597 4275 specimen
612 4207 825 4275 praebuerant,
846 4206 1015 4260 hominibus
1029 4220 1089 4258 non
1103 4203 1194 4258 mode
1206 4204 1291 4270 iguo·

172 4275 292 4339 bilibus,
311 4277 365 4329 sed
379 4291 419 4330 ne
435 4278 588 4346 ingenuae
602 4277 724 4346 quidem
738 4277 927 4342 conditionis,
943 4277 1119 4401 §sutilibus
1139 4274 1291 4329 indisertis

172 4361 208 4399 ac
228 4347 317 4414 piane
337 4348 482 4400 barbaris.
521 4349 589 4417 Ipse
608 4364 662 4402 rex
683 4349 890 4418 voluptatibus
910 4350 939 4401 in
963 4348 1040 4413 nisit,
1060 4347 1175 4400 ventris
1194 4351 1224 4400 et
1237 4345 1317 4402 isc-3

172 4419 253 4472 neris
266 4419 459 4488 mancipium,
478 4422 648 4489 insanoque
660 4421 761 4476 studio
776 4421 869 4488 alenc,
889 4420 1006 4486 theatri,
1020 4419 1190 4473 venationis
1205 4431 1290 4472 occu·
