3050 4775
354 477 462 538 VNDE
480 478 558 537 LEO
577 479 619 537 IN
637 477 826 537 IMAGINES
845 478 1062 537 SAEVIERIT.
1217 478 1270 536 323

147 663 263 746 μόχων
284 662 471 746 πρεσβεύων
497 662 551 726 καί
578 668 633 748 τῆς
661 662 812 747 αἱρέσεως
842 649 995 747 διάπυρος
1023 659 1168 746 ἐραστής)
1203 662 1274 726 οὔτε

149 764 187 827 τὰ
211 766 303 847 δῶρα
325 767 508 849 προσήκατο
531 766 586 829 καλ
607 765 662 830 τόν
683 766 805 830 τούτων
827 765 979 849 κομιστὴν
996 766 1217 848 ἀπεπέμψατο,
1241 765 1275 839 ἐξ
1285 769 1320 825 23

150 868 294 932 εἰδώλων
316 874 537 953 προσκυνητοῦ
559 870 605 952 μή
628 893 655 932 τι
678 868 783 952 λαβεῖν
806 869 973 953 ἀνέχεσθαι
995 868 1138 951 φάμενος
1153 866 1207 931 καί
1220 872 1313 951 τῆςΙ)

150 970 307 1053 βασιλείας
329 970 383 1034 καί
404 977 459 1053 τῆς
482 972 569 1055 ζωῆς
592 970 643 1034 διὰ
666 972 804 1054 βραχέος
824 971 1001 1035 ἓπαπειλῶυ
1014 977 1062 1052 τῷ
1076 970 1198 1053 βασιλεῖ
1210 970 1275 1033 στέ-

122 1080 252 1157 ῧρησιν,
275 1074 305 1137 εἰ
316 1072 361 1156 μὴ
377 1078 434 1137 τοῦ
449 1080 638 1158 προσκυνεῖν
652 1080 717 1145 τοῖς
732 1074 874 1144 εἰδώλοις
890 1072 1068 1155 ἀπόσχοιτο,
1091 1071 1147 1143 τός
1162 1070 1276 1141 σεπτός

152 1175 277 1247 εἰκόνας
299 1176 384 1240 οὕτω
407 1176 525 1239 καλῶν.
569 1181 665 1240 ταῦτα
688 1174 776 1259 παρὰ
799 1182 855 1239 τοῦ
879 1176 1065 1245 σταλδέντος
1087 1173 1322 1257 ἀγγελδέντα24

150 1285 199 1360 τῷ
220 1277 333 1343 Λέοντι
355 1278 526 1362 ἔμφρωτιν
549 1277 645 1342 αι’πδν
667 1280 869 1362 πεποιήκασι·
898 1278 952 1341 καὶ
974 1284 1132 1342 κοινοῦται
1154 1276 1191 1339 τὰ
1213 1300 1276 1359 μη-

150 1381 285 1444 ιυδέττο
307 1384 373 1444 τῶν
395 1381 426 1444 οἰ
448 1381 601 1464 αυνήδων
623 1380 680 1444 τινλ
701 1389 748 1464 τῷ
763 1381 955 1465 Μελισσηνῴ
971 1379 1131 1461 Θεοδότῳ,
1155 1380 1191 1449 δς
1212 1384 1277 1448 τοῖς

0 1483 370 1565 ΙΙΙΙΒὸἳείκονομόχοις
398 1483 582 1567 οἰρεσιώτης
611 1484 778 1567 ἐτύγχανεν
806 1485 862 1547 ὤν.
909 1484 996 1566 δόλῳ
1024 1483 1128 1546 τοίνυν
1159 1480 1277 1551 ἐκεῖνος
1286 1488 1321 1543 25

106 1596 143 1649 10
151 1584 206 1648 τόν
220 1584 342 1650 Λέοντα
357 1586 471 1667 μέτεισι
486 1586 543 1648 καί
554 1609 620 1650 τινα
635 1586 780 1669 μοναχὸν
796 1588 900 1669 ἑαυτῷ
917 1587 1083 1669 γινώσκων
1105 1582 1275 1666 ὁμόδοξον,

150 1687 255 1771 τούτῳ
277 1687 483 1770 συνεβούλευε
505 1689 723 1752 κοινώσασθαι
744 1688 802 1772 τὴν
816 1688 977 1762 ὑπόδεσιν,
1001 1686 1054 1751 καλ
1070 1688 1088 1750 δ
1104 1688 1143 1750 ἂν
1159 1685 1277 1755 ἐκεῖνος

149 1790 318 1873 ὑπόθηται,
341 1794 434 1854 τοῦτο
456 1796 597 1873 ποιῆσαι·
621 1789 698 1854 εἰναι
721 1791 782 1874 γὰρ
805 1790 859 1855 τόν
881 1790 982 1873 ἄνδρα
1005 1788 1120 1873 μεστὸν
1138 1788 1276 1872 χαρίτων
1285 1797 1320 1852 26

148 1896 370 1975 πνευματικῶν
392 1892 446 1955 καὶ
467 1897 659 1975 προορῶντα
682 1893 720 1956 ui
742 1894 894 1977 μέλλοντα
911 1892 966 1957 καλ
979 1892 1182 1975 προλέγοντα.
1230 1890 1320 1961 dcet

150 1992 209 2057 οὖν
231 1993 293 2058 ελδε
314 1993 369 2058 τόν
391 1995 519 2078 βασιλέα
544 1996 738 2078 συνθέμενον
752 2002 816 2068 τοῖς
831 1996 935 2079 λόγοις
950 1995 1056 2068 αὐτοῦ,
1080 1994 1181 2057 ἄπεισι
1195 1991 1276 2075 πρὸς

104 2108 139 2162 15
149 2094 204 2158 τόν
225 2095 369 2178 μαναχδν
384 2096 403 2159 ό
419 2095 577 2169 Θεόδοτος
599 2098 653 2161 καί
675 2100 819 2181 προλέγει
842 2099 931 2181 αὐτῷ
953 2096 1010 2181 τὴν
1033 2097 1079 2168 oc
1102 2095 1198 2159 αι’πδν
1219 2101 1275 2159 τοῦ
1287 2103 1434 2159 Ρ1113οΑ

149 2199 370 2281 βασιλεύοντος
396 2200 430 2262 έν
458 2199 586 2263 ἰδιώτου
615 2202 749 2284 σχήματι
772 2202 877 2285 ἄφιξιν
899 2199 953 2264 καί
976 2200 1050 2264 ὅτου
1074 2198 1165 2281 χάριν
1188 2197 1273 2261 ἔλεό-

149 2301 310 2366 σεταιικολ
331 2308 534 2385 μυσταγωγεῖ
551 2309 662 2367 τοῦτον
684 2304 744 2368 ὅσα
767 2312 814 2387 τῷ
840 2304 962 2387 βασιλεῖ
987 2302 1163 2375 διαλέξεται.
1210 2299 1318 2363 εἰταῖὃ

147 2403 262 2476 νυκτὸς
284 2405 403 2470 ἄπεισιν
418 2405 437 2468 ό
453 2405 598 2488 βασιλεὺς
619 2406 701 2490 πρός
722 2407 777 2472 τδν
798 2406 943 2491 μσναχδν
964 2403 1272 2489 μεταμφιασόμενος,

148 2625 166 2679 6
189 2625 250 2694 περὶ
275 2633 321 2680 τοῦ
346 2626 518 2696 Μελισσηνοῦ
544 2629 699 2698 (μελισηνοῦ
717 2629 751 2694 Ε)
783 2629 914 2684 Θεοδότου
938 2626 983 2682 καὶ
1007 2628 1080 2686 ὅπως
1105 2624 1149 2680 τόν
1171 2623 1272 2679 Λέοντα

148 2697 268 2767 ἧπάτησε
285 2697 354 2752 κατὰ
371 2705 425 2752 τῶν
444 2700 527 2768 ἁγίων
544 2701 658 2756 εἰκόνων
675 2702 798 2770 λυπῆσαι
818 2699 866 2756 ΟΕ
966 2699 1000 2753 13
1019 2700 1068 2767 δρα
1085 2699 1169 2752 πόσον
1187 2697 1203 2750 ό
1220 2698 1273 2750 Σα·

148 2768 226 2828 τονᾶς
245 2769 310 2838 (Sic)
329 2769 414 2838 ἰσχύει
433 2769 456 2823 Β

205 2983 221 3037 1
240 2983 405 3054 morocoria
418 2983 491 3056 pr
546 2985 635 3054 ἳτδν]
648 2983 696 3056 τὴν
707 2984 868 3056 typotheta
881 2985 964 3055 apud
978 2983 1021 3041 Di
1074 2985 1092 3040 4
1110 2985 1232 3056 βραχέως
1248 2982 1273 3038 Ε

239 3056 345 3125 βασιλεῖ
359 3055 411 3110 ΑΕ
430 3055 517 3112 Cedr.
536 3055 680 3126 (Scyllia.)
699 3056 729 3110 II
748 3073 777 3126 p.
796 3055 839 3124 54,
859 3057 902 3126 23,
920 3057 1003 3112 λέοντι
1024 3055 1097 3127 pr
1179 3056 1196 3109 6
1215 3075 1272 3109 στα-

203 3127 291 3187 λέντος
308 3126 476 3198 BcEwpDi
542 3127 650 3183 ’λαίιτῶ
669 3127 693 3182 Ε
756 3128 774 3182 8
792 3135 846 3182 τῶν
864 3130 892 3182 οἱ
908 3157 942 3166 -
961 3129 979 3182 9
997 3129 1152 3198 αἱρεοιώτης
1172 3143 1228 3252 021}-
1248 3127 1272 3180 Ε

1148 3219 1191 3252 ασι
1220 3219 1237 3252 α

203 3269 222 3322 8
239 3271 267 3323 ολ
284 3285 341 3325 om.
361 3269 434 3341 pr
517 3271 551 3325 12
568 3271 697 3326 ὕπόδοιτα
716 3271 790 3340 pr
873 3271 908 3325 14
925 3271 1032 3342 βασιλέα
1051 3270 1111 3339 AR,
1129 3201 1221 3324 λέοντα
1241 3267 1271 3338 C,

203 3341 294 3396 λέοντα
305 3342 414 3411 βασιλέα
432 3341 532 3414 πρῦἰ,
551 3344 749 3413 imperatore:
773 3344 823 3399 Wo
835 3343 886 3396 lat.
901 3344 1011 3398 omisso
1025 3342 1136 3398 Leonis
1150 3343 1272 3397 nomine

205 3413 239 3467 16
257 3413 331 3482 eosq]
348 3422 387 3484 τῷ
406 3413 443 3482 Ι),
462 3414 569 3469 ἰδιώτου
588 3431 665 3470 corr.
684 3413 737 3473 Dw

149 3630 272 3697 bantur,
291 3630 412 3684 dimisso
432 3629 587 3698 professus
607 3632 652 3683 ost
671 3643 704 3683 se
722 3643 741 3682 a
760 3629 991 3683 simulacrorum
1014 3629 1176 3684 adoratore
1199 3629 1318 3684 nihil23

151 3702 300 3771 accipere,
319 3701 385 3769 regi
402 3704 433 3753 et
450 3700 538 3768 regni
558 3705 589 3753 et
610 3701 689 3754 vitae
707 3701 855 3753 iacturam
875 3702 962 3755 brevi
981 3701 1187 3766 comminatam,
1215 3701 1273 3755 nisi

150 3773 331 3827 adoratione
342 3771 570 3826 simulacrorum
581 3772 636 3835 (sio
644 3771 723 3824 enim
731 3771 923 3826 venerandas
932 3773 1081 3842 imagines
1088 3772 1273 3841 appellabat)

150 3845 326 3899 abstineret.
350 3843 436 3897 Haec
447 3843 588 3897 nuntiata
601 3842 760 3896 sollicitum
773 3842 972 3896 reddiderunt
982 3843 1129 3912 Leonam3
1143 3859 1205 3896 rem
1219 3843 1273 3912 igi·
1282 3843 1318 3898 24

149 3922 201 3970 tur
214 3930 283 3969 cum
303 3914 434 3984 quodam
447 3929 486 3968 ex
499 3914 699 3967 familiaribus
712 3913 870 3968 Theodoto
884 3913 1042 3968 Melisseno
1063 3915 1272 3980 communicat,

150 3987 203 4057 qui
216 3987 482 4057 oppugnatoribus
495 3986 662 4054 imaginum
676 3984 827 4039 studebat.
852 3984 906 4039 Illo
918 3984 1052 4040 Leonem
1067 3985 1135 4039 dolo
1150 3999 1273 4054 aggres-
1282 3985 1317 4040 25

150 4073 202 4113 sus
211 4063 324 4125 monet,
334 4062 368 4111 ut
377 4058 534 4126 negotium
546 4071 613 4110 curn
622 4055 754 4125 quodam
761 4057 920 4123 monacho,
931 4071 1020 4125 quem
1028 4056 1161 4110 eiusdem
1170 4070 1273 4109 secum

150 4130 304 4226 opinionis
316 4143 382 4184 esse
400 4135 498 4196 norat,
518 4128 718 4182 communicet
731 4134 761 4182 et
781 4142 860 4196 quae
873 4128 922 4182 ille
936 4129 1065 4182 suaserit
1078 4131 1272 4196 exsequatur.

149 4200 257 4255 lirum
267 4201 347 4255 enirn
357 4199 480 4270 plenum
491 4215 558 4254 esse
567 4199 668 4268 gratia
679 4200 803 4268 spiritus
813 4214 849 4252 ao
859 4213 908 4253 res
919 4199 1039 4254 futuras
1050 4202 1080 4253 et
1093 4198 1273 4269 praevidere
1283 4197 1318 4252 26

150 4280 181 4326 ct
196 4272 382 4342 praedicere.
415 4269 532 4334 Quibus
550 4270 652 4324 verbis
671 4285 746 4340 rege
766 4285 888 4324 ascenso
903 4269 1079 4325 Theodotus
1092 4269 1273 4324 monachum
1283 4269 1317 4324 27

150 4345 304 4411 convenit,
322 4356 428 4412 regern
447 4342 553 4395 habitu
572 4341 683 4409 privati
704 4342 833 4395 hominis
859 4342 899 4395 ad
927 4357 996 4396 cum
1019 4345 1183 4395 venturum
1207 4355 1273 4394 esse

150 4419 182 4470 et
199 4430 262 4485 qua
274 4415 375 4484 gratia
393 4415 433 4467 sit
451 4417 598 4467 venturus
617 4413 740 4482 indicat,
760 4427 900 4482 quaeque
921 4429 988 4467 cum
1007 4427 1082 4482 rege
1101 4413 1161 4466 sint
1184 4411 1274 4466 disse·

150 4487 249 4542 reuda
271 4501 342 4542 eum
365 4483 461 4540 docet.
498 4483 565 4539 Rex
587 4487 680 4539 noctu
699 4483 739 4537 ad
757 4485 940 4540 monachum
960 4483 1023 4538 abit
1045 4488 1162 4538 mutata
1181 4483 1319 4552 vests,28
