3050 4775
288 478 340 539 736
571 475 708 538 ΖΟΝΑΒ»
727 474 827 537 usin.
846 474 1006 550 11111126,
1025 476 1120 535 6-19.

261 668 372 728 arona
404 664 459 727 καί
485 664 595 728 αὐτίκα
624 669 745 747 φυγεῖν.
790 669 885 728 ταῦτα
913 663 972 746 μίν
1000 660 1057 727 οὖν
1078 670 1125 745 τῷ
1147 662 1404 746 ἐσχηματισμένῳ

287 767 409 850 βασιλεῖ
437 767 616 831 ἐνετείλατο·
650 767 768 837 ἐκεῖνος
801 765 835 830 δὲ
866 766 943 848 μετὰ
975 773 1029 850 τής
1056 766 1167 849 λοιπῆς
1194 770 1337 847 στρατιᾶς
1363 760 1403 828 δι’

288 870 376 933 ὁθῶν
398 870 528 953 ἀδήλων
549 870 755 951 περιοδεύσας
777 868 830 933 καί
853 876 898 951 τῷ
920 874 985 933 τῶν
1001 868 1159 951 Φράγγιον
1175 868 1323 951 ἐμβαλὼν
1346 868 1405 950 χά-

288 996 361 1055 ρακι
383 972 439 1042 τάς
460 996 492 1036 τε
515 971 633 1055 σκηνὰς
655 972 761 1036 αὐτῶν
783 971 837 1035 καί
854 971 891 1033 τὰ
908 972 941 1035 ἐν
956 973 1063 1043 αὐτοῖς
1078 972 1220 1055 ἔληίσατο
1235 971 1289 1034 καί
1304 971 1407 1053 φόνον

261 1074 387 1138 8πολὺν
402 1076 579 1157 ἐποιήσατο.
625 1080 681 1138 τοῦ
694 1074 889 1157 Ῥομπέρτου
907 1074 941 1137 dd
956 1074 1035 1138 κατὰ
1056 1079 1112 1137 τοῦ
1136 1074 1432 1157 ἐσχηματισμένουῡ

287 1178 442 1261 βασιλέως
472 1177 680 1260 ὁρμήσαντος,
711 1178 857 1247 κάκεῖνος
888 1176 942 1241 καί
968 1178 988 1259 ή
1016 1176 1073 1241 σὺν
1099 1176 1188 1259 αὐτῷ
1214 1175 1338 1259 στρατιὰ
1367 1176 1405 1239 τὰ

261 1280 397 1364 9χαλιν6
429 1280 619 1364 χαλάσαντες
650 1282 777 1363 ἔφυγον.
824 1279 842 1343 ὁ
871 1279 905 1344 δὲ
936 1280 1102 1363 βάρβαρος
1129 1280 1258 1363 ἕγαυρία
1284 1279 1407 1362 μᾶλλον

244 1392 279 1447 10
287 1383 342 1447 καί
370 1384 485 1467 ἐπῆρτο
510 1384 557 1453 ὡς
579 1384 835 1467 ἀπροσμάχητος.
882 1381 1039 1465 ἐντούτῳ
1063 1382 1098 1445 dd
1120 1383 1294 1465 ἀγγέλλεται
1316 1382 1408 1463 αὐτῷ

127 1492 342 1551 ΡΙΙθθὸΑτοῦ
364 1486 508 1570 χάρακος
530 1486 550 1569 ή
574 1485 768 1568 ἐκπόρθησις
790 1484 886 1568 καλή
910 1484 1022 1568 φθορὰ
1044 1490 1109 1548 τῶν
1132 1486 1204 1567 ἐκεῖ,
1232 1485 1285 1549 καί
1308 1484 1408 1555 εὐθὺς

244 1599 276 1653 11
287 1595 415 1671 παρεῖτο
445 1588 500 1652 καί
527 1588 582 1659 τὰς
609 1594 716 1672 χεῖρας
742 1588 796 1653 καί
819 1585 876 1670 τὴν
897 1588 1006 1671 ψυχήν
1029 1588 1082 1651 καί
1105 1588 1209 1651 ἀπιὼν
1231 1588 1340 1669 ᾤχετο.
1388 1586 1517 1651 lel'd

288 1692 323 1755 dt
345 1692 489 1774 βασιλεὺς
511 1691 697 1755 ἐπανελθὼν
718 1693 761 1760 τίς
779 1690 835 1773 τήν
850 1690 1100 1772 Κωνσταντίνσυ,
1123 1690 1316 1773 μηνυθείσης
1340 1688 1407 1751 dnt-

286 1795 405 1877 βουλής
420 1795 518 1876 αὐτῷ,
542 1794 616 1865 τούς
630 1816 662 1857 τε
676 1794 790 1875 ταύτης
806 1792 1034 1877 πρωτουργοὺς
1052 1795 1198 1876 συνέσχεν
1214 1792 1249 1855 ἐκ
1265 1796 1330 1855 τῶν
1352 1814 1407 1854 τα-

287 1902 449 1979 γματικῶν
467 1897 560 1967 ὄντας
581 1896 746 1980 ἀρχόντων
768 1896 822 1959 καί
844 1895 980 1966 πολλοὺς
1001 1901 1065 1960 τῶν
1088 1896 1254 1978 ἐγχωρίων
1276 1894 1329 1959 καί
1353 1901 1410 1977 τῆς

187 2019 191 2026 ·
287 2000 462 2082 συγκλήτου
477 2000 605 2082 βουλῆς,
622 2000 669 2069 ὡς
684 2000 762 2082 τάχα
779 2000 970 2081 συνίστορας,
993 1998 1066 2068 τοὺς
1080 1998 1214 2081 πλείους,
1238 1998 1285 2067 ὥς
1300 2020 1408 2079 φασιν,

287 2100 363 2165 οὐδὲ
385 2100 468 2184 πρὸς
489 2100 649 2182 ἀλήθειαν,
673 2098 738 2164 ἀλλ’
755 2102 804 2164 ἵνα
821 2107 905 2184 σφᾶς
928 2102 1079 2185 γυμνώσῃ
1102 2106 1167 2165 τῶν
1190 2100 1449 2184 6παρχόντωυ.16

245 2212 279 2268 12
373 2202 418 2265 ‘H
436 2203 495 2286 μὲν
522 2200 580 2266 οὖν
606 2208 661 2266 τοῦ
681 2202 874 2287 Ῥομπέρτου
902 2204 1038 2274 ἐπίθεσις
1065 2204 1216 2284 πέπαυτο,
1249 2203 1409 2285 ἑτέρωθεν

245 2317 280 2372 13
290 2302 318 2370 θ’
343 2303 437 2377 αὖθις
458 2311 495 2390 τῇ
515 2304 683 2390 Ῥωμαίων
706 2308 856 2390 ἡγεμονίᾳ
880 2306 992 2391 ἐχθροί
1020 2306 1242 2369 ἐπανίστανται.
1289 2306 1320 2367 σί
1347 2304 1409 2387 γὰρ
1516 2350 1517 2360 r

294 2411 434 2494 Τοῦρκοι
459 2409 516 2494 τὴν
544 2408 629 2492 ἑῴαν
653 2407 709 2492 ὑφ’
734 2410 865 2480 ἑαυτοὺς
887 2411 1092 2494 ποιησάμενοι
1115 2409 1190 2474 οὐδὲ
1212 2413 1276 2474 τῶν
1299 2409 1410 2492 νήσων

245 2524 279 2577 14
289 2514 470 2596 ἀπέσχοντο.
516 2510 582 2577 ἀλλ’
610 2513 629 2576 ὁ
659 2513 783 2598 Τζαχᾶς
816 2513 973 2598 (Τοῢρκσς
1005 2513 1039 2576 θὲ
1071 2512 1123 2576 καί
1156 2509 1249 2582 οὗτος
1276 2512 1315 2574 οὔ
1344 2515 1411 2574 τῶν

289 2678 325 2733 16
341 2679 402 2748 περί
414 2685 468 2734 τῶν
479 2680 576 2749 νήσων,
596 2681 670 2740 ὅπως
682 2680 802 2736 ίιίλωσσν
813 2679 885 2750 παρὰ
899 2687 944 2736 τοῦ
960 2681 1050 2750 Regii
1062 2679 1092 2748 C,
1111 2679 1230 2750 περὶτοῦ
1246 2679 1369 2749 Τούρκου
1386 2677 1410 2732 Ε

344 2831 358 2884 1
378 2839 472 2902 φυγεῖν
491 2829 637 2903 AprDi
655 2834 776 2903 epitom.
796 2833 962 2900 Hoeschel.,
981 2835 1119 2904 διαφυγεῖν
1129 2831 1182 2886 BD
1271 2830 1410 2885 isdem.

343 2903 367 2956 E
457 2902 474 2956 6
494 2905 646 2971 Bosporion
665 2906 786 2974 epitom.
806 2905 962 2959 lloesclrel.
1071 2912 1117 2958 τοῦ
1135 2909 1204 2974 post
1221 2903 1287 2957 κατὰ
1307 2919 1364 2956 om.
1387 2902 1409 2958 C

343 2976 360 3028 8
378 2975 408 3027 ἐκ
422 2975 514 3028 τούτου
528 2975 560 3045 Β,
579 2976 607 3030 ίν
620 2977 720 3036 τούτοις
733 2976 760 3029 D
849 2977 878 3030 δὲ
890 2975 925 3044 Α,
945 2975 969 3028 θ’
983 2974 1101 3046 prDi
1115 2978 1235 3046 epitom.
1250 2974 1408 3028 Hoescltel.

344 3046 377 3099 16
396 3045 452 3114 τοῦ]
472 3047 516 3100 τὸν
534 3047 561 3100 D
633 3047 834 3117 ῥσυμπίρτουῦ
905 3048 1035 3102 πεπαύττο
1054 3046 1080 3100 D
1154 3048 1187 3101 17
1206 3045 1409 3100 barlaamo

343 3118 378 3170 18
397 3123 467 3171 ante
485 3118 534 3187 ὑφ’
553 3117 622 3172 add.
640 3119 769 3173 πασανῦ
842 3119 875 3172 19
894 3120 910 3172 ὁ
928 3118 969 3188 ..l
982 3158 1058 3172 .....
1078 3127 1190 3186 τσῦρκος
1209 3117 1236 3170 D
1312 3120 1409 3186 τζαχιῖς
1514 3177 1515 3184 ,

342 3188 544 3259 ΑΒΟΕτνρῦί,
565 3190 721 3260 llplrraem.
741 3189 820 3255 3520,
840 3189 917 3243 Arm.
937 3189 1039 3245 Coum.
1059 3189 1072 3242 Ι
1092 3207 1119 3260 p.
1139 3191 1200 3260 361,
1219 3189 1243 3258 9,
1262 3191 1409 3252 τζακατζιῑς
1514 3249 1515 3256 ,

343 3259 428 3330 Glyc.
447 3277 475 3330 p.
494 3263 592 3330 6⁸20,6
663 3262 709 3316 καί
728 3259 828 3316 onec
900 3259 942 3329 οὗ]
962 3262 1008 3316 καί
1028 3261 1078 3314 BD

262 3415 280 3472 ‘l
291 3415 392 3468 cinctu
410 3418 469 3468 stet
488 3428 586 3483 eoque
605 3430 741 3484 pugnarn
761 3416 860 3470 ciente
882 3420 969 3486 tergo
990 3414 1061 3470 dato
1080 3417 1180 3470 statim
1206 3415 1312 3484 fngiat,
1342 3416 1408 3484 ipse

290 3501 364 3540 vero
389 3501 457 3538 cum
482 3487 598 3554 reliquo
622 3488 759 3542 exercitu
785 3503 839 3558 per
863 3488 1009 3556 ambages
1032 3493 1062 3541 et
1089 3487 1172 3541 invia
1201 3487 1267 3540 loca
1295 3485 1408 3540 vallum

289 3557 476 3612 Francorum
490 3571 656 3626 aggressus
668 3559 798 3612 tentorio
815 3573 920 3612 eorum
939 3559 1041 3628 diripit
1060 3572 1264 3628 magnamque
1284 3557 1409 3611 caedem

262 3629 361 3688 Sedit.
397 3627 530 3682 Roberto
550 3636 651 3684 sutem
673 3630 704 3683 iu
728 3631 870 3684 ficticium
894 3645 998 3700 regom
1023 3632 1166 3700 impetum
1190 3631 1329 3696 iaciente,
1360 3629 1409 3681 ille

263 3703 359 3756 ileum
384 3701 447 3753 sois
473 3699 582 3754 laxatis
607 3701 734 3755 habenis
757 3703 845 3771 sugit.
883 3703 949 3765 Qua
972 3701 1010 3756 de
1030 3717 1122 3755 causa
1142 3702 1292 3755 barbarus
1311 3701 1409 3768 magis

291 3774 382 3824 etiam
409 3771 598 3840 gloriabatur
620 3779 651 3826 et
672 3773 881 3840 insolescebat,
911 3775 997 3841 quasi
1021 3789 1108 3828 nemo
1133 3787 1235 3828 secum
1262 3771 1409 3841 congredi
1514 3783 1515 3786 ’

248 3846 282 3899 10
291 3843 427 3897 auderet.
464 3842 587 3896 Interim
603 3859 677 3898 vero
691 3847 831 3898 nuntiata
844 3844 915 3898 valli
932 3847 1102 3899 vastatione
1115 3850 1146 3898 et
1158 3845 1282 3898 interitu
1295 3857 1408 3908 eorum,

291 3916 343 3982 qui
369 3913 429 3968 illic
452 3915 588 3982 inissent,
617 3917 717 3971 statim
743 3922 774 3969 et
798 3916 905 3969 animis
929 3919 958 3969 et
980 3916 1119 3970 manibus
1139 3916 1267 3970 dimissis
1286 3912 1408 3968 recedit.

248 3985 351 4042 llSed
378 4001 432 4039 rex
458 3984 572 4056 Cpolirn
595 4002 738 4042 reversus
761 3988 878 4041 insidiis
908 3987 1031 4042 detectis
1060 3989 1241 4057 praecipuos
1268 3991 1409 4042 auctores

292 4057 527 4128 comprehendit,
560 4059 638 4112 inter
669 4073 746 4127 qnos
777 4064 866 4113 erant
895 4065 925 4114 et
953 4059 1106 4128 legionum
1139 4059 1232 4112 duces
1263 4063 1293 4112 et
1324 4057 1407 4110 multi

291 4145 330 4183 ex
353 4129 551 4199 popularibus
574 4136 605 4183 et
628 4131 829 4197 senatoribus,
858 4132 909 4199 qui
937 4131 1155 4184 coniurationis
1182 4131 1295 4184 conscii
1323 4135 1406 4198 puta-

292 4201 411 4267 bantur,
430 4201 507 4255 ialso
521 4201 667 4270 plerique,
686 4207 720 4255 ut
732 4203 843 4269 ierunt,
863 4217 900 4255 en
914 4201 951 4255 de
968 4215 1061 4255 causa
1081 4203 1112 4254 in
1131 4200 1277 4255 iudicium
1297 4201 1405 4264 vocati,

290 4279 326 4326 ut
346 4273 432 4326 bonis
451 4274 653 4342 privarentur.

248 4346 282 4401 12
380 4343 559 4413 Compresso
577 4343 702 4398 Roberti
721 4345 844 4414 impetu,
873 4344 995 4398 aliunde
1015 4344 1140 4400 Romani
1164 4345 1282 4415 imperii
1308 4343 1405 4398 hostes

247 4416 450 4472 13exsistnnt.
487 4414 562 4469 Nam
581 4415 672 4470 Turci
692 4415 815 4470 Oriente
839 4416 966 4470 subacto
990 4431 1029 4470 ne
1053 4418 1158 4470 insulis
1177 4416 1300 4486 quidem
1319 4415 1405 4470 absti-

248 4490 433 4554 lineorum,
460 4487 513 4541 sed
532 4487 677 4556 Taacbas,
702 4488 821 4541 Turcus
841 4488 888 4542 ille
909 4487 1028 4558 quidem
1050 4505 1110 4543 non
1128 4489 1260 4558 illustris,
1288 4489 1341 4544 sed
1360 4487 1405 4540 rir
1513 4525 1514 4546 ,
