3050 4775
247 441 300 497 508
543 439 679 498 ZONAR.
701 441 798 496 EPIT.
817 441 885 497 xv]
904 443 947 510 26,
966 441 1064 498 3-16.

247 623 309 687 λειν
331 624 596 706 ἀναιρεθήσεσθαι
618 625 726 698 ἔδοξεν
748 626 853 707 ἑαυτῷ
866 626 1093 706 περιποιεῖσθαι
1109 623 1160 688 διὰ
1175 632 1231 689 τοῦ
1246 627 1366 708 τείχους

173 726 201 781 D
221 726 427 809 4ἀσφάλειαν,
457 727 530 790 δέον
552 725 737 809 λογίσασθαι
759 728 807 799 ὡς
828 729 858 792 εἰ
875 727 936 811 μὲν
957 727 1075 810 ἀληθὲς
1096 730 1143 811 εἴη
1166 728 1201 792 τὸ
1224 751 1365 813 χρησμο-

249 828 381 912 δότήμα,
411 831 456 912 εἴη
480 832 519 892 ἂν
541 829 596 893 καί
617 829 652 893 τὸ
674 831 894 913 πεπρωμένον,
927 827 964 894 ἵν’
989 830 1092 902 οὕτως
1115 833 1239 913 εἴποιμι,
1271 831 1306 894 τδ
1329 831 1366 895 ἐκ

222 932 328 996 boeot
356 932 532 1014 ὡρισμένον
560 932 702 1016 άφυκτόν
728 956 760 996 τε
791 933 846 996 καί
876 933 1081 1016 ἀμετάθετον·
1113 935 1143 997 εἶ
1172 933 1207 998 δὲ
1239 934 1367 997 δύναται

248 1034 434 1118 κωλυθῆναι
457 1031 496 1098 δι’
520 1035 657 1106 ἐπινοίας
678 1035 769 1118 τινός,
802 1037 841 1100 οὐ
869 1036 997 1108 πάντως
1025 1035 1143 1120 ἀληθὲς
1164 1035 1218 1100 καί
1240 1033 1277 1098 τὰ
1300 1037 1404 1099 ἐπι-Ι)
1419 1040 1517 1096 1v84

221 1136 405 1219 θνοούμενα
437 1137 570 1221 περιττά.
617 1137 694 1203 όδὲ
720 1138 841 1203 τούτων
867 1139 962 1203 οὐδὲν
987 1139 1191 1222 λογισάμενος
1217 1139 1367 1221 μεγάλαις

250 1239 403 1308 δαπάναις
433 1245 481 1321 τῷ
511 1246 568 1303 νῦν
599 1241 757 1324 ὁρωμένῳ
789 1242 878 1324 τείχει
905 1239 942 1305 τά
969 1242 1108 1324 βασίλεια
1138 1242 1365 1325 ἐστεφάνωσεν·

250 1339 421 1424 ἀκρόπολιν
437 1338 465 1405 δ’
482 1345 513 1406 σί
526 1343 646 1406 πολῖται
664 1350 755 1408 τοῦτο
778 1344 832 1407 καί
853 1351 1032 1427 τυραννεῖον
1054 1341 1131 1409 καθ’
1148 1346 1270 1409 ἑαυτῶν
1285 1345 1367 1428 γινό-

223 1445 348 1526 Ίμενον
360 1445 492 1528 ἔκρινον.
517 1445 567 1509 ὅτε
579 1447 681 1510 τοίνυν
692 1447 841 1530 ἀπήρτισε
851 1447 887 1511 τδ
899 1448 1056 1531 ὀχύρωμα
1072 1448 1126 1512 καί
1141 1449 1249 1523 ἔδοξεν
1264 1449 1369 1531 ἑαυτῷ

250 1547 378 1630 ἀσφαλῆ
399 1550 661 1632 περιποιήσασθαι
683 1550 840 1633 φυλακήν,
863 1549 925 1613 τότ’
946 1552 1028 1632 ἔγνον
1051 1551 1151 1635 μηδὲν
1174 1552 1262 1634 αὐτῷ
1284 1551 1414 1615 ivor-10

223 1649 379 1733 8τελῆσαν
401 1649 436 1715 τό
455 1651 620 1735 ἐπινόημα,
644 1652 782 1724 ὑποστάς
796 1652 883 1725 ἔντδς
897 1654 1018 1718 ἐκείνου
1032 1653 1087 1718 τὸν
1101 1654 1245 1736 ὄλεθρον.
1290 1653 1368 1717 ἀλλὰ

250 1754 349 1837 μήπω
372 1755 443 1836 περὶ
464 1754 586 1837 τούτου,
611 1757 652 1819 ἔτι
676 1751 704 1819 δ’
729 1755 747 1818 δ
770 1756 863 1838 λόγος
885 1758 1014 1839 πράξεις
1037 1756 1156 1832 διεξίτω
1180 1757 1308 1821 ἐκείνου.

54 1859 205 1918 Pnaotn
223 1863 241 1918 9
335 1856 537 1921 Ύπονοστῶν
559 1858 595 1932 ἐξ
612 1858 797 1941 Ἀντιοχείας
818 1865 873 1942 τῆς
894 1858 977 1942 πρὸς
994 1859 1129 1942 Ὀρόντῃ
1153 1856 1245 1930 οὗτος
1267 1858 1286 1922 δ
1308 1861 1367 1942 βα-

250 1956 350 2029 σιλεὺς
372 1960 528 2042 φρούριον
549 1961 584 2023 ἐν
606 1967 653 2043 τῷ
675 1961 741 2044 ὄρει
763 1967 819 2025 τοῦ
842 1961 967 2044 Ταύρου
991 1963 1135 2045 ἐδείματο
1160 1960 1311 2045 (Μαῦρον
1335 1961 1369 2025 δὲ

251 2063 328 2144 ὄρος
350 2062 451 2128 ἐκεῖνο
478 2064 557 2146 λέγει
583 2069 640 2128 νῦν
663 2065 681 2128 δ
704 2064 802 2136 πολὺς
823 2063 1023 2148 ἅνθρωπος),
1056 2065 1090 2129 ἐν
1112 2061 1142 2148 ᾦ
1165 2065 1295 2148 Μιχαὴλ
1315 2062 1371 2128 τὸν
1381 2068 1417 2122 15

251 2166 416 2250 Βούρτζην
438 2167 589 2246 κατέλιπε,
618 2169 781 2249 πατρίκιον
802 2170 934 2252 τιμήσας
956 2168 1087 2232 καὶτοῦ
1110 2168 1250 2250 Μαύρου
1274 2168 1372 2249 ὄρους

251 2269 423 2353 στρατηγὸν
447 2269 607 2353 ἀνομάσας
622 2271 727 2353 αὐτόν,
750 2271 824 2343 τοὺς
835 2271 1000 2354 ’Ἀντιοχεῖς
1015 2276 1138 2335 κακοῦν
1153 2269 1370 2353 ἐντειλάμενος.

208 2386 243 2445 10
251 2373 305 2439 καί
319 2372 445 2457 Πέτρον
461 2368 489 2439 δ’
507 2375 560 2439 ἕνα
581 2379 645 2439 τῶν
668 2375 781 2439 ἑαυτοῦ
797 2373 1015 2459 θεραπόντων,
1038 2373 1187 2458 ἕκτομίαν
1200 2375 1269 2457 μέν,
1293 2373 1371 2455 δρα-

253 2569 287 2623 13
305 2571 377 2629 άπως
396 2570 464 2624 luta
483 2572 500 2640 ἡ
516 2570 654 2640 Ἀντιόχεια
671 2570 714 2623 ἐπὶ
732 2571 826 2625 τούτου
847 2578 893 2625 τοῦ
915 2569 1123 2638 αὐτοκράτορος·
1152 2567 1200 2625 ΟΕ
1227 2568 1272 2623 καί
1298 2570 1372 2629 δπως

251 2642 352 2701 ἐκεῖνος
371 2642 475 2710 διετέθη
494 2642 560 2711 πρὸς
579 2641 638 2702 τοὺς
657 2641 767 2702 άλόντας
784 2641 867 2713 αὐτὴν
885 2641 931 2697 καί
949 2641 993 2696 διὰ
1009 2643 1066 2696 τίνα
1083 2641 1166 2695 αἰτίαν
1184 2639 1207 2696 C

305 2836 323 2889 2
340 2834 389 2904 μὲν
399 2832 525 2905 prDi,
543 2835 581 2905 μή
594 2834 621 2889 Α
673 2836 889 2905 χρησμοδόθήμα
908 2835 945 2906 p*
1001 2834 1056 2889 3.4
1073 2834 1105 2888 λιι
1124 2835 1189 2889 θεοῦ
1208 2831 1371 2903 AEwap,

305 2907 412 2962 ἀνωθεν
431 2906 455 2961 Ο
545 2907 563 2961 4
581 2908 686 2963 δύναιτο
704 2907 779 2977 pr
869 2909 887 2962 8
904 2908 1005 2961 πολῖται
1025 2903 1128 2973 ODDi,
1147 2905 1249 2960 πολίται
1268 2902 1370 2974 Apr

341 2985 417 3033 τοῦτο
437 2994 494 3033 om.
513 2978 541 3031 D
674 2987 826 3048 τυραννεῖον
843 2977 970 3051 prDt',
989 2986 1112 3045 τυραννεῖ
1127 2975 1163 3044 Α,
1181 2985 1315 3045 τυρανεῖον
1334 2976 1370 3043 D,

307 3066 383 3105 corr.
404 3049 455 3108 Dw
539 3051 557 3105 9
574 3050 701 3121 άπήρτισε
719 3049 846 3121 prDt',
865 3050 1000 3119 άπήρτιγσε
1019 3048 1071 3103 ΑΒ
1153 3049 1188 3103 10
1204 3048 1371 3117 περιποιήσα-

306 3123 371 3176 σθαι
386 3122 391 3189 Ι
406 3122 454 3191 τὴν
475 3121 600 3193 φυλακήν
617 3122 724 3192 ἀσφαλῆ
736 3122 810 3192 Ewp
883 3122 917 3176 12
936 3120 1072 3177 τούτωνΟ
1145 3121 1249 3183 διεξίτω
1262 3120 1371 3187 πράξεις

307 3194 331 3249 0
418 3193 451 3249 13
469 3194 564 3263 ἀρόντη
584 3192 659 3263 cDi,
677 3194 789 3263 όρρόντη
808 3191 844 3261 Α,
862 3195 973 3263 δρόντην
991 3192 1075 3263 Eup,
1095 3208 1122 3247 v.
1143 3192 1183 3246 ad
1200 3190 1274 3246 XIII
1292 3192 1317 3258 8,
1336 3190 1371 3245 26

341 3264 515 3335 αὐτοκράτωρ
536 3265 560 3321 Ο
634 3265 669 3319 14
687 3270 756 3335 post
774 3264 804 3319 δὲ
823 3265 893 3320 add.
911 3264 941 3319 τδ
959 3264 986 3318 D

226 3459 286 3513 ise
309 3459 468 3514 moenibus
492 3462 590 3513 tntum
615 3461 689 3513 fore.
726 3459 889 3514 Enimvero
913 3460 957 3513 sic
980 3459 1008 3513 ei
1032 3457 1275 3513 ratiocinandum
1300 3456 1372 3510 luit:

253 3532 278 3585 si
302 3544 408 3584 verum
434 3534 513 3585 esset
536 3530 701 3598 oraculum,
730 3531 820 3584 etiam
843 3531 948 3597 fetum,
975 3538 1011 3584 ut
1027 3531 1071 3583 ita
1093 3529 1199 3595 dicam,
1228 3527 1373 3581 divinitus

227 3600 425 3657 dominatum
445 3616 511 3657 esse
530 3601 704 3657 inevitabile
723 3606 753 3656 et
771 3601 965 3667 immutabile,
993 3602 1040 3656 sin
1059 3601 1090 3654 id
1114 3600 1217 3669 eliqua
1240 3597 1374 3653 sollertia

255 3672 408 3743 prohiberi
428 3678 536 3742 posset,
565 3689 627 3727 non
651 3674 758 3742 utiquc
783 3687 849 3727 cese
874 3688 981 3727 verum
1006 3686 1186 3741 omnemque
1211 3669 1373 3725 sollertiam

227 3746 522 3815 dsupervacaneam.
551 3743 611 3800 Sed
630 3745 679 3799 ille
697 3744 782 3798 nulla
795 3742 902 3798 harum
915 3760 1016 3799 rerum
1034 3743 1234 3810 considerate,
1253 3742 1374 3809 magnis

254 3816 424 3885 sumptibus
438 3817 554 3885 regiain
568 3831 604 3870 eo
622 3831 718 3883 muro,
738 3816 790 3885 qui
807 3817 897 3869 etiam
910 3830 993 3869 nunc
1005 3816 1147 3881 cernitur,
1166 3812 1373 3880 circumdedit,

255 3902 344 3957 quem
373 3888 455 3941 cives
484 3888 648 3958 acropolim
677 3892 707 3942 et
735 3888 891 3941 castellnm
916 3887 1107 3955 tyrannicum
1134 3890 1240 3939 contra
1265 3899 1298 3938 se
1323 3898 1373 3937 ex-

228 3960 401 4015 istruotum
420 3958 605 4013 indicabant.
643 3958 754 4014 Verum
775 3960 942 4013 munitione
959 3958 1095 4027 perfecta
1114 3972 1183 4010 cum
1202 3971 1235 4010 se
1247 3957 1307 4008 iam
1324 3971 1374 4009 rea

254 4045 326 4085 suas
338 4030 370 4083 in
383 4034 447 4085 tuto
462 4030 625 4085 collocasse
639 4034 769 4100 putaret,
788 4036 852 4083 tum
866 4028 995 4095 demum,
1014 4043 1082 4082 cum
1104 4029 1184 4081 intra
1196 4042 1262 4081 eum
1276 4027 1374 4096 ipsam

227 4101 442 4169 Scaederetur,
461 4102 609 4157 intellexit
626 4103 783 4157 inventum
802 4100 876 4154 illud
894 4100 969 4153 nihil
987 4099 1044 4153 sibi
1064 4098 1223 4168 proluisse.
1254 4096 1314 4153 Sed
1328 4097 1374 4153 his

254 4174 346 4227 rebus
363 4173 396 4227 in
416 4175 588 4244 praesentia
607 4175 723 4227 omissis
743 4187 791 4226 res
813 4172 853 4225 ab
873 4186 909 4225 eo
929 4176 1032 4241 gestas
1056 4183 1268 4239 exsequamur.

228 4247 245 4298 9
343 4242 512 4311 Antiochia,
526 4260 616 4315 quam
631 4246 742 4298 flumen
756 4243 886 4299 Orontes
903 4242 996 4309 alluit,
1015 4245 1172 4297 revertens
1185 4239 1375 4310 Nicephorum

255 4315 410 4371 castellum
435 4317 466 4371 in
485 4316 586 4371 Tauro
611 4320 721 4382 monte,
749 4329 838 4383 quem
862 4313 952 4368 hodie
975 4313 1070 4384 vulgo
1094 4312 1234 4375 Maurum
1253 4317 1374 4379 vocent,

256 4389 432 4456 construxit,
451 4388 597 4441 Michadle
612 4386 729 4455 Burtze,
749 4400 839 4454 quern
852 4385 1012 4454 patricium
1026 4384 1098 4438 fecit
1111 4388 1141 4439 et
1153 4382 1251 4438 Mauri
1264 4383 1375 4437 montis

211 4459 363 4515 reducem
378 4460 555 4528 nominavit,
575 4458 613 4512 ad
628 4457 816 4512 infestandos
829 4456 1034 4512 Antiochenoe
1047 4456 1089 4510 ibi
1101 4456 1215 4511 relicto.
1251 4454 1374 4509 Petrum
