3050 4775
270 409 323 468 142
572 403 709 466 ZONAR.
729 403 827 464 selu.
847 399 915 464 XIV
934 404 960 476 4,
979 399 1093 462 14-26.

268 598 312 666 είς
333 594 389 678 τὴν
411 594 501 658 πόλιν
523 592 680 675 ἐκόμιζον,
702 593 782 674 τάχα
806 593 845 654 ἂν
859 590 943 672 λιμῷ
958 591 988 652 oi
1003 589 1036 652 ἐν
1051 589 1131 672 αὐτῆ
1145 587 1387 672 κατηνάλωντοι.

223 707 258 761 15
267 704 359 762 τοῦτο
386 699 436 761 ἐπί
462 694 575 779 καιρὸν
602 701 763 778 κρατῆσαν
790 699 853 764 τοῖς
879 698 944 757 τῶν
970 697 1087 757 κοινῶν
1114 698 1309 774 φροντισταῖς
1337 691 1386 755 διὰ

223 812 258 865 16
268 801 436 883 φροντίδος
467 800 595 882 ἐγένετο.
640 797 844 879 ὖπετοπάσθη
877 797 979 860 τοίνυν
1011 795 1097 878 παρά
1129 819 1185 858 του
1216 794 1252 858 τὸ
1281 797 1386 878 ahter,

267 903 321 966 καί
342 901 554 985 προσήγγελτο
580 905 644 970 τοῖς
672 899 719 969 οἷς
745 901 766 982 ἡ
794 904 858 961 τῶν
884 905 939 981 τῆς
965 897 1088 968 πόλεως
1115 898 1215 960 ἀνεῖτο
1247 898 1385 980 φροντίς

224 1005 321 1071 linai
348 1004 385 1067 τὰ
408 1005 599 1086 θραύσματα
621 1008 676 1084 τῆς
698 1001 775 1084 νηὸς
797 1001 916 1083 ἐκείνης
939 1001 1109 1083 ζητηθέντα
1133 999 1310 1082 εὑρέθησαν
1333 1000 1412 1066 καὶὸ

266 1109 360 1190 ταύτῃ
385 1105 639 1189 ἀποκατέστησάν
661 1128 693 1167 τε
719 1103 773 1167 καί
800 1103 1076 1186 συνηρμόσθησαν,
1108 1103 1162 1165 καί
1185 1102 1203 1165 ὁ
1225 1102 1324 1173 πλοῦς
1347 1102 1386 1186 ἦν

266 1217 331 1281 τοῖς
357 1210 476 1280 πλοίοις
502 1208 666 1278 ἀκώλυτος
692 1205 746 1270 καί
772 1205 868 1288 μεστὴ
896 1205 1017 1268 τούτων
1044 1204 1247 1269 εἰσπλεόντων
1275 1207 1295 1288 ῆ
1323 1207 1384 1268 θά-

223 1312 374 1380 181ασσα.
420 1313 469 1375 ἵνα
499 1310 533 1374 δὲ
562 1316 663 1392 γνοῖεν
689 1311 719 1372 εί
742 1314 833 1372 τοῦτο
859 1313 914 1371 τοῦ
941 1312 1006 1370 τῶν
1027 1307 1147 1371 πλοίων
1170 1308 1295 1372 εἴσπλου
1318 1309 1384 1372 κώ-

267 1415 351 1497 λυμα
373 1413 422 1496 ἦν,
445 1413 609 1496 ἀφῄρηντο
632 1409 726 1482 αὖθις
747 1410 785 1474 τὰ
807 1411 889 1493 μέρη
913 1417 967 1493 τῆς
989 1409 1066 1492 νηὸς
1089 1409 1222 1493 ἐκείνης·
1246 1411 1299 1474 καί
1315 1411 1385 1474 ὅσαι

235 1522 332 1586 θεῶν
352 1521 435 1580 νεῶν
457 1517 499 1579 ἔτι
521 1513 602 1598 ἦσαν
624 1513 827 1585 είσπλέουσαι,
850 1512 1028 1594 πνεύματος
1048 1510 1142 1583 αὖθις
1156 1514 1209 1596 βίᾳ
1226 1515 1385 1595 γεγόνασιν
1397 1529 1432 1583 10

224 1634 258 1687 19
268 1619 504 1702 ὀπισθόρμητοι.
551 1617 694 1681 ἐντεῦθεν
717 1615 958 1698 ἐβεβαιώθησαν
981 1615 1017 1677 ἐκ
1039 1621 1095 1678 τοῦ
1112 1615 1315 1698 θραυσθῆναι
1330 1607 1385 1699 τὴν

267 1720 388 1804 χαλκῆν
414 1727 473 1804 νῆα
501 1721 622 1803 ἐκείνην
647 1718 704 1802 τῆν
730 1717 884 1800 κωλύμην
912 1717 1050 1799 γίνεσθαι
1076 1723 1131 1780 τοῦ
1155 1719 1197 1787 εἰς
1219 1717 1275 1800 τὴν
1296 1719 1386 1781 πόλιν

267 1823 393 1887 εἴσπλου
415 1829 480 1886 τῶν
501 1823 621 1887 πλοίων
643 1827 708 1885 τῶν
729 1825 912 1904 φορτηγῶν,
936 1819 989 1882 καί
1010 1819 1067 1902 τὴν
1089 1825 1167 1883 ναῦν
1184 1820 1304 1902 ἐκείνην
1319 1821 1383 1884 ἐπι-

265 1926 389 2009 μελείας
411 1926 599 2000 ἀξιώσαντες
621 1925 824 1988 ἄνεκαίνισον.

222 2047 258 2100 ‘20
356 2026 431 2110 Πρὸ
452 2034 569 2110 μικροῦ
593 2027 628 2091 dd
649 2032 705 2110 τῆς
723 2025 864 2107 τελευτῆς
878 2024 975 2087 αὐτοῦ
993 2023 1195 2098 Ἀνοστάσιος,
1218 2024 1429 2108 ἐπιβουλῆςΙσ

267 2131 355 2212 αὐτῷ
377 2130 579 2213 μηνυθείσης,
604 2130 732 2210 συνέσχε
753 2128 898 2200 πολλούς,
923 2126 979 2190 σὺν
1002 2127 1049 2198 οἷς
1071 2127 1124 2191 καὶ
1148 2127 1309 2192 Ἰουατῖνον
1332 2129 1384 2192 καί

222 2245 256 2298 21
268 2231 488 2322 Ἰουστινιανόν,
520 2230 574 2294 καί
601 2229 642 2312 ἦν
669 2231 799 2312 γνώμης
826 2229 975 2294 ἀπολέσαι
1007 2231 1134 2300 αὐτούς·
1167 2231 1316 2314 ἐκωλύθη
1351 2231 1385 2294 ὁὲ-

269 2441 303 2496 15
320 2440 379 2509 περί
397 2446 451 2494 τῶν
471 2439 539 2509 (om.
558 2437 597 2509 A)
615 2438 757 2507 ὀνειράτων
776 2436 815 2492 ῶν
832 2436 901 2493 elder
918 2438 1111 2499 ὀἈναστιίσισς
1129 2436 1206 2494 Aci]

322 2634 336 2687 1
357 2633 414 2703 τάχ’
427 2630 544 2688 BCEDi
615 2633 802 2702 κοτηνιίλωντο
814 2629 941 2703 prDt',
961 2648 989 2687 v,
1006 2632 1113 2689 Zonar.
1132 2634 1146 2687 I
1166 2650 1193 2704 p.
1212 2632 1273 2701 464,
1295 2633 1335 2687 12.
1356 2633 1384 2687 ΙΙ

323 2704 599 2775 p.79,17.X1V7‚3
657 2704 815 2774 θίγίνετοΕ
875 2702 971 2772 τοίνυν]
983 2704 1055 2759 τσιΙ)
1109 2706 1217 2775 4ῆτῶν
1227 2713 1272 2775 τῆς
1281 2705 1384 2763 πόλεως

323 2774 485 2846 Assschi,
504 2776 521 2846 ἦ
539 2783 585 2845 τῆς
601 2778 705 2835 πόλεως
723 2776 755 2841 Ε,
775 2778 802 2829 οἵ
817 2782 870 2830 τῶν
887 2776 991 2830 πόλεων
1009 2776 1046 2844 D,
1068 2778 1096 2830 σι’
1112 2784 1165 2831 τῶν
1179 2784 1224 2846 τῆς
1235 2778 1338 2835 πόλεως
1358 2792 1384 2829 w
1488 2791 1493 2798 ·

322 2848 430 2903 santo
447 2847 510 2916 νηὸς
529 2848 598 2902 add.
617 2849 719 2916 χαλκῆς
738 2846 811 2917 pr
912 2852 983 2901 ante
1002 2848 1147 2917 ζητηθέντα
1167 2848 1235 2901 add.
1254 2847 1384 2915 ἐπιμελῶς

323 2919 397 2990 pr
494 2919 595 2987 6αὖτῇ
613 2919 687 2989 pr
775 2920 1019 2988 προςηρμόσθηοαν
1038 2920 1112 2989 pr
1210 2918 1383 2977 ἹπλείοιςΟ

322 2991 441 3061 8γνοῖτν
459 2988 494 3058 Α,
513 2999 597 3059 γνοῖεν
615 2990 737 3060 ἀκριβῶς
754 2989 829 3060 pr
928 2989 1013 3059 τοῦτο]
1032 2998 1078 3044 τοῦ
1097 2990 1124 3043 D
1224 2994 1291 3060 post
1309 2998 1384 3043 τοῦτο

322 3062 392 3117 add.
411 3063 449 3122 ὡς
466 3062 577 3130 ἀληθῶς
595 3061 668 3132 pr
750 3062 873 3115 9ίκεΐνα
892 3060 965 3117 ΒΟΕ
1050 3062 1084 3115 10
1101 3068 1175 3131 νηῶν
1192 3061 1268 3131 pr
1348 3063 1384 3113 ἔτι

321 3134 389 3204 ἦσαν
407 3133 466 3200 ΑΕ,
485 3135 577 3201 ἔτυχον
594 3136 651 3186 τότε
669 3132 742 3203 pr
824 3134 857 3187 12
874 3134 977 3204 χαλκῆν
997 3150 1053 3188 om.
1073 3134 1100 3186 D
1184 3132 1217 3187 15
1236 3140 1307 3187 ante
1325 3133 1384 3186 ἀνα-

322 3206 426 3265 στάσιος
444 3205 514 3259 add.
533 3206 549 3257 ό
564 3204 687 3275 βασιλεὺς
704 3204 779 3273 pr
910 3206 943 3260 17
962 3209 1031 3275 post
1049 3204 1218 3259 ιὀυστινιανὸν
1237 3204 1305 3257 add.
1325 3204 1384 3263 τοὺς

321 3277 385 3345 μετὰ
404 3284 483 3331 ταῦτα
502 3276 714 3345 αὐταρχῆσαντοι
733 3276 815 3346 pr,
836 3293 863 3330 v.
884 3276 970 3332 Cedr.
991 3276 1004 3331 I
1023 3292 1051 3346 p.
1071 3277 1132 3345 635,
1150 3278 1215 3331 tiss.

226 3494 259 3547 15
269 3492 399 3546 fortasse
421 3492 502 3545 fame
525 3490 677 3559 absumpti
699 3494 807 3545 essent.
844 3489 930 3552 Quae
953 3504 1001 3543 res
1025 3504 1092 3544 cum
1115 3505 1169 3560 per
1188 3496 1307 3560 ternpus
1326 3507 1385 3546 ma-

225 3566 259 3618 1e
269 3568 362 3629 neret,
376 3562 561 3633 reipublicae
575 3562 766 3615 curatoribus
779 3574 871 3614 curae
884 3562 949 3615 suit.
974 3560 1152 3631 Suspicione
1165 3562 1259 3630 igitur
1273 3578 1385 3617 causae

226 3637 259 3689 17
270 3639 336 3688 orta
355 3640 385 3689 et
403 3635 543 3688 nuntiata
563 3632 799 3702 magistratibus,
825 3632 990 3701 navigatio,
1017 3646 1085 3686 curn
1105 3634 1277 3701 fragmenta
1296 3636 1384 3688 nevis

269 3705 348 3759 iilius
367 3708 506 3776 quaesita
525 3710 554 3759 et
567 3705 692 3758 inventa
704 3708 734 3757 et
746 3710 866 3758 statuae
880 3703 999 3757 reddita
1012 3709 1104 3774 atque
1118 3705 1262 3759 adiuncta
1275 3712 1384 3772 essent,

269 3782 335 3830 erat
353 3778 485 3831 navibus
504 3776 648 3844 expedita
665 3777 716 3842 ita,
735 3779 770 3829 ut
784 3790 868 3829 mare
880 3775 1027 3845 repletum
1041 3782 1121 3831 esset
1133 3777 1265 3845 navigiis
1278 3778 1383 3832 urbem

225 3850 259 3904 18
269 3848 499 3917 appellentibus.
536 3846 577 3902 Ut
595 3852 696 3901 autem
716 3850 944 3916 cognoscerent,
969 3862 1042 3900 num
1061 3848 1119 3901 hoc
1138 3846 1383 3917 impedimentum

269 3924 349 3974 esset
366 3922 492 3974 navium
511 3918 769 3989 appellandarum,
789 3917 898 3972 ablatis
917 3920 1025 3973 iterum
1044 3921 1133 3973 navis
1146 3920 1225 3973 illius
1238 3921 1383 3989 partibus,

269 4006 472 4060 quaecunque
484 4006 580 4045 naves
593 3995 681 4043 eraut
693 3989 887 4059 appuisurae,
906 3992 989 4044 venti
1005 3992 1113 4044 iterum
1127 3992 1157 4044 vi
1171 3991 1383 4047 reiciebantur.

226 4064 259 4118 19
269 4062 472 4128 Quamobrem
492 4078 560 4116 cum
578 4061 701 4131 planum
722 4068 801 4115 esset
820 4061 918 4115 tracta
936 4077 1017 4116 nave
1032 4061 1082 4115 illa
1096 4077 1192 4117 aenea
1206 4076 1301 4116 naves
1315 4078 1384 4117 one·

269 4136 366 4189 rarius
384 4150 450 4189 esse
469 4134 636 4204 prohibitus
654 4134 686 4186 in
703 4134 810 4187 urbem
833 4133 943 4201 invehi,
971 4148 1081 4188 navem
1105 4134 1184 4188 iliam
1209 4133 1308 4188 studio
1333 4136 1383 4189 ad·

268 4208 363 4260 hibito
381 4209 617 4260 renovaverunt.

223 4278 260 4332 90
357 4277 463 4331 Paullo
487 4283 559 4331 ante
582 4276 698 4329 obitum
716 4274 895 4330 Anastasius
919 4275 1025 4330 delatis
1044 4276 1160 4331 insidiis
1179 4278 1288 4331 multos
1308 4292 1384 4332 com·

269 4348 428 4419 prehendit
447 4354 539 4418 atque
557 4351 637 4402 inter
656 4348 731 4401 aiios
750 4346 898 4402 Iustinum
921 4353 951 4401 et
970 4347 1182 4418 lastinianum
1211 4363 1287 4417 quos
1306 4357 1385 4419 post·

223 4420 256 4477 21
270 4436 360 4491 quani
381 4422 528 4490 cogitavit
547 4419 694 4486 occidere,
718 4420 834 4474 somnio
855 4420 1016 4489 impeditus
1036 4425 1088 4489 est,
1109 4436 1176 4475 curu
1197 4422 1243 4473 vir
1261 4421 1384 4491 quidam
