3050 4775
252 370 286 437 it
445 391 446 398 τ
559 365 695 437 tonte.
714 368 814 435 emm
834 366 1066 447 ruint-11.

251 565 466 631 καθίπτασθαι
488 562 598 635 άετοίτς
619 564 673 627 καί
695 562 732 627 τὰ
755 568 819 627 τῶν
842 562 1025 644 οἰκοδόμων
1048 564 1199 647 ἁρπάξαν
1221 563 1367 647 σπαρτίσ·

250 668 304 732 τὸν
331 667 448 751 μεταῇ
478 668 512 731 θὲ
539 667 757 749 θαπτομένους
787 666 940 749 πορθμὸν
971 668 1087 749 ῥίπτειν
1118 668 1197 732 οὔτὰ
1226 668 1306 732 κατὰ
1334 668 1369 731 τά

223 770 432 846 3Βυζάντιον.
477 774 569 833 τοῦτο
593 774 669 851 γοῦν
691 769 841 839 πολλάκις
864 769 1033 851 γενόμενον
1060 772 1218 855 ἀπηγγέλη
1241 778 1289 853 τῴ
1310 772 1369 853 βα-

251 874 336 938 σιλεῖ’
371 873 425 937 καί
448 872 508 937 οὔκ
532 872 634 936 ἐθάκει
658 874 795 955 τυχαίως
817 872 957 953 γίνεσθαι
978 873 1014 935 τὸ
1038 874 1211 956 γινόμενον,
1243 873 1321 937 ἀλλά
1344 898 1371 937 τι

224 976 303 1040 toni
326 976 437 1039 τούτου
459 974 495 1038 τὸ
523 974 611 1037 θεῖον
639 974 854 1056 παραὸηλοῦν.
900 975 1058 1057 ἐφίσταται
1089 981 1166 1058 γοῦν
1198 975 1294 1046 αὐτὸς
1323 982 1397 1057 vnio

252 1076 417 1158 Βυζαντίῳ
445 1078 464 1141 ὁ
492 1078 709 1158 αὐτοκράτωρ,
744 1076 799 1140 τὸν
827 1077 924 1139 τόπον
952 1083 1165 1143 κατασκοπῶν
1197 1078 1368 1161 ἀρέσκεται,

219 1180 432 1263 Ομετατίθησι
454 1180 508 1244 τὸν
531 1180 660 1252 σκοπόν,
694 1180 818 1262 μετάγει
846 1180 919 1249 τοὺς
941 1181 1077 1263 τεχνίτας
1099 1182 1136 1244 ἐκ
1159 1179 1370 1263 Χαλκηδόνος

123 1296 159 1349 W
170 1283 324 1365 ΙΙΙἸὲκεῒ,
348 1283 404 1365 τὴν
425 1282 515 1346 πόλιν
537 1282 709 1365 φιλοτίμως
732 1282 904 1365 οἰκοδομεῖ,
928 1282 1257 1347 Κτονστσντινοάπολιν
1272 1282 1369 1365 αὐτὴν

252 1385 302 1449 ἐπὶ
328 1392 375 1467 τῷ
402 1384 529 1467 ὀνόματι
558 1393 605 1467 τῴ
633 1386 740 1467 οἰκείῳ
773 1385 869 1465 καλεῖ,
905 1386 958 1447 καί
990 1385 1171 1467 ἀνατίθησιν
1203 1384 1300 1466 αὐτὴν
1331 1390 1368 1467 τῇ

153 1540 157 1547 .
251 1488 406 1569 παρθένῳ
429 1488 482 1550 καὶ
503 1487 686 1569 θεομὴτορι.
1381 1496 1415 1547 10

83 1602 242 1702 XXIIII?
335 1588 419 1672 Ἠθη
444 1586 472 1652 θ’
497 1590 738 1672 ἀπαρτισθείσης
760 1595 815 1673 τῆς
842 1590 976 1671 πόλεως,
1010 1589 1091 1653 κατὰ
1117 1590 1173 1673 τὴν
1200 1590 1369 1673 ἑνδεκάτην

83 1713 115 1755 n.
128 1692 217 1765 ι’ττορ.
252 1698 307 1757 τοῦ
330 1691 441 1755 Μαΐου
463 1690 565 1774 μηνὸς
587 1692 709 1755 τελεῖται
732 1692 770 1754 τὰ
793 1692 906 1775 ταύτης
928 1693 1070 1772 γενέθλια
1096 1694 1197 1757 εἴτουν
1219 1693 1368 1774 ἒγκαίνια,

107 1766 151 1809 ⁰¹¹⁸
166 1776 189 1808 η’
252 1797 341 1867 ἔτους
364 1796 562 1876 ἐνισταμένου
585 1794 885 1877 πειτακισχιλιοστοῦ
913 1795 1156 1859 ὀκτακοσιοστοῦ
1183 1799 1368 1876 τρισκοστοῦ

225 1898 378 1980 θάγὸόου.
425 1896 485 1969 ὅτε,
517 1898 564 1967 ὥς
592 1922 669 1968 τινες
698 1899 888 1980 ἱστορήκασι,
921 1898 975 1961 τὸν
1006 1897 1202 1979 ἀστρονόμον
1233 1896 1368 1967 καλέσας

256 2000 425 2073 Οὐάλεντα,
459 2005 522 2063 τῶν
545 2000 611 2063 τότε
634 2000 705 2081 περί
726 2000 783 2083 τὴν
804 2000 915 2083 τέχνην
937 2000 1050 2083 ταύτην
1074 1999 1293 2083 ἐσχολσκότων
1315 1996 1368 2062 τὸν
1382 2010 1415 2064 15

252 2102 481 2184 ἀκριβέστερον,
506 2102 665 2165 ἐκέλευσεν
688 2103 737 2165 ἐπὶ
759 2110 806 2184 τῷ
829 2102 980 2184 γενεθλίῳ
1002 2109 1057 2185 τῆς
1078 2102 1203 2172 πόλεως
1223 2101 1369 2175 συντάξαι

254 2314 288 2369 14
304 2314 366 2384 περί
383 2320 428 2370 τοῦ
446 2314 688 2385 §atterentium
716 2315 872 2384 (γενεθλίου,
893 2315 1009 2371 omissis
1027 2310 1070 2369 ίπί
1088 2322 1126 2383 τῷ
1144 2314 1179 2382 Ε)
1204 2320 1249 2385 τῆς
1267 2314 1370 2373 πόλεως

252 2386 393 2456 γενομίνου
412 2387 540 2456 θεμστίου
560 2385 608 2443 ΟΕ

307 2599 322 2652 l
342 2599 387 2653 καί
406 2598 437 2654 τὰ
455 2597 529 2670 pr
540 2596 590 2667 Dt',
609 2599 654 2654 καί
673 2599 716 2652 τὸν
734 2597 764 2667 C,
784 2598 851 2654 κατὰ
868 2598 904 2664 Α,
923 2616 952 2653 v.
970 2597 1044 2654 XIII
1062 2601 1087 2668 3,
1108 2599 1143 2654 16
1236 2596 1369 2667 θμετιιξῦ

306 2669 335 2724 tt
348 2669 458 2741 Apr,
479 2671 576 2739 μεταξὺ
589 2671 616 2726 τί
628 2671 661 2739 Β,
679 2671 777 2740 μεταξὺ
793 2672 798 2738 Ι
814 2669 837 2727 C
908 2671 926 2725 5
944 2671 992 2725 οὖν
1010 2671 1038 2724 D
1110 2672 1127 2725 6
1147 2675 1218 2725 ante
1237 2669 1281 2724 τὸν
1300 2670 1368 2724 add.

306 2742 351 2796 καί
369 2741 394 2796 Ε
465 2743 491 2796 8.
510 2742 527 2796 9
546 2743 822 2798 Κωνσταντινοάπολιν
836 2782 842 2796 .
856 2784 862 2797 ,
876 2744 997 2797 καλεῖ-
1011 2743 1165 2811 ἀνατίθησιν
1173 2741 1264 2811 αὐτὴν]
1285 2741 1317 2796 V.
1331 2741 1369 2795 de

306 2813 665 2882 ehiasmoodX1112,6
736 2815 809 2868 9103
828 2816 918 2868 σίκείω
937 2815 1043 2883 ὀνόματι
1063 2813 1114 2870 OD
1187 2815 1220 2868 11
1241 2812 1368 2876 tneo,

306 2883 336 2938 δὲ
355 2883 426 2955 th'
506 2887 538 2938 1‘2
556 2887 622 2939 τελεῖ
642 2886 712 2956 pr
724 2887 764 2940 Di
845 2889 930 2940 είτονν
946 2891 949 2952 Ι
966 2887 1001 2954 Α,
1020 2887 1036 2956 ἢ
1056 2886 1130 2957 pr
1214 2885 1248 2939 13
1266 2905 1369 2955 τριακο·

306 2965 366 3011 οεοῦ
385 2955 469 3026 pr,
490 2973 546 3011 om.
566 2957 600 3020 A,
620 2958 688 3012 add.
702 2957 742 3016 Ar
830 2959 863 3011 lii
881 2958 1075 3027 ἀκριβέστερον]
1095 2957 1141 3012 Do
1161 2959 1368 3028 comparativo

307 3044 334 3081 v.
354 3027 427 3083 XIII
445 3028 488 3094 22,
503 3029 528 3082 3.
548 3028 616 3082 XIV
637 3030 660 3094 1,
682 3030 722 3084 19.
742 3031 767 3096 5,
786 3031 811 3083 4.
831 3030 874 3083 m,
896 3031 936 3097 12,
950 3031 975 3084 Ἰ.
996 3031 1038 3095 ie,
1054 3031 1094 3084 lo.
1113 3029 1156 3097 20,
1169 3030 1195 3083 2.
1214 3029 1258 3096 26,
1270 3029 1295 3082 ί).
1316 3027 1368 3082 XV

306 3101 331 3166 8,
352 3102 393 3155 18.
422 3099 505 3154 XVII
525 3100 566 3166 10,
585 3101 610 3154 8.
649 3099 756 3155 Erreeb.
777 3103 829 3155 rit.
849 3101 948 3156 Conet.
969 3101 1008 3156 IV
1026 3103 1069 3167 51,
1092 3099 1175 3157 Socr.
1195 3100 1231 3154 H.
1252 3101 1282 3154 E.
1303 3101 1315 3155 Ι
1334 3100 1369 3153 38

307 3178 391 3238 στα,
411 3171 590 3241 Philostorg.
611 3171 646 3225 Η.
666 3172 697 3226 Ε.
717 3171 760 3226 ΙΙΙ
781 3174 804 3238 1,
826 3174 848 3240 1,
868 3172 973 3227 Zosim.
993 3172 1021 3227 ΙΙ
1039 3172 1082 3240 39,
1101 3173 1119 3227 2
1140 3172 1205 3240 (ubi
1224 3171 1369 3226 Menoete-

307 3243 431 3297 sohnius
449 3257 510 3297 non
531 3249 612 3297 recte
631 3245 760 3298 coniecit
776 3245 973 3313 πρεσβύτατος),
994 3245 1110 3314 Eunep.
1124 3246 1175 3298 vit.
1191 3241 1368 3303 Chrvsenth.

307 3313 407 3439 ubl?
425 3313 524 3438 ΒΙηίηῗί
545 3315 582 3439 1ηᾶ
601 3315 757 3440 κάλλιητιτα
775 3316 826 3441 καό
828 3316 1026 3441 ίη’λυκάΙτερα1
1030 3324 1091 3442 1τ4ῶν
1109 3317 1207 3442 μηλοῑηη.
1240 3299 1369 3439 V.BNitz·

306 3401 337 3440 ee
360 3403 368 3438 1
393 3401 421 3439 m
457 3401 525 3438 α’.
571 3403 673 3440 ποκα.
725 3403 781 3441 om.
849 3402 910 3457 γοε.
963 3405 991 3458 p.
1148 3409 1165 3440 κ
1200 3407 1258 3440 coer

253 3613 346 3670 opere
371 3598 512 3653 iucoheto
536 3598 653 3668 aquilas
676 3597 836 3654 devolasse
858 3605 1026 3653 memorent
1050 3597 1268 3668 fabrorumque
1293 3595 1369 3652 iuni-

225 3670 337 3725 3ouioe
362 3675 465 3741 reptos
491 3671 569 3724 freto
596 3677 739 3740 snperato
764 3671 853 3724 iuxto
877 3670 1058 3740 Byzantium
1084 3669 1237 3724 deiecisse
1281 3669 1369 3734 Quod

253 3743 375 3812 saepius
394 3746 506 3796 i'eetum
532 3749 562 3795 et
585 3742 623 3794 im
648 3743 758 3796 eretori
783 3743 965 3809 nuntiatum,
989 3757 1057 3796 eum
1081 3757 1142 3796 non
1166 3747 1280 3796 temore
1303 3740 1367 3796 fleri

224 3813 305 3867 ised
325 3829 342 3868 o
363 3815 487 3868 numine
506 3817 614 3882 purten
637 3815 644 3866 i
665 3813 779 3882 aliquid
799 3814 963 3877 videretur,
982 3815 1047 3882 ipse
1061 3812 1239 3882 Byzantium
1253 3827 1286 3867 se
1300 3827 1368 3866 eon·

252 3887 319 3954 sert,
339 3885 437 3938 iocum
451 3885 681 3954 contemplatur,
701 3883 819 3954 probat,
839 3893 935 3939 mutet
948 3886 1113 3950 eonsilium,
1131 3886 1235 3939 fabros
1248 3883 1369 3940 Chalce-

252 3957 332 4012 done
357 3957 428 4011 illue
452 3959 604 4021 transfert,
630 3957 734 4011 urbem
761 3957 896 4012 studiose
923 3957 1033 4025 condit,
1058 3972 1077 4010 o
1103 3971 1135 4010 ee
1161 3955 1369 4011 Constantino·

253 4029 343 4099 polim
363 4034 453 4083 vocet
473 4033 502 4082 ot
522 4029 634 4098 virgini
654 4043 690 4081 uo
709 4029 797 4082 matri
818 4028 867 4083 dei
887 4035 1054 4083 consecrat.

224 4099 241 4155 5
340 4099 405 4154 Iem
424 4101 564 4154 absoluto
583 4100 667 4166 urbe,
687 4098 730 4153 XI
750 4099 799 4154 die
817 4101 929 4154 mensio
938 4099 1009 4152 Maii
1028 4099 1199 4156 celebretur
1218 4101 1283 4154 eine
1305 4099 1370 4153 dios

252 4172 360 4226 notulis
380 4186 435 4226 seu
454 4171 603 4225 dedicatio
622 4173 787 4241 incipiente
809 4187 890 4225 euno
914 4172 1075 4241 quinquies
1098 4171 1254 4226 millesimo
1278 4173 1371 4226 octin-

225 4243 242 4297 6
275 4244 421 4298 enteeimo
441 4243 591 4297 tricesimo
611 4249 729 4298 σείετο.
768 4243 834 4307 Quo
847 4247 992 4313 tempore,
1012 4242 1188 4311 etquidem
1208 4243 1370 4309 tradidere,

252 4259 418 4382 θαλαττίου,
443 4320 685 4369 astronomorum
709 4315 776 4369 eine
798 4315 907 4369 aetatis
926 4315 1164 4386 sagacissimum,
1192 4317 1370 4369 arcessitum

253 4387 428 4443 nutullclum
447 4387 532 4442 urbis
551 4385 653 4442 theme
672 4389 856 4443 constituere
874 4388 970 4457 iussit,
1000 4395 1035 4442 ut
1059 4394 1266 4458 cognosceret,
1296 4394 1371 4460 quot
