<?xml version="1.0" encoding="UTF-8"?>
<!DOCTYPE html PUBLIC "-//W3C//DTD XHTML 1.0 Transitional//EN"
    "http://www.w3.org/TR/xhtml1/DTD/xhtml1-transitional.dtd">
<html xmlns="http://www.w3.org/1999/xhtml" xml:lang="en" lang="en">
 <head>
  <title>
</title>
<meta http-equiv="Content-Type" content="text/html;charset=utf-8" />
  <meta name='ocr-system' content='tesseract 3.04.00' />
  <meta name='ocr-capabilities' content='ocr_page ocr_carea ocr_par ocr_line ocrx_word'/>
</head>
<body>
  <div class='ocr_page' id='page_1' title='image "./corpusscriptoru01theogoog/corpusscriptoru01theogoog_0582.png"; bbox 0 0 3050 4775; ppageno 0'>
   <div class='ocr_carea' id='block_1_1' title="bbox 241 335 1069 460">
    <p class='ocr_par' dir='ltr' id='par_1_1' title="bbox 241 335 1069 460">
     <span class='ocr_line' id='line_1_1' title="bbox 241 335 1069 460; baseline 0 -13"><span class='ocrx_word' id='word_1_1' title='bbox 241 386 294 446; x_wconf 77' lang='lat'><strong><em>544</em></strong></span> <span class='ocrx_word' id='word_1_2' title='bbox 532 387 668 447; x_wconf 69' lang='lat' dir='ltr'><strong>zorita.</strong></span> <span class='ocrx_word' id='word_1_3' title='bbox 687 387 786 446; x_wconf 82' lang='grc' dir='ltr'><strong>ΕΡΙΤ.</strong></span> <span class='ocrx_word' id='word_1_4' title='bbox 806 386 890 446; x_wconf 84' lang='lat' dir='ltr'>XVII</span> <span class='ocrx_word' id='word_1_5' title='bbox 908 387 934 460; x_wconf 81' lang='lat'><strong><em>5,</em></strong></span> <span class='ocrx_word' id='word_1_6' title='bbox 954 335 1069 447; x_wconf 70' lang='lat' dir='ltr'><strong>ao-ri.</strong></span> 
     </span>
    </p>
   </div>
   <div class='ocr_carea' id='block_1_2' title="bbox 83 567 1411 2606">
    <p class='ocr_par' dir='ltr' id='par_1_2' title="bbox 83 567 1411 2606">
     <span class='ocr_line' id='line_1_2' title="bbox 242 567 1364 656; baseline 0 -20"><span class='ocrx_word' id='word_1_7' title='bbox 242 567 311 636; x_wconf 81' lang='grc' dir='ltr'><strong><em>οὐδ’</em></strong></span> <span class='ocrx_word' id='word_1_8' title='bbox 333 573 469 656; x_wconf 74' lang='grc' dir='ltr'><strong><em>ἡμιδεεῖς</em></strong></span> <span class='ocrx_word' id='word_1_9' title='bbox 491 574 584 644; x_wconf 86' lang='grc' dir='ltr'><strong><em>ὄντας</em></strong></span> <span class='ocrx_word' id='word_1_10' title='bbox 599 573 740 647; x_wconf 74' lang='grc' dir='ltr'><em>ὑπέδειξε</em></span> <span class='ocrx_word' id='word_1_11' title='bbox 755 573 810 638; x_wconf 83' lang='grc' dir='ltr'><strong><em>καὶ</em></strong></span> <span class='ocrx_word' id='word_1_12' title='bbox 825 573 865 638; x_wconf 86' lang='grc' dir='ltr'><strong><em>δι’</em></strong></span> <span class='ocrx_word' id='word_1_13' title='bbox 882 573 989 637; x_wconf 78' lang='grc' dir='ltr'><strong><em>αὐτῶν</em></strong></span> <span class='ocrx_word' id='word_1_14' title='bbox 1005 571 1147 656; x_wconf 77' lang='grc' dir='ltr'><strong><em>ἐδήλωσε</em></strong></span> <span class='ocrx_word' id='word_1_15' title='bbox 1161 580 1208 656; x_wconf 79' lang='grc' dir='ltr'><strong><em>τῷ</em></strong></span> <span class='ocrx_word' id='word_1_16' title='bbox 1222 573 1364 656; x_wconf 74' lang='grc' dir='ltr'><strong><em>Σκληρη·</em></strong></span> 
     </span>
     <span class='ocr_line' id='line_1_3' title="bbox 196 673 1363 758; baseline 0.003 -23"><span class='ocrx_word' id='word_1_17' title='bbox 196 680 232 735; x_wconf 80' lang='grc'><strong><em>37</em></strong></span> <span class='ocrx_word' id='word_1_18' title='bbox 240 673 285 758; x_wconf 87' lang='grc' dir='ltr'><strong><em>μὴ</em></strong></span> <span class='ocrx_word' id='word_1_19' title='bbox 316 675 447 739; x_wconf 78' lang='grc' dir='ltr'><em>δεδιέναι</em></span> <span class='ocrx_word' id='word_1_20' title='bbox 474 675 529 758; x_wconf 82' lang='grc' dir='ltr'><strong><em>τὴν</em></strong></span> <span class='ocrx_word' id='word_1_21' title='bbox 556 675 739 757; x_wconf 77' lang='grc' dir='ltr'><strong><em>πολιορκίαν</em></strong></span> <span class='ocrx_word' id='word_1_22' title='bbox 767 674 823 758; x_wconf 82' lang='grc' dir='ltr'><strong><em>τὴν</em></strong></span> <span class='ocrx_word' id='word_1_23' title='bbox 852 675 888 739; x_wconf 82' lang='grc' dir='ltr'><strong><em>δκ</em></strong></span> <span class='ocrx_word' id='word_1_24' title='bbox 918 674 1018 757; x_wconf 84' lang='grc' dir='ltr'><strong><em>λιμοῦ.</em></strong></span> <span class='ocrx_word' id='word_1_25' title='bbox 1064 674 1115 738; x_wconf 73' lang='lat' dir='ltr'><strong><em>“el</em></strong></span> <span class='ocrx_word' id='word_1_26' title='bbox 1140 676 1176 738; x_wconf 86' lang='grc' dir='ltr'><strong><em>δέ</em></strong></span> <span class='ocrx_word' id='word_1_27' title='bbox 1197 674 1280 758; x_wconf 89' lang='grc' dir='ltr'><strong><em>μοι”</em></strong></span> <span class='ocrx_word' id='word_1_28' title='bbox 1301 677 1363 758; x_wconf 78' lang='grc' dir='ltr'><strong><em>ἔφη</em></strong></span> 
     </span>
     <span class='ocr_line' id='line_1_4' title="bbox 241 774 1364 862; baseline 0 -22"><span class='ocrx_word' id='word_1_29' title='bbox 241 777 376 848; x_wconf 84' lang='grc' dir='ltr'><strong><em>“πίσιεις</em></strong></span> <span class='ocrx_word' id='word_1_30' title='bbox 399 777 487 862; x_wconf 87' lang='grc' dir='ltr'><strong><em>δοίης</em></strong></span> <span class='ocrx_word' id='word_1_31' title='bbox 508 774 583 860; x_wconf 74' lang='grc' dir='ltr'><strong><em>μεθ’</em></strong></span> <span class='ocrx_word' id='word_1_32' title='bbox 608 775 656 842; x_wconf 86' lang='grc' dir='ltr'><strong><em>ὥν</em></strong></span> <span class='ocrx_word' id='word_1_33' title='bbox 677 778 835 861; x_wconf 80' lang='grc' dir='ltr'><strong><em>βούλομαι</em></strong></span> <span class='ocrx_word' id='word_1_34' title='bbox 861 776 1098 861; x_wconf 83' lang='grc' dir='ltr'><strong><em>παραχωρῆσαί</em></strong></span> <span class='ocrx_word' id='word_1_35' title='bbox 1122 801 1178 860; x_wconf 89' lang='grc' dir='ltr'><strong><em>μοι</em></strong></span> <span class='ocrx_word' id='word_1_36' title='bbox 1207 776 1364 858; x_wconf 79' lang='grc' dir='ltr'><strong><em>δπελδεῖν,</em></strong></span> 
     </span>
     <span class='ocr_line' id='line_1_5' title="bbox 196 869 1365 964; baseline 0.004 -24"><span class='ocrx_word' id='word_1_37' title='bbox 196 885 232 941; x_wconf 86' lang='grc'><strong><em>38</em></strong></span> <span class='ocrx_word' id='word_1_38' title='bbox 242 879 481 964; x_wconf 83' lang='grc' dir='ltr'><strong><em>ὗπεκσιήσομαί</em></strong></span> <span class='ocrx_word' id='word_1_39' title='bbox 509 903 558 944; x_wconf 94' lang='grc' dir='ltr'><strong><em>σοι</em></strong></span> <span class='ocrx_word' id='word_1_40' title='bbox 589 887 644 964; x_wconf 83' lang='grc' dir='ltr'><strong><em>τῆς</em></strong></span> <span class='ocrx_word' id='word_1_41' title='bbox 674 879 799 952; x_wconf 87' lang='grc' dir='ltr'><strong><em>πόλεως</em></strong></span> <span class='ocrx_word' id='word_1_42' title='bbox 831 879 867 943; x_wconf 84' lang='grc' dir='ltr'><strong><em>τὰ</em></strong></span> <span class='ocrx_word' id='word_1_43' title='bbox 900 879 940 944; x_wconf 88' lang='grc' dir='ltr'><strong><em>σὰ</em></strong></span> <span class='ocrx_word' id='word_1_44' title='bbox 973 869 1142 963; x_wconf 74' lang='grc' dir='ltr'><strong><em>φρονῶν.”</em></strong></span> <span class='ocrx_word' id='word_1_45' title='bbox 1183 885 1365 964; x_wconf 85' lang='grc' dir='ltr'><strong><em>περιχαρῶς</em></strong></span> 
     </span>
     <span class='ocr_line' id='line_1_6' title="bbox 241 982 1392 1066; baseline 0.001 -22"><span class='ocrx_word' id='word_1_46' title='bbox 241 983 363 1048; x_wconf 85' lang='grc' dir='ltr'><strong><em>τούτων</em></strong></span> <span class='ocrx_word' id='word_1_47' title='bbox 378 984 514 1066; x_wconf 71' lang='grc' dir='ltr'><strong><em>ἤκουσεν</em></strong></span> <span class='ocrx_word' id='word_1_48' title='bbox 530 983 549 1046; x_wconf 86' lang='grc' dir='ltr'><strong><em>δ</em></strong></span> <span class='ocrx_word' id='word_1_49' title='bbox 564 982 712 1066; x_wconf 75' lang='grc' dir='ltr'><strong><em>Σκληρός</em></strong></span> <span class='ocrx_word' id='word_1_50' title='bbox 730 982 784 1047; x_wconf 82' lang='grc' dir='ltr'><strong><em>καλ</em></strong></span> <span class='ocrx_word' id='word_1_51' title='bbox 805 983 918 1053; x_wconf 76' lang='grc' dir='ltr'><strong><em>πίστεις</em></strong></span> <span class='ocrx_word' id='word_1_52' title='bbox 939 982 1029 1065; x_wconf 80' lang='grc' dir='ltr'><strong><em>αὐτῷ</em></strong></span> <span class='ocrx_word' id='word_1_53' title='bbox 1050 983 1197 1065; x_wconf 80' lang='grc' dir='ltr'><strong><em>παρέσχε,</em></strong></span> <span class='ocrx_word' id='word_1_54' title='bbox 1220 983 1392 1052; x_wconf 60' lang='lat' dir='ltr'><strong><em>metrosa</em></strong></span> 
     </span>
     <span class='ocr_line' id='line_1_7' title="bbox 183 1076 1366 1171; baseline 0.001 -24"><span class='ocrx_word' id='word_1_55' title='bbox 183 1076 187 1082; x_wconf 43' lang='lat'>¹</span> <span class='ocrx_word' id='word_1_56' title='bbox 241 1085 314 1156; x_wconf 88' lang='grc' dir='ltr'><strong><em>τούς</em></strong></span> <span class='ocrx_word' id='word_1_57' title='bbox 342 1109 374 1150; x_wconf 89' lang='grc' dir='ltr'><strong><em>τε</em></strong></span> <span class='ocrx_word' id='word_1_58' title='bbox 400 1086 525 1159; x_wconf 87' lang='grc' dir='ltr'><strong><em>πλείους</em></strong></span> <span class='ocrx_word' id='word_1_59' title='bbox 553 1094 607 1171; x_wconf 82' lang='grc' dir='ltr'><strong><em>τῆς</em></strong></span> <span class='ocrx_word' id='word_1_60' title='bbox 634 1087 759 1158; x_wconf 87' lang='grc' dir='ltr'><strong><em>πόλεως</em></strong></span> <span class='ocrx_word' id='word_1_61' title='bbox 788 1086 842 1151; x_wconf 82' lang='grc' dir='ltr'><strong><em>καὶ</em></strong></span> <span class='ocrx_word' id='word_1_62' title='bbox 868 1085 941 1157; x_wconf 90' lang='grc' dir='ltr'><strong><em>τοὺς</em></strong></span> <span class='ocrx_word' id='word_1_63' title='bbox 968 1085 1025 1149; x_wconf 81' lang='grc' dir='ltr'><strong><em>σὺν</em></strong></span> <span class='ocrx_word' id='word_1_64' title='bbox 1058 1087 1145 1168; x_wconf 79' lang='grc' dir='ltr'><strong><em>αὐτῷ</em></strong></span> <span class='ocrx_word' id='word_1_65' title='bbox 1177 1086 1366 1168; x_wconf 77' lang='grc' dir='ltr'><em>στρατιώτας</em></span> 
     </span>
     <span class='ocr_line' id='line_1_8' title="bbox 241 1186 1364 1273; baseline 0 -23"><span class='ocrx_word' id='word_1_66' title='bbox 241 1188 446 1272; x_wconf 86' lang='grc' dir='ltr'><strong><em>παρειληφὼς</em></strong></span> <span class='ocrx_word' id='word_1_67' title='bbox 469 1197 522 1273; x_wconf 85' lang='grc' dir='ltr'><strong><em>τῆς</em></strong></span> <span class='ocrx_word' id='word_1_68' title='bbox 545 1189 669 1261; x_wconf 85' lang='grc' dir='ltr'><strong><em>πόλεως</em></strong></span> <span class='ocrx_word' id='word_1_69' title='bbox 685 1191 776 1263; x_wconf 81' lang='grc' dir='ltr'><em>ἔξεισι</em></span> <span class='ocrx_word' id='word_1_70' title='bbox 790 1187 845 1252; x_wconf 78' lang='grc' dir='ltr'><strong><em>καὶ</em></strong></span> <span class='ocrx_word' id='word_1_71' title='bbox 859 1187 941 1270; x_wconf 85' lang='grc' dir='ltr'><strong><em>πρὸς</em></strong></span> <span class='ocrx_word' id='word_1_72' title='bbox 956 1186 1012 1270; x_wconf 83' lang='grc' dir='ltr'><strong><em>τὴν</em></strong></span> <span class='ocrx_word' id='word_1_73' title='bbox 1026 1187 1237 1271; x_wconf 84' lang='grc' dir='ltr'><strong><em>μεγαλόπολιν</em></strong></span> <span class='ocrx_word' id='word_1_74' title='bbox 1251 1189 1364 1251; x_wconf 82' lang='grc' dir='ltr'><strong><em>ἄπεισι·</em></strong></span> 
     </span>
     <span class='ocr_line' id='line_1_9' title="bbox 83 1290 1364 1375; baseline 0 -23"><span class='ocrx_word' id='word_1_75' title='bbox 83 1290 296 1354; x_wconf 73' lang='grc' dir='ltr'><strong><em>ΡΠ218Ακαλ</em></strong></span> <span class='ocrx_word' id='word_1_76' title='bbox 318 1292 337 1354; x_wconf 87' lang='grc' dir='ltr'>ὁ</span> <span class='ocrx_word' id='word_1_77' title='bbox 360 1291 508 1375; x_wconf 87' lang='grc' dir='ltr'><strong><em>Σκληρὸς</em></strong></span> <span class='ocrx_word' id='word_1_78' title='bbox 531 1295 651 1356; x_wconf 83' lang='grc' dir='ltr'><em>εἴσεισιν</em></span> <span class='ocrx_word' id='word_1_79' title='bbox 673 1292 717 1363; x_wconf 85' lang='grc' dir='ltr'><strong><em>εἰς</em></strong></span> <span class='ocrx_word' id='word_1_80' title='bbox 738 1291 796 1375; x_wconf 83' lang='grc' dir='ltr'><strong><em>τὴν</em></strong></span> <span class='ocrx_word' id='word_1_81' title='bbox 818 1291 956 1355; x_wconf 89' lang='grc' dir='ltr'><strong><em>Νίκαιαν</em></strong></span> <span class='ocrx_word' id='word_1_82' title='bbox 978 1290 1032 1354; x_wconf 78' lang='grc' dir='ltr'><strong><em>καὶ</em></strong></span> <span class='ocrx_word' id='word_1_83' title='bbox 1060 1291 1128 1354; x_wconf 85' lang='grc' dir='ltr'><strong><em>τότε</em></strong></span> <span class='ocrx_word' id='word_1_84' title='bbox 1156 1293 1239 1373; x_wconf 78' lang='grc' dir='ltr'><strong><em>ἔγνω</em></strong></span> <span class='ocrx_word' id='word_1_85' title='bbox 1267 1313 1364 1355; x_wconf 90' lang='grc' dir='ltr'><strong><em>κατα-</em></strong></span> 
     </span>
     <span class='ocr_line' id='line_1_10' title="bbox 197 1393 1365 1478; baseline 0.002 -24"><span class='ocrx_word' id='word_1_86' title='bbox 197 1400 233 1454; x_wconf 86' lang='grc'><strong><em>39</em></strong></span> <span class='ocrx_word' id='word_1_87' title='bbox 242 1395 474 1478; x_wconf 79' lang='grc' dir='ltr'><strong><em>στρατηγηδείς.</em></strong></span> <span class='ocrx_word' id='word_1_88' title='bbox 520 1395 539 1458; x_wconf 86' lang='grc' dir='ltr'>ὁ</span> <span class='ocrx_word' id='word_1_89' title='bbox 563 1395 598 1460; x_wconf 85' lang='grc' dir='ltr'><strong><em>δέ</em></strong></span> <span class='ocrx_word' id='word_1_90' title='bbox 621 1419 655 1477; x_wconf 88' lang='grc' dir='ltr'><strong><em>γε</em></strong></span> <span class='ocrx_word' id='word_1_91' title='bbox 676 1394 977 1477; x_wconf 78' lang='grc' dir='ltr'><strong><em>παρακοιμώμενος,</em></strong></span> <span class='ocrx_word' id='word_1_92' title='bbox 1001 1399 1056 1458; x_wconf 87' lang='grc' dir='ltr'><strong><em>τοῦ</em></strong></span> <span class='ocrx_word' id='word_1_93' title='bbox 1072 1393 1223 1477; x_wconf 83' lang='grc' dir='ltr'><strong><em>Σκληροῦ</em></strong></span> <span class='ocrx_word' id='word_1_94' title='bbox 1243 1393 1365 1458; x_wconf 73' lang='grc' dir='ltr'><strong><em>ἐκεῖθεν</em></strong></span> 
     </span>
     <span class='ocr_line' id='line_1_11' title="bbox 242 1496 1411 1582; baseline 0 -22"><span class='ocrx_word' id='word_1_95' title='bbox 242 1497 422 1580; x_wconf 83' lang='grc' dir='ltr'><strong><em>ἀπάραντος</em></strong></span> <span class='ocrx_word' id='word_1_96' title='bbox 443 1498 497 1562; x_wconf 78' lang='grc' dir='ltr'><strong><em>καί</em></strong></span> <span class='ocrx_word' id='word_1_97' title='bbox 520 1504 557 1582; x_wconf 79' lang='grc' dir='ltr'><strong><em>τῇ</em></strong></span> <span class='ocrx_word' id='word_1_98' title='bbox 579 1497 788 1581; x_wconf 68' lang='grc' dir='ltr'><strong><em>βασιλευούσῃ</em></strong></span> <span class='ocrx_word' id='word_1_99' title='bbox 806 1502 871 1560; x_wconf 85' lang='grc' dir='ltr'><strong><em>τῶν</em></strong></span> <span class='ocrx_word' id='word_1_100' title='bbox 885 1496 1010 1561; x_wconf 84' lang='grc' dir='ltr'><strong><em>πόλεων</em></strong></span> <span class='ocrx_word' id='word_1_101' title='bbox 1025 1496 1258 1580; x_wconf 77' lang='grc' dir='ltr'><strong><em>πλησιάζοντος,</em></strong></span> <span class='ocrx_word' id='word_1_102' title='bbox 1281 1496 1363 1578; x_wconf 83' lang='grc' dir='ltr'><strong><em>δμη-</em></strong></span> <span class='ocrx_word' id='word_1_103' title='bbox 1376 1507 1411 1560; x_wconf 88' lang='grc'><strong><em>10</em></strong></span> 
     </span>
     <span class='ocr_line' id='line_1_12' title="bbox 198 1598 1366 1685; baseline 0.002 -26"><span class='ocrx_word' id='word_1_104' title='bbox 198 1605 351 1682; x_wconf 81' lang='grc' dir='ltr'><strong><em>4οχανῶν</em></strong></span> <span class='ocrx_word' id='word_1_105' title='bbox 382 1598 430 1683; x_wconf 77' lang='grc' dir='ltr'><strong><em>ἦν.</em></strong></span> <span class='ocrx_word' id='word_1_106' title='bbox 482 1602 727 1685; x_wconf 82' lang='grc' dir='ltr'><strong><em>γνωσιμαχήσας</em></strong></span> <span class='ocrx_word' id='word_1_107' title='bbox 759 1599 817 1664; x_wconf 78' lang='grc' dir='ltr'><strong><em>οὖν</em></strong></span> <span class='ocrx_word' id='word_1_108' title='bbox 847 1599 902 1664; x_wconf 87' lang='grc' dir='ltr'><strong><em>τδν</em></strong></span> <span class='ocrx_word' id='word_1_109' title='bbox 928 1599 1049 1663; x_wconf 87' lang='grc' dir='ltr'><strong><em>Φωκᾶν</em></strong></span> <span class='ocrx_word' id='word_1_110' title='bbox 1078 1599 1212 1680; x_wconf 88' lang='grc' dir='ltr'><strong><em>Βάρδαν</em></strong></span> <span class='ocrx_word' id='word_1_111' title='bbox 1243 1599 1279 1662; x_wconf 75' lang='grc' dir='ltr'><strong><em>ἐκ</em></strong></span> <span class='ocrx_word' id='word_1_112' title='bbox 1310 1604 1366 1681; x_wconf 82' lang='grc' dir='ltr'><strong><em>τῆς</em></strong></span> 
     </span>
     <span class='ocr_line' id='line_1_13' title="bbox 242 1701 1364 1786; baseline 0.002 -22"><span class='ocrx_word' id='word_1_113' title='bbox 242 1703 413 1785; x_wconf 80' lang='grc' dir='ltr'><strong><em>ὑπερορίας</em></strong></span> <span class='ocrx_word' id='word_1_114' title='bbox 441 1704 648 1767; x_wconf 85' lang='grc' dir='ltr'><strong><em>ἀνεκαλέσατο</em></strong></span> <span class='ocrx_word' id='word_1_115' title='bbox 676 1704 730 1766; x_wconf 82' lang='grc' dir='ltr'><strong><em>καὶ</em></strong></span> <span class='ocrx_word' id='word_1_116' title='bbox 758 1705 868 1786; x_wconf 85' lang='grc' dir='ltr'><strong><em>ὅρκοις</em></strong></span> <span class='ocrx_word' id='word_1_117' title='bbox 895 1701 991 1766; x_wconf 79' lang='grc' dir='ltr'><strong><em>αὐτὸν</em></strong></span> <span class='ocrx_word' id='word_1_118' title='bbox 1017 1703 1211 1786; x_wconf 83' lang='grc' dir='ltr'><strong><em>φρικώδεσιν</em></strong></span> <span class='ocrx_word' id='word_1_119' title='bbox 1233 1701 1364 1785; x_wconf 75' lang='grc' dir='ltr'><strong><em>ἐνδησά-</em></strong></span> 
     </span>
     <span class='ocr_line' id='line_1_14' title="bbox 242 1803 1364 1889; baseline -0.001 -22"><span class='ocrx_word' id='word_1_120' title='bbox 242 1828 338 1886; x_wconf 87' lang='grc' dir='ltr'><strong><em>μενος</em></strong></span> <span class='ocrx_word' id='word_1_121' title='bbox 360 1803 414 1868; x_wconf 79' lang='grc' dir='ltr'><strong><em>καὶ</em></strong></span> <span class='ocrx_word' id='word_1_122' title='bbox 436 1804 719 1887; x_wconf 84' lang='grc' dir='ltr'><strong><em>παλαμναισιάταις</em></strong></span> <span class='ocrx_word' id='word_1_123' title='bbox 742 1807 834 1889; x_wconf 88' lang='grc' dir='ltr'><strong><em>ἀραῖς</em></strong></span> <span class='ocrx_word' id='word_1_124' title='bbox 855 1806 901 1888; x_wconf 79' lang='grc' dir='ltr'><strong><em>μὴ</em></strong></span> <span class='ocrx_word' id='word_1_125' title='bbox 924 1806 964 1869; x_wconf 84' lang='grc' dir='ltr'><strong><em>ἄν</em></strong></span> <span class='ocrx_word' id='word_1_126' title='bbox 985 1828 1061 1870; x_wconf 83' lang='grc' dir='ltr'><strong><em>ποτε</em></strong></span> <span class='ocrx_word' id='word_1_127' title='bbox 1082 1811 1120 1888; x_wconf 78' lang='grc' dir='ltr'><strong><em>τῇ</em></strong></span> <span class='ocrx_word' id='word_1_128' title='bbox 1141 1804 1281 1887; x_wconf 78' lang='grc' dir='ltr'><strong><em>βασιλείᾳ</em></strong></span> <span class='ocrx_word' id='word_1_129' title='bbox 1299 1804 1364 1867; x_wconf 75' lang='grc' dir='ltr'><strong><em>ἑπι-</em></strong></span> 
     </span>
     <span class='ocr_line' id='line_1_15' title="bbox 244 1907 1364 1991; baseline 0 -22"><span class='ocrx_word' id='word_1_130' title='bbox 244 1907 361 1970; x_wconf 71' lang='lat' dir='ltr'><strong>iteum</strong></span> <span class='ocrx_word' id='word_1_131' title='bbox 382 1907 466 1990; x_wconf 80' lang='grc' dir='ltr'><strong><em>μηδὲ</em></strong></span> <span class='ocrx_word' id='word_1_132' title='bbox 488 1907 567 1972; x_wconf 85' lang='grc' dir='ltr'><strong><em>κατὰ</em></strong></span> <span class='ocrx_word' id='word_1_133' title='bbox 590 1913 655 1971; x_wconf 86' lang='grc' dir='ltr'><strong><em>τῶν</em></strong></span> <span class='ocrx_word' id='word_1_134' title='bbox 676 1909 906 1991; x_wconf 78' lang='grc' dir='ltr'><strong><em>βασιλευόντων</em></strong></span> <span class='ocrx_word' id='word_1_135' title='bbox 928 1907 1171 1991; x_wconf 74' lang='grc' dir='ltr'><strong><em>βουλεύσασθαι,</em></strong></span> <span class='ocrx_word' id='word_1_136' title='bbox 1194 1913 1259 1978; x_wconf 84' lang='grc' dir='ltr'><strong><em>ταῖς</em></strong></span> <span class='ocrx_word' id='word_1_137' title='bbox 1278 1931 1364 1988; x_wconf 87' lang='grc' dir='ltr'><strong><em>περι-</em></strong></span> 
     </span>
     <span class='ocr_line' id='line_1_16' title="bbox 243 2008 1410 2094; baseline 0.003 -23"><span class='ocrx_word' id='word_1_138' title='bbox 243 2008 361 2078; x_wconf 88' lang='grc' dir='ltr'><strong><em>λοίποις</em></strong></span> <span class='ocrx_word' id='word_1_139' title='bbox 385 2009 534 2093; x_wconf 85' lang='grc' dir='ltr'><strong><em>δυνάμεσι</em></strong></span> <span class='ocrx_word' id='word_1_140' title='bbox 555 2009 610 2074; x_wconf 84' lang='grc' dir='ltr'><strong><em>τὸν</em></strong></span> <span class='ocrx_word' id='word_1_141' title='bbox 633 2009 734 2094; x_wconf 79' lang='grc' dir='ltr'><strong><em>ἄνδρα</em></strong></span> <span class='ocrx_word' id='word_1_142' title='bbox 758 2010 907 2094; x_wconf 79' lang='grc' dir='ltr'><strong><em>ἐφίστησι,</em></strong></span> <span class='ocrx_word' id='word_1_143' title='bbox 929 2009 1101 2093; x_wconf 85' lang='grc' dir='ltr'><strong><em>μάχιστρόν</em></strong></span> <span class='ocrx_word' id='word_1_144' title='bbox 1119 2033 1151 2072; x_wconf 86' lang='grc' dir='ltr'><strong><em>τε</em></strong></span> <span class='ocrx_word' id='word_1_145' title='bbox 1165 2010 1297 2093; x_wconf 83' lang='grc' dir='ltr'><strong><em>τιμήσας</em></strong></span> <span class='ocrx_word' id='word_1_146' title='bbox 1311 2008 1365 2072; x_wconf 82' lang='grc' dir='ltr'><strong><em>καί</em></strong></span> <span class='ocrx_word' id='word_1_147' title='bbox 1378 2020 1410 2074; x_wconf 83' lang='grc'><strong><em>15</em></strong></span> 
     </span>
     <span class='ocr_line' id='line_1_17' title="bbox 244 2111 1364 2196; baseline 0.001 -23"><span class='ocrx_word' id='word_1_148' title='bbox 244 2112 390 2194; x_wconf 83' lang='grc' dir='ltr'><strong><em>χρήματα</em></strong></span> <span class='ocrx_word' id='word_1_149' title='bbox 424 2111 542 2196; x_wconf 80' lang='grc' dir='ltr'><strong><em>δαψιλῆ</em></strong></span> <span class='ocrx_word' id='word_1_150' title='bbox 572 2113 816 2196; x_wconf 84' lang='grc' dir='ltr'><strong><em>παρασχόμενος</em></strong></span> <span class='ocrx_word' id='word_1_151' title='bbox 847 2112 901 2176; x_wconf 81' lang='grc' dir='ltr'><strong><em>καί</em></strong></span> <span class='ocrx_word' id='word_1_152' title='bbox 931 2111 988 2194; x_wconf 84' lang='grc' dir='ltr'><strong><em>τὴν</em></strong></span> <span class='ocrx_word' id='word_1_153' title='bbox 1019 2111 1099 2175; x_wconf 88' lang='grc' dir='ltr'><strong><em>κατὰ</em></strong></span> <span class='ocrx_word' id='word_1_154' title='bbox 1128 2117 1183 2174; x_wconf 85' lang='grc' dir='ltr'><strong><em>τοῦ</em></strong></span> <span class='ocrx_word' id='word_1_155' title='bbox 1212 2111 1364 2194; x_wconf 84' lang='grc' dir='ltr'><strong><em>Σκληροῦ</em></strong></span> 
     </span>
     <span class='ocr_line' id='line_1_18' title="bbox 198 2213 1364 2297; baseline 0.001 -23"><span class='ocrx_word' id='word_1_156' title='bbox 198 2221 231 2274; x_wconf 84' lang='grc'><strong><em>41</em></strong></span> <span class='ocrx_word' id='word_1_157' title='bbox 243 2215 351 2296; x_wconf 85' lang='grc' dir='ltr'><strong><em>μάχην</em></strong></span> <span class='ocrx_word' id='word_1_158' title='bbox 374 2213 462 2297; x_wconf 76' lang='grc' dir='ltr'><strong><em>αὐτῷ</em></strong></span> <span class='ocrx_word' id='word_1_159' title='bbox 485 2215 690 2296; x_wconf 73' lang='grc' dir='ltr'><strong><em>ἀναθέμενος.</em></strong></span> <span class='ocrx_word' id='word_1_160' title='bbox 737 2216 857 2279; x_wconf 79' lang='grc' dir='ltr'><strong><em>ἄπεισιν</em></strong></span> <span class='ocrx_word' id='word_1_161' title='bbox 879 2213 937 2278; x_wconf 81' lang='grc' dir='ltr'><strong><em>οὖν</em></strong></span> <span class='ocrx_word' id='word_1_162' title='bbox 960 2215 978 2277; x_wconf 89' lang='grc' dir='ltr'>ὁ</span> <span class='ocrx_word' id='word_1_163' title='bbox 1001 2213 1129 2285; x_wconf 85' lang='grc' dir='ltr'><strong><em>Φωκᾶς.</em></strong></span> <span class='ocrx_word' id='word_1_164' title='bbox 1175 2213 1364 2296; x_wconf 84' lang='grc' dir='ltr'><strong><em>ὁΣκληρός</em></strong></span> 
     </span>
     <span class='ocr_line' id='line_1_19' title="bbox 246 2313 1363 2402; baseline -0.001 -23"><span class='ocrx_word' id='word_1_165' title='bbox 246 2315 279 2380; x_wconf 78' lang='grc' dir='ltr'><strong><em>δὲ</em></strong></span> <span class='ocrx_word' id='word_1_166' title='bbox 302 2322 393 2380; x_wconf 82' lang='grc' dir='ltr'><strong><em>τοῦτο</em></strong></span> <span class='ocrx_word' id='word_1_167' title='bbox 410 2316 532 2401; x_wconf 80' lang='grc' dir='ltr'><strong><em>μαδὼν</em></strong></span> <span class='ocrx_word' id='word_1_168' title='bbox 546 2313 606 2380; x_wconf 82' lang='grc' dir='ltr'><strong><em>τότ’</em></strong></span> <span class='ocrx_word' id='word_1_169' title='bbox 623 2317 706 2401; x_wconf 80' lang='grc' dir='ltr'><strong><em>ἔγνω</em></strong></span> <span class='ocrx_word' id='word_1_170' title='bbox 721 2318 923 2402; x_wconf 78' lang='grc' dir='ltr'><strong><em>μαχέσασθαι</em></strong></span> <span class='ocrx_word' id='word_1_171' title='bbox 937 2315 1019 2401; x_wconf 84' lang='grc' dir='ltr'><strong><em>πρὸς</em></strong></span> <span class='ocrx_word' id='word_1_172' title='bbox 1034 2315 1264 2401; x_wconf 80' lang='grc' dir='ltr'><strong><em>ἀνταγωνωτὴν</em></strong></span> <span class='ocrx_word' id='word_1_173' title='bbox 1278 2316 1363 2391; x_wconf 82' lang='grc' dir='ltr'><strong><em>δξιδ-</em></strong></span> 
     </span>
     <span class='ocr_line' id='line_1_20' title="bbox 210 2418 1364 2503; baseline 0.001 -23"><span class='ocrx_word' id='word_1_174' title='bbox 210 2426 350 2501; x_wconf 89' lang='grc' dir='ltr'><strong><em>Βμαχον</em></strong></span> <span class='ocrx_word' id='word_1_175' title='bbox 376 2418 430 2482; x_wconf 80' lang='grc' dir='ltr'><strong><em>καλ</em></strong></span> <span class='ocrx_word' id='word_1_176' title='bbox 458 2419 538 2502; x_wconf 83' lang='grc' dir='ltr'><strong><em>ἄρας</em></strong></span> <span class='ocrx_word' id='word_1_177' title='bbox 565 2419 657 2503; x_wconf 83' lang='grc' dir='ltr'><strong><em>ἀπῄει</em></strong></span> <span class='ocrx_word' id='word_1_178' title='bbox 685 2420 739 2483; x_wconf 80' lang='grc' dir='ltr'><strong><em>καί</em></strong></span> <span class='ocrx_word' id='word_1_179' title='bbox 766 2419 838 2502; x_wconf 77' lang='grc' dir='ltr'><strong><em>περὶ</em></strong></span> <span class='ocrx_word' id='word_1_180' title='bbox 864 2419 900 2484; x_wconf 87' lang='grc' dir='ltr'><strong><em>τδ</em></strong></span> <span class='ocrx_word' id='word_1_181' title='bbox 918 2420 1068 2503; x_wconf 82' lang='grc' dir='ltr'><strong><em>Ἀμόρων</em></strong></span> <span class='ocrx_word' id='word_1_182' title='bbox 1089 2420 1297 2502; x_wconf 80' lang='grc' dir='ltr'><strong><em>συμπλέκεται</em></strong></span> <span class='ocrx_word' id='word_1_183' title='bbox 1318 2426 1364 2502; x_wconf 80' lang='grc' dir='ltr'><strong><em>τῷ</em></strong></span> 
     </span>
     <span class='ocr_line' id='line_1_21' title="bbox 249 2520 1410 2606; baseline 0.003 -22"><span class='ocrx_word' id='word_1_184' title='bbox 249 2520 363 2603; x_wconf 81' lang='grc' dir='ltr'><strong><em>Φωκᾷ,</em></strong></span> <span class='ocrx_word' id='word_1_185' title='bbox 395 2520 449 2585; x_wconf 83' lang='grc' dir='ltr'><strong><em>καὶ</em></strong></span> <span class='ocrx_word' id='word_1_186' title='bbox 472 2523 583 2605; x_wconf 85' lang='grc' dir='ltr'><strong><em>γίνεται</em></strong></span> <span class='ocrx_word' id='word_1_187' title='bbox 604 2522 692 2606; x_wconf 83' lang='grc' dir='ltr'><strong><em>μάχη</em></strong></span> <span class='ocrx_word' id='word_1_188' title='bbox 716 2526 780 2586; x_wconf 86' lang='grc' dir='ltr'><strong><em>τῶν</em></strong></span> <span class='ocrx_word' id='word_1_189' title='bbox 807 2522 1056 2605; x_wconf 81' lang='grc' dir='ltr'><strong><em>στρατευμάτων,</em></strong></span> <span class='ocrx_word' id='word_1_190' title='bbox 1089 2522 1143 2586; x_wconf 87' lang='grc' dir='ltr'><strong><em>καί</em></strong></span> <span class='ocrx_word' id='word_1_191' title='bbox 1164 2522 1246 2606; x_wconf 84' lang='grc' dir='ltr'><strong><em>ἦσαν</em></strong></span> <span class='ocrx_word' id='word_1_192' title='bbox 1267 2522 1410 2604; x_wconf 75' lang='grc' dir='ltr'><strong><em>ὑπερ-20</em></strong></span> 
     </span>
    </p>
   </div>
   <div class='ocr_carea' id='block_1_3' title="bbox 244 2731 1365 2873">
    <p class='ocr_par' dir='ltr' id='par_1_3' title="bbox 244 2731 1365 2873">
     <span class='ocr_line' id='line_1_22' title="bbox 247 2731 1365 2803; baseline 0.003 -18"><span class='ocrx_word' id='word_1_193' title='bbox 247 2731 277 2785; x_wconf 91' lang='grc'><strong><em>11</em></strong></span> <span class='ocrx_word' id='word_1_194' title='bbox 304 2733 342 2785; x_wconf 83' lang='grc' dir='ltr'><strong><em>ὅτι</em></strong></span> <span class='ocrx_word' id='word_1_195' title='bbox 367 2740 405 2801; x_wconf 85' lang='grc' dir='ltr'><strong><em>τῷ</em></strong></span> <span class='ocrx_word' id='word_1_196' title='bbox 431 2734 517 2802; x_wconf 83' lang='grc' dir='ltr'><strong><em>Φωκᾷ</em></strong></span> <span class='ocrx_word' id='word_1_197' title='bbox 536 2732 632 2803; x_wconf 86' lang='grc' dir='ltr'><strong><em>Βάρδᾳ</em></strong></span> <span class='ocrx_word' id='word_1_198' title='bbox 656 2733 699 2788; x_wconf 83' lang='grc' dir='ltr'><strong><em>τάν</em></strong></span> <span class='ocrx_word' id='word_1_199' title='bbox 722 2733 790 2788; x_wconf 83' lang='grc' dir='ltr'><strong><em>κατὰ</em></strong></span> <span class='ocrx_word' id='word_1_200' title='bbox 812 2741 858 2788; x_wconf 82' lang='grc' dir='ltr'><strong><em>τοῦ</em></strong></span> <span class='ocrx_word' id='word_1_201' title='bbox 881 2734 1009 2803; x_wconf 81' lang='grc' dir='ltr'><strong><em>Σκληροῢ</em></strong></span> <span class='ocrx_word' id='word_1_202' title='bbox 1031 2734 1191 2789; x_wconf 74' lang='grc' dir='ltr'><strong><em>διεπίστευσε</em></strong></span> <span class='ocrx_word' id='word_1_203' title='bbox 1212 2735 1327 2802; x_wconf 82' lang='grc' dir='ltr'><strong><em>πόλεμον</em></strong></span> <span class='ocrx_word' id='word_1_204' title='bbox 1349 2734 1365 2788; x_wconf 94' lang='grc' dir='ltr'><strong><em>δ</em></strong></span> 
     </span>
     <span class='ocr_line' id='line_1_23' title="bbox 244 2804 585 2873; baseline 0.006 -16"><span class='ocrx_word' id='word_1_205' title='bbox 244 2804 524 2873; x_wconf 74' lang='grc' dir='ltr'><strong><em>παρακοιμώμινσςθ</em></strong></span> <span class='ocrx_word' id='word_1_206' title='bbox 582 2834 585 2839; x_wconf 42' lang='lat' dir='ltr'>v</span> 
     </span>
    </p>
   </div>
   <div class='ocr_carea' id='block_1_4' title="bbox 299 2981 1365 3341">
    <p class='ocr_par' dir='ltr' id='par_1_4' title="bbox 299 2981 1365 3341">
     <span class='ocr_line' id='line_1_24' title="bbox 302 2981 1365 3053; baseline 0.002 -17"><span class='ocrx_word' id='word_1_207' title='bbox 302 2981 527 3053; x_wconf 73' lang='lat' dir='ltr'><strong>lor’rd&#39;om.0wp</strong></span> <span class='ocrx_word' id='word_1_208' title='bbox 577 2982 866 3053; x_wconf 79' lang='grc' dir='ltr'><strong><em>ε’δήλωσε]ὖπὲδειξεῘ)</em></strong></span> <span class='ocrx_word' id='word_1_209' title='bbox 921 2984 1126 3039; x_wconf 78' lang='grc' dir='ltr'><strong><em>2δεδοικίναιΙ)</em></strong></span> <span class='ocrx_word' id='word_1_210' title='bbox 1180 2984 1365 3053; x_wconf 76' lang='grc' dir='ltr'><strong><em>δστρατιῶτας</em></strong></span> 
     </span>
     <span class='ocr_line' id='line_1_25' title="bbox 299 3054 1363 3125; baseline 0.002 -18"><span class='ocrx_word' id='word_1_211' title='bbox 299 3056 371 3125; x_wconf 83' lang='lat' dir='ltr'><strong><em>Ewp</em></strong></span> <span class='ocrx_word' id='word_1_212' title='bbox 444 3056 461 3109; x_wconf 83' lang='lat' dir='ltr'><strong>i</strong></span> <span class='ocrx_word' id='word_1_213' title='bbox 478 3055 595 3125; x_wconf 85' lang='grc' dir='ltr'><strong><em>μεγάλην</em></strong></span> <span class='ocrx_word' id='word_1_214' title='bbox 613 3057 688 3110; x_wconf 85' lang='grc' dir='ltr'><strong><em>πόλιν</em></strong></span> <span class='ocrx_word' id='word_1_215' title='bbox 708 3056 780 3125; x_wconf 85' lang='lat' dir='ltr'><strong><em>Ewp</em></strong></span> <span class='ocrx_word' id='word_1_216' title='bbox 852 3056 938 3109; x_wconf 78' lang='grc' dir='ltr'><strong><em>ὕπεισι</em></strong></span> <span class='ocrx_word' id='word_1_217' title='bbox 957 3054 1082 3125; x_wconf 74' lang='lat' dir='ltr'><strong>prDt&#39;‚</strong></span> <span class='ocrx_word' id='word_1_218' title='bbox 1101 3058 1203 3109; x_wconf 81' lang='grc' dir='ltr'><strong><em>ἄπεισιν</em></strong></span> <span class='ocrx_word' id='word_1_219' title='bbox 1222 3057 1248 3110; x_wconf 86' lang='grc' dir='ltr'>Α</span> <span class='ocrx_word' id='word_1_220' title='bbox 1267 3058 1307 3123; x_wconf 83' lang='lat' dir='ltr'><strong><em>(v.</em></strong></span> <span class='ocrx_word' id='word_1_221' title='bbox 1324 3058 1363 3109; x_wconf 85' lang='lat' dir='ltr'><strong><em>ud</em></strong></span> 
     </span>
     <span class='ocr_line' id='line_1_26' title="bbox 299 3124 1365 3195; baseline 0.002 -17"><span class='ocrx_word' id='word_1_222' title='bbox 299 3124 371 3179; x_wconf 79' lang='lat' dir='ltr'>XIII</span> <span class='ocrx_word' id='word_1_223' title='bbox 392 3127 415 3189; x_wconf 87' lang='lat' dir='ltr'><strong><em>l,</em></strong></span> <span class='ocrx_word' id='word_1_224' title='bbox 435 3126 471 3193; x_wconf 80' lang='lat'><strong><em>5),</em></strong></span> <span class='ocrx_word' id='word_1_225' title='bbox 490 3128 570 3181; x_wconf 85' lang='grc' dir='ltr'><strong><em>ἔπεισι</em></strong></span> <span class='ocrx_word' id='word_1_226' title='bbox 591 3126 612 3179; x_wconf 86' lang='grc' dir='ltr'>Β</span> <span class='ocrx_word' id='word_1_227' title='bbox 686 3127 719 3180; x_wconf 78' lang='grc'><strong><em>12</em></strong></span> <span class='ocrx_word' id='word_1_228' title='bbox 738 3127 904 3195; x_wconf 86' lang='grc' dir='ltr'><strong><em>φρικώδεσιν</em></strong></span> <span class='ocrx_word' id='word_1_229' title='bbox 924 3141 980 3182; x_wconf 90' lang='lat' dir='ltr'><strong><em>om.</em></strong></span> <span class='ocrx_word' id='word_1_230' title='bbox 995 3126 1021 3180; x_wconf 91' lang='lat' dir='ltr'>D</span> <span class='ocrx_word' id='word_1_231' title='bbox 1096 3129 1129 3182; x_wconf 84' lang='lat'><strong><em>13</em></strong></span> <span class='ocrx_word' id='word_1_232' title='bbox 1148 3128 1194 3181; x_wconf 81' lang='grc' dir='ltr'><strong><em>καί</em></strong></span> <span class='ocrx_word' id='word_1_233' title='bbox 1211 3129 1270 3182; x_wconf 85' lang='grc' dir='ltr'><strong><em>παλ.</em></strong></span> <span class='ocrx_word' id='word_1_234' title='bbox 1288 3127 1365 3195; x_wconf 85' lang='grc' dir='ltr'><strong><em>άραῒς</em></strong></span> 
     </span>
     <span class='ocr_line' id='line_1_27' title="bbox 300 3196 1364 3269; baseline 0.004 -20"><span class='ocrx_word' id='word_1_235' title='bbox 300 3214 356 3250; x_wconf 86' lang='lat' dir='ltr'><strong><em>om.</em></strong></span> <span class='ocrx_word' id='word_1_236' title='bbox 377 3196 457 3253; x_wconf 90' lang='lat' dir='ltr'><strong><em>OWo</em></strong></span> <span class='ocrx_word' id='word_1_237' title='bbox 476 3198 526 3252; x_wconf 85' lang='lat' dir='ltr'><strong>lat.</strong></span> <span class='ocrx_word' id='word_1_238' title='bbox 636 3200 667 3252; x_wconf 82' lang='grc'><strong><em>17</em></strong></span> <span class='ocrx_word' id='word_1_239' title='bbox 687 3204 754 3267; x_wconf 87' lang='lat' dir='ltr'><strong>post</strong></span> <span class='ocrx_word' id='word_1_240' title='bbox 773 3197 820 3251; x_wconf 75' lang='grc' dir='ltr'><strong><em>οὖν</em></strong></span> <span class='ocrx_word' id='word_1_241' title='bbox 839 3196 908 3252; x_wconf 87' lang='lat' dir='ltr'><strong>add.</strong></span> <span class='ocrx_word' id='word_1_242' title='bbox 927 3198 972 3252; x_wconf 80' lang='grc' dir='ltr'><strong><em>καὶ</em></strong></span> <span class='ocrx_word' id='word_1_243' title='bbox 989 3199 1062 3269; x_wconf 84' lang='lat' dir='ltr'><strong><em>Ewp</em></strong></span> <span class='ocrx_word' id='word_1_244' title='bbox 1160 3202 1194 3254; x_wconf 78' lang='grc'><strong><em>18</em></strong></span> <span class='ocrx_word' id='word_1_245' title='bbox 1213 3206 1283 3254; x_wconf 80' lang='lat' dir='ltr'><strong>urite</strong></span> <span class='ocrx_word' id='word_1_246' title='bbox 1300 3220 1364 3268; x_wconf 75' lang='grc' dir='ltr'><strong><em>μοχ.</em></strong></span> 
     </span>
     <span class='ocr_line' id='line_1_28' title="bbox 300 3268 1160 3341; baseline 0.005 -20"><span class='ocrx_word' id='word_1_247' title='bbox 300 3268 369 3322; x_wconf 83' lang='lat' dir='ltr'><strong>add.</strong></span> <span class='ocrx_word' id='word_1_248' title='bbox 387 3268 491 3337; x_wconf 80' lang='grc' dir='ltr'><strong><em>μέλλων</em></strong></span> <span class='ocrx_word' id='word_1_249' title='bbox 510 3268 628 3339; x_wconf 79' lang='lat' dir='ltr'><strong>prDt&#39;</strong></span> <span class='ocrx_word' id='word_1_250' title='bbox 698 3270 831 3338; x_wconf 79' lang='grc' dir='ltr'><strong><em>μαχὲοδαι</em></strong></span> <span class='ocrx_word' id='word_1_251' title='bbox 850 3268 877 3322; x_wconf 91' lang='grc' dir='ltr'><strong><em>Ι)</em></strong></span> <span class='ocrx_word' id='word_1_252' title='bbox 949 3270 1104 3340; x_wconf 81' lang='grc' dir='ltr'><strong><em>άξιώμαχσν</em></strong></span> <span class='ocrx_word' id='word_1_253' title='bbox 1123 3270 1160 3341; x_wconf 81' lang='lat' dir='ltr'><strong><em>p*</em></strong></span> 
     </span>
    </p>
   </div>
   <div class='ocr_carea' id='block_1_5' title="bbox 200 3466 1365 4468">
    <p class='ocr_par' dir='ltr' id='par_1_5' title="bbox 200 3466 1365 4468">
     <span class='ocr_line' id='line_1_29' title="bbox 200 3466 1365 3537; baseline -0.001 -14"><span class='ocrx_word' id='word_1_254' title='bbox 200 3469 235 3525; x_wconf 77' lang='lat'><strong><em>37</em></strong></span> <span class='ocrx_word' id='word_1_255' title='bbox 245 3467 337 3533; x_wconf 92' lang='lat' dir='ltr'><strong>iubet,</strong></span> <span class='ocrx_word' id='word_1_256' title='bbox 357 3466 496 3535; x_wconf 86' lang='lat' dir='ltr'><strong>quamvis</strong></span> <span class='ocrx_word' id='word_1_257' title='bbox 515 3482 533 3519; x_wconf 87' lang='lat' dir='ltr'><strong>a</strong></span> <span class='ocrx_word' id='word_1_258' title='bbox 546 3468 627 3521; x_wconf 82' lang='lat' dir='ltr'><strong>fame</strong></span> <span class='ocrx_word' id='word_1_259' title='bbox 645 3466 717 3520; x_wconf 86' lang='lat' dir='ltr'>nihil</span> <span class='ocrx_word' id='word_1_260' title='bbox 737 3468 793 3522; x_wconf 80' lang='lat' dir='ltr'><strong>sibi</strong></span> <span class='ocrx_word' id='word_1_261' title='bbox 813 3468 940 3537; x_wconf 83' lang='lat' dir='ltr'><strong>periculi</strong></span> <span class='ocrx_word' id='word_1_262' title='bbox 959 3468 1004 3531; x_wconf 78' lang='lat' dir='ltr'><strong>sit.</strong></span> <span class='ocrx_word' id='word_1_263' title='bbox 1023 3471 1124 3521; x_wconf 72' lang='lat' dir='ltr'><strong>tanuen</strong></span> <span class='ocrx_word' id='word_1_264' title='bbox 1144 3468 1169 3521; x_wconf 82' lang='lat' dir='ltr'><strong><em>ai</em></strong></span> <span class='ocrx_word' id='word_1_265' title='bbox 1189 3481 1255 3521; x_wconf 87' lang='lat' dir='ltr'><strong><em>oum</em></strong></span> <span class='ocrx_word' id='word_1_266' title='bbox 1274 3468 1365 3522; x_wconf 81' lang='lat' dir='ltr'><strong>certio</strong></span> 
     </span>
     <span class='ocr_line' id='line_1_30' title="bbox 246 3538 1364 3609; baseline 0.001 -18"><span class='ocrx_word' id='word_1_267' title='bbox 246 3538 416 3593; x_wconf 85' lang='lat' dir='ltr'><strong>hominibus</strong></span> <span class='ocrx_word' id='word_1_268' title='bbox 436 3544 500 3591; x_wconf 90' lang='lat' dir='ltr'><strong>tuto</strong></span> <span class='ocrx_word' id='word_1_269' title='bbox 520 3540 604 3592; x_wconf 82' lang='lat' dir='ltr'><strong>exire</strong></span> <span class='ocrx_word' id='word_1_270' title='bbox 624 3538 720 3607; x_wconf 77' lang='lat' dir='ltr'><strong>liceat,</strong></span> <span class='ocrx_word' id='word_1_271' title='bbox 748 3554 782 3593; x_wconf 83' lang='lat' dir='ltr'><strong><em>se</em></strong></span> <span class='ocrx_word' id='word_1_272' title='bbox 806 3540 883 3594; x_wconf 89' lang='lat' dir='ltr'><strong>urbe</strong></span> <span class='ocrx_word' id='word_1_273' title='bbox 907 3540 1019 3594; x_wconf 85' lang='lat' dir='ltr'><strong>tradita</strong></span> <span class='ocrx_word' id='word_1_274' title='bbox 1041 3543 1143 3609; x_wconf 70' lang='lat' dir='ltr'><strong>partae</strong></span> <span class='ocrx_word' id='word_1_275' title='bbox 1161 3539 1227 3593; x_wconf 77' lang='lat' dir='ltr'><strong>eius</strong></span> <span class='ocrx_word' id='word_1_276' title='bbox 1246 3547 1364 3593; x_wconf 83' lang='lat' dir='ltr'><strong>secutu-</strong></span> 
     </span>
     <span class='ocr_line' id='line_1_31' title="bbox 200 3608 1364 3679; baseline -0.002 -14"><span class='ocrx_word' id='word_1_277' title='bbox 200 3612 321 3665; x_wconf 87' lang='lat' dir='ltr'><strong>38ru1n.</strong></span> <span class='ocrx_word' id='word_1_278' title='bbox 359 3608 426 3673; x_wconf 82' lang='lat' dir='ltr'><strong><em>Quo</em></strong></span> <span class='ocrx_word' id='word_1_279' title='bbox 446 3611 553 3664; x_wconf 89' lang='lat' dir='ltr'><strong>nuntio</strong></span> <span class='ocrx_word' id='word_1_280' title='bbox 573 3609 702 3664; x_wconf 84' lang='lat' dir='ltr'><strong>laetatus</strong></span> <span class='ocrx_word' id='word_1_281' title='bbox 721 3609 849 3679; x_wconf 83' lang='lat' dir='ltr'><strong>Scierus,</strong></span> <span class='ocrx_word' id='word_1_282' title='bbox 872 3627 941 3665; x_wconf 87' lang='lat' dir='ltr'><strong><em>oum</em></strong></span> <span class='ocrx_word' id='word_1_283' title='bbox 960 3610 1048 3664; x_wconf 88' lang='lat' dir='ltr'><strong>fidem</strong></span> <span class='ocrx_word' id='word_1_284' title='bbox 1068 3610 1208 3678; x_wconf 81' lang='lat' dir='ltr'>dedisset,</span> <span class='ocrx_word' id='word_1_285' title='bbox 1228 3608 1277 3663; x_wconf 91' lang='lat' dir='ltr'><strong>ilie</strong></span> <span class='ocrx_word' id='word_1_286' title='bbox 1296 3625 1364 3663; x_wconf 85' lang='lat' dir='ltr'><strong>eura</strong></span> 
     </span>
     <span class='ocr_line' id='line_1_32' title="bbox 246 3680 1364 3752; baseline 0 -17"><span class='ocrx_word' id='word_1_287' title='bbox 246 3682 360 3735; x_wconf 85' lang='lat' dir='ltr'><strong>maiore</strong></span> <span class='ocrx_word' id='word_1_288' title='bbox 386 3681 496 3733; x_wconf 81' lang='lat' dir='ltr'><strong>civium</strong></span> <span class='ocrx_word' id='word_1_289' title='bbox 523 3686 553 3734; x_wconf 91' lang='lat' dir='ltr'><strong><em>et</em></strong></span> <span class='ocrx_word' id='word_1_290' title='bbox 576 3681 701 3735; x_wconf 83' lang='lat' dir='ltr'><strong>rnilitum</strong></span> <span class='ocrx_word' id='word_1_291' title='bbox 727 3697 852 3735; x_wconf 79' lang='lat' dir='ltr'><strong>suorum</strong></span> <span class='ocrx_word' id='word_1_292' title='bbox 877 3688 964 3752; x_wconf 85' lang='lat' dir='ltr'><strong>parte</strong></span> <span class='ocrx_word' id='word_1_293' title='bbox 987 3681 1102 3752; x_wconf 84' lang='lat' dir='ltr'><strong>Cpolim</strong></span> <span class='ocrx_word' id='word_1_294' title='bbox 1129 3682 1216 3750; x_wconf 86' lang='lat' dir='ltr'><strong>ubiit;</strong></span> <span class='ocrx_word' id='word_1_295' title='bbox 1244 3680 1364 3735; x_wconf 81' lang='lat' dir='ltr'><strong>Solerus</strong></span> 
     </span>
     <span class='ocr_line' id='line_1_33' title="bbox 246 3750 1363 3821; baseline 0.001 -15"><span class='ocrx_word' id='word_1_296' title='bbox 246 3760 347 3806; x_wconf 87' lang='lat' dir='ltr'><strong>autem</strong></span> <span class='ocrx_word' id='word_1_297' title='bbox 367 3750 509 3805; x_wconf 79' lang='lat' dir='ltr'><strong>Nicaeam</strong></span> <span class='ocrx_word' id='word_1_298' title='bbox 537 3754 693 3821; x_wconf 80' lang='lat' dir='ltr'><strong>ingressus</strong></span> <span class='ocrx_word' id='word_1_299' title='bbox 717 3752 787 3807; x_wconf 88' lang='lat' dir='ltr'><strong>dolo</strong></span> <span class='ocrx_word' id='word_1_300' title='bbox 811 3768 844 3807; x_wconf 82' lang='lat' dir='ltr'><strong><em>ae</em></strong></span> <span class='ocrx_word' id='word_1_301' title='bbox 865 3756 1103 3807; x_wconf 80' lang='lat' dir='ltr'><strong>circumventum</strong></span> <span class='ocrx_word' id='word_1_302' title='bbox 1123 3768 1189 3807; x_wconf 80' lang='lat' dir='ltr'><strong>ease</strong></span> <span class='ocrx_word' id='word_1_303' title='bbox 1208 3752 1363 3807; x_wconf 83' lang='lat' dir='ltr'><strong>intellexit.</strong></span> 
     </span>
     <span class='ocr_line' id='line_1_34' title="bbox 200 3822 1364 3894; baseline -0.003 -15"><span class='ocrx_word' id='word_1_304' title='bbox 200 3825 236 3879; x_wconf 83' lang='lat'><strong><em>39</em></strong></span> <span class='ocrx_word' id='word_1_305' title='bbox 246 3822 384 3879; x_wconf 86' lang='lat' dir='ltr'><strong>Cubiculi</strong></span> <span class='ocrx_word' id='word_1_306' title='bbox 407 3838 481 3877; x_wconf 85' lang='lat' dir='ltr'><strong>vero</strong></span> <span class='ocrx_word' id='word_1_307' title='bbox 507 3825 704 3893; x_wconf 85' lang='lat' dir='ltr'><strong>praepositus,</strong></span> <span class='ocrx_word' id='word_1_308' title='bbox 732 3822 834 3879; x_wconf 86' lang='lat' dir='ltr'><strong>Seiero</strong></span> <span class='ocrx_word' id='word_1_309' title='bbox 857 3825 928 3878; x_wconf 90' lang='lat' dir='ltr'><strong>iude</strong></span> <span class='ocrx_word' id='word_1_310' title='bbox 947 3824 1083 3893; x_wconf 80' lang='lat' dir='ltr'><strong>digresso</strong></span> <span class='ocrx_word' id='word_1_311' title='bbox 1103 3829 1134 3878; x_wconf 91' lang='lat' dir='ltr'><strong><em>et</em></strong></span> <span class='ocrx_word' id='word_1_312' title='bbox 1152 3823 1237 3894; x_wconf 88' lang='lat' dir='ltr'><strong>Cpoli</strong></span> <span class='ocrx_word' id='word_1_313' title='bbox 1256 3838 1364 3893; x_wconf 79' lang='lat' dir='ltr'><strong>appro-</strong></span> 
     </span>
     <span class='ocr_line' id='line_1_35' title="bbox 200 3895 1364 3964; baseline -0.001 -15"><span class='ocrx_word' id='word_1_314' title='bbox 200 3895 423 3964; x_wconf 80' lang='lat' dir='ltr'><strong>40piuquunte,</strong></span> <span class='ocrx_word' id='word_1_315' title='bbox 452 3896 589 3962; x_wconf 83' lang='lat' dir='ltr'><strong>quamvis</strong></span> <span class='ocrx_word' id='word_1_316' title='bbox 609 3896 700 3948; x_wconf 85' lang='lat' dir='ltr'><strong>animi</strong></span> <span class='ocrx_word' id='word_1_317' title='bbox 726 3896 837 3950; x_wconf 85' lang='lat' dir='ltr'><strong>dubius</strong></span> <span class='ocrx_word' id='word_1_318' title='bbox 861 3896 1008 3961; x_wconf 79' lang='lat' dir='ltr'><strong>haereret,</strong></span> <span class='ocrx_word' id='word_1_319' title='bbox 1036 3902 1137 3949; x_wconf 85' lang='lat' dir='ltr'><strong>tamen</strong></span> <span class='ocrx_word' id='word_1_320' title='bbox 1161 3901 1278 3949; x_wconf 83' lang='lat' dir='ltr'><strong>mutata</strong></span> <span class='ocrx_word' id='word_1_321' title='bbox 1299 3910 1364 3949; x_wconf 88' lang='lat' dir='ltr'><strong>sen·</strong></span> 
     </span>
     <span class='ocr_line' id='line_1_36' title="bbox 246 3964 1363 4022; baseline 0 -3"><span class='ocrx_word' id='word_1_322' title='bbox 246 3966 340 4019; x_wconf 89' lang='lat' dir='ltr'><strong>toutia</strong></span> <span class='ocrx_word' id='word_1_323' title='bbox 360 3966 493 4020; x_wconf 79' lang='lat' dir='ltr'><strong>Phooaui</strong></span> <span class='ocrx_word' id='word_1_324' title='bbox 510 3964 641 4019; x_wconf 87' lang='lat' dir='ltr'><strong>Bardam</strong></span> <span class='ocrx_word' id='word_1_325' title='bbox 662 3968 700 4019; x_wconf 91' lang='lat' dir='ltr'><strong><em>ab</em></strong></span> <span class='ocrx_word' id='word_1_326' title='bbox 720 3968 811 4021; x_wconf 86' lang='lat' dir='ltr'><strong>exilio</strong></span> <span class='ocrx_word' id='word_1_327' title='bbox 831 3972 1008 4022; x_wconf 84' lang='lat' dir='ltr'><strong>revocatum</strong></span> <span class='ocrx_word' id='word_1_328' title='bbox 1027 3974 1058 4020; x_wconf 87' lang='lat' dir='ltr'><strong><em>ot</em></strong></span> <span class='ocrx_word' id='word_1_329' title='bbox 1076 3967 1264 4020; x_wconf 77' lang='lat' dir='ltr'><strong>sanctissimo</strong></span> <span class='ocrx_word' id='word_1_330' title='bbox 1287 3968 1363 4020; x_wconf 90' lang='lat' dir='ltr'><strong>iure-</strong></span> 
     </span>
     <span class='ocr_line' id='line_1_37' title="bbox 246 4038 1364 4107; baseline 0.002 -18"><span class='ocrx_word' id='word_1_331' title='bbox 246 4038 376 4091; x_wconf 80' lang='lat' dir='ltr'>iurando</span> <span class='ocrx_word' id='word_1_332' title='bbox 402 4042 495 4105; x_wconf 84' lang='lat' dir='ltr'><strong>atquo</strong></span> <span class='ocrx_word' id='word_1_333' title='bbox 523 4038 739 4107; x_wconf 78' lang='lat' dir='ltr'><strong>imprecatione</strong></span> <span class='ocrx_word' id='word_1_334' title='bbox 769 4038 920 4093; x_wconf 83' lang='lat' dir='ltr'><strong>horrenda</strong></span> <span class='ocrx_word' id='word_1_335' title='bbox 948 4038 1133 4105; x_wconf 80' lang='lat' dir='ltr'><strong>obstrictum,</strong></span> <span class='ocrx_word' id='word_1_336' title='bbox 1162 4053 1202 4092; x_wconf 90' lang='lat' dir='ltr'><strong><em>ue</em></strong></span> <span class='ocrx_word' id='word_1_337' title='bbox 1228 4052 1364 4106; x_wconf 84' lang='lat' dir='ltr'><strong>uuquam</strong></span> 
     </span>
     <span class='ocr_line' id='line_1_38' title="bbox 247 4108 1362 4179; baseline 0 -18"><span class='ocrx_word' id='word_1_338' title='bbox 247 4124 375 4178; x_wconf 75' lang='lat' dir='ltr'><strong>reguum</strong></span> <span class='ocrx_word' id='word_1_339' title='bbox 396 4108 539 4161; x_wconf 82' lang='lat' dir='ltr'><strong>affectare</strong></span> <span class='ocrx_word' id='word_1_340' title='bbox 553 4116 606 4162; x_wconf 83' lang='lat' dir='ltr'><strong><em>aut</em></strong></span> <span class='ocrx_word' id='word_1_341' title='bbox 620 4109 744 4163; x_wconf 80' lang='lat' dir='ltr'><strong>consilia</strong></span> <span class='ocrx_word' id='word_1_342' title='bbox 758 4118 864 4164; x_wconf 81' lang='lat' dir='ltr'><strong>contra</strong></span> <span class='ocrx_word' id='word_1_343' title='bbox 877 4126 966 4179; x_wconf 79' lang='lat' dir='ltr'><strong>reges</strong></span> <span class='ocrx_word' id='word_1_344' title='bbox 979 4110 1055 4164; x_wconf 89' lang='lat' dir='ltr'><strong>inire</strong></span> <span class='ocrx_word' id='word_1_345' title='bbox 1068 4109 1167 4175; x_wconf 83' lang='lat' dir='ltr'><strong>veliet,</strong></span> <span class='ocrx_word' id='word_1_346' title='bbox 1186 4110 1362 4178; x_wconf 82' lang='lat' dir='ltr'><strong>magistrum</strong></span> 
     </span>
     <span class='ocr_line' id='line_1_39' title="bbox 246 4179 1365 4250; baseline 0 -17"><span class='ocrx_word' id='word_1_347' title='bbox 246 4179 379 4249; x_wconf 86' lang='lat' dir='ltr'><strong>appellat</strong></span> <span class='ocrx_word' id='word_1_348' title='bbox 408 4184 438 4233; x_wconf 87' lang='lat' dir='ltr'><strong><em>ot</em></strong></span> <span class='ocrx_word' id='word_1_349' title='bbox 465 4180 599 4248; x_wconf 86' lang='lat' dir='ltr'><strong>reliquiis</strong></span> <span class='ocrx_word' id='word_1_350' title='bbox 629 4182 785 4249; x_wconf 84' lang='lat' dir='ltr'><strong>copiarum</strong></span> <span class='ocrx_word' id='word_1_351' title='bbox 817 4181 954 4250; x_wconf 85' lang='lat' dir='ltr'><strong>praeficit</strong></span> <span class='ocrx_word' id='word_1_352' title='bbox 982 4181 1174 4250; x_wconf 77' lang='lat' dir='ltr'><strong>pecuniaque</strong></span> <span class='ocrx_word' id='word_1_353' title='bbox 1201 4180 1365 4233; x_wconf 80' lang='lat' dir='ltr'><strong>liberaliter</strong></span> 
     </span>
     <span class='ocr_line' id='line_1_40' title="bbox 200 4249 1364 4321; baseline -0.001 -15"><span class='ocrx_word' id='word_1_354' title='bbox 200 4253 234 4306; x_wconf 85' lang='lat'><strong><em>41</em></strong></span> <span class='ocrx_word' id='word_1_355' title='bbox 246 4250 441 4320; x_wconf 71' lang='lat' dir='ltr'><strong>suppeditata</strong></span> <span class='ocrx_word' id='word_1_356' title='bbox 464 4259 569 4304; x_wconf 86' lang='lat' dir='ltr'><strong>contra</strong></span> <span class='ocrx_word' id='word_1_357' title='bbox 588 4249 722 4306; x_wconf 83' lang='lat' dir='ltr'><strong>Selorum</strong></span> <span class='ocrx_word' id='word_1_358' title='bbox 746 4254 844 4307; x_wconf 87' lang='lat' dir='ltr'><strong>mittit.</strong></span> <span class='ocrx_word' id='word_1_359' title='bbox 880 4251 947 4315; x_wconf 88' lang='lat' dir='ltr'><strong><em>Quo</em></strong></span> <span class='ocrx_word' id='word_1_360' title='bbox 967 4250 1087 4307; x_wconf 81' lang='lat' dir='ltr'><strong>Selorua</strong></span> <span class='ocrx_word' id='word_1_361' title='bbox 1106 4253 1229 4321; x_wconf 79' lang='lat' dir='ltr'><strong>cognito</strong></span> <span class='ocrx_word' id='word_1_362' title='bbox 1250 4258 1312 4305; x_wconf 89' lang='lat' dir='ltr'><strong><em>tum</em></strong></span> <span class='ocrx_word' id='word_1_363' title='bbox 1331 4267 1364 4305; x_wconf 83' lang='lat' dir='ltr'><strong><em>se</em></strong></span> 
     </span>
     <span class='ocr_line' id='line_1_41' title="bbox 247 4321 1365 4393; baseline 0.002 -18"><span class='ocrx_word' id='word_1_364' title='bbox 247 4336 349 4391; x_wconf 85' lang='lat' dir='ltr'><strong>parem</strong></span> <span class='ocrx_word' id='word_1_365' title='bbox 370 4322 578 4377; x_wconf 85' lang='lat' dir='ltr'><strong>adversarium</strong></span> <span class='ocrx_word' id='word_1_366' title='bbox 599 4323 712 4377; x_wconf 84' lang='lat' dir='ltr'><strong>habere</strong></span> <span class='ocrx_word' id='word_1_367' title='bbox 733 4329 818 4378; x_wconf 81' lang='lat' dir='ltr'><strong>ratus</strong></span> <span class='ocrx_word' id='word_1_368' title='bbox 836 4324 908 4378; x_wconf 87' lang='lat' dir='ltr'><strong>inde</strong></span> <span class='ocrx_word' id='word_1_369' title='bbox 927 4324 1097 4393; x_wconf 82' lang='lat' dir='ltr'><strong>digreditur</strong></span> <span class='ocrx_word' id='word_1_370' title='bbox 1113 4328 1144 4377; x_wconf 87' lang='lat' dir='ltr'><strong><em>et</em></strong></span> <span class='ocrx_word' id='word_1_371' title='bbox 1162 4338 1258 4393; x_wconf 86' lang='lat' dir='ltr'><strong>prope</strong></span> <span class='ocrx_word' id='word_1_372' title='bbox 1276 4321 1365 4377; x_wconf 82' lang='lat' dir='ltr'><strong>Aruo-</strong></span> 
     </span>
     <span class='ocr_line' id='line_1_42' title="bbox 247 4394 1364 4468; baseline 0.001 -17"><span class='ocrx_word' id='word_1_373' title='bbox 247 4395 323 4451; x_wconf 85' lang='lat' dir='ltr'><strong>rium</strong></span> <span class='ocrx_word' id='word_1_374' title='bbox 350 4408 455 4466; x_wconf 80' lang='lat' dir='ltr'><strong>pugna</strong></span> <span class='ocrx_word' id='word_1_375' title='bbox 481 4396 638 4451; x_wconf 81' lang='lat' dir='ltr'><strong>commissa</strong></span> <span class='ocrx_word' id='word_1_376' title='bbox 666 4395 805 4468; x_wconf 81' lang='lat' dir='ltr'><strong>superior</strong></span> <span class='ocrx_word' id='word_1_377' title='bbox 834 4395 945 4465; x_wconf 82' lang='lat' dir='ltr'><strong>evadit,</strong></span> <span class='ocrx_word' id='word_1_378' title='bbox 975 4395 1144 4467; x_wconf 82' lang='lat' dir='ltr'><strong>profligatio</strong></span> <span class='ocrx_word' id='word_1_379' title='bbox 1171 4394 1364 4452; x_wconf 79' lang='lat' dir='ltr'><strong>adversariis.</strong></span> 
     </span>
    </p>
   </div>
   <div class='ocr_carea' id='block_1_6' title="bbox 0 0 1538 4775">
    <p class='ocr_par' dir='ltr' id='par_1_6' title="bbox 0 0 1538 4775">
     <span class='ocr_line' id='line_1_43' title="bbox 0 0 1538 4775; baseline 0 0"><span class='ocrx_word' id='word_1_380' title='bbox 0 0 1538 4775; x_wconf 95' lang='lat' dir='ltr'><strong><em> </em></strong></span> 
     </span>
    </p>
   </div>
  </div>
 </body>
</html>
