3050 4775
276 383 328 441 206
566 376 701 443 ZONAR.
721 377 821 440 ΕΡῙΤ.
840 377 909 439 XIV
929 378 970 451 15,
992 377 1106 439 18-35.

276 569 356 640 λειος
371 569 425 631 καί
440 570 504 642 ἔξω
519 574 575 631 τοῦ
592 567 732 650 Μακροῡ
752 568 868 649 τείχους
893 566 1036 649 ηὐλίσατο
1058 566 1136 648 μετὰ
1158 572 1213 649 τῆς
1234 565 1395 649 βασιλικῆς

275 670 471 741 πολυτελείας
493 671 548 734 καί
571 672 767 754 δορυφορίας
789 670 843 734 καί
865 670 1038 752 χρημάτων
1059 668 1195 742 πολλῶν,
1218 671 1239 732 ἃ
1260 677 1308 752 τῷ
1324 667 1394 732 Χα-

233 782 267 836 19
277 775 364 856 γάνῳ
393 774 484 855 δῶρα
512 774 663 856 ἐκόμιζεν.
709 773 728 835 ὁ
757 773 791 835 δὲ
819 773 983 854 βάρβαρος
1010 772 1168 853 ἀλογήσας
1194 777 1259 834 τῶν
1285 772 1396 852 ὅρκων

231 886 307 940 ίθτε
339 876 392 939 καί
424 880 488 939 τῶν
520 876 692 957 συνθηκῶν
724 876 856 957 ὥρμησε
889 874 943 937 τὸν
976 874 1104 955 βασιλέα
1138 880 1272 956 συσχεῖν.
1318 874 1395 936 ἀλλὰ

135 979 387 1045 ΡΙΙὸΒΑτούτου
410 978 469 1059 μὲν
488 979 548 1041 οὐκ
564 978 709 1059 ἐπετυχεν
734 976 833 1059 (ἔφθη
850 975 911 1057 γάρ
927 974 1083 1057 διαδράς),
1106 976 1161 1057 τὴν
1179 977 1285 1057 μέντοι
1305 978 1423 1058 βασι-5

277 1080 366 1163 λικίγν
388 1080 569 1162 ἀποσκευὴν
591 1079 644 1143 καὶ
666 1079 722 1161 τὴν
746 1079 952 1161 δορυφορίαν,
985 1077 1063 1140 ἀλλὰ
1091 1078 1156 1161 μὴν
1181 1077 1294 1141 καὶτὰ
1317 1080 1395 1161 χρή-

276 1206 360 1265 ματα
393 1183 446 1246 καί
479 1182 693 1264 δορυαλώτων
724 1180 864 1264 χιλιάδας
894 1179 1011 1249 πολλὰς
1042 1180 1123 1243 κατὰ
1154 1186 1258 1243 πᾶσαν
1290 1181 1397 1244 ἄδειαν

232 1296 265 1351 21
277 1286 416 1368 εἰληφὼς
439 1286 638 1367 ὑπέστρεφεν.
685 1283 779 1353 αὖθις
802 1282 859 1346 οὖν
880 1281 1095 1364 ὁἩράκλειος
1117 1283 1283 1365 πρεσβείαν
1305 1283 1396 1346 ἔδετο

277 1387 359 1469 πρὸς
381 1387 487 1470 abror,
510 1388 693 1469 ῶτεγκαλῶν
708 1387 796 1466 uinci
819 1386 960 1448 ἀπιστίαν
982 1385 1138 1466 καὶπρὸς
1161 1387 1287 1468 εἰρήνην
1301 1387 1397 1449 αὐτὸν

233 1503 268 1557 22
277 1490 500 1573 ἐφελκόμενος·
525 1490 543 1553 ὁ
560 1489 594 1552 δὲ
610 1488 780 1553 σπένδεται.
825 1488 912 1551 καὶὸ
930 1487 1074 1570 βασιλεὺς
1095 1494 1150 1570 τῆς
1171 1489 1396 1571 βασιλευούσης
1407 1499 1442 1550 10

277 1592 403 1675 ἀπάρας
417 1598 481 1657 τῶν
495 1593 620 1656 πόλεων
635 1592 764 1675 ἀφίκετο
781 1592 823 1661 είς
838 1589 1039 1673 Καισάρειαν,
1055 1591 1135 1654 ἔνθα
1150 1591 1204 1653 καὶ
1220 1592 1238 1653 ὁ
1253 1589 1396 1672 Κρίσπος

232 1694 316 1779 23ἦν
348 1701 543 1779 στρατηγῶν·
578 1692 616 1757 οὗ
649 1700 817 1763 νοσοῦντος
844 1696 863 1775 ἢ
891 1699 984 1756 τοῦτο
1011 1695 1288 1775 προσποιουμένου
1314 1693 1396 1776 πρὸς

140 1810 268 1867 winus
277 1798 372 1861 αὐτὸν
395 1788 488 1880 ἀπῄει
510 1798 528 1859 ὁ
551 1796 703 1879 βασιλεύς,
728 1796 976 1878 ἐπισκεψόμενος
993 1796 1047 1859 καὶ
1061 1796 1311 1878 βουλευσόμενος
1324 1798 1395 1878 περὶ

232 1906 341 1967 24τῶν
362 1901 537 1983 πρακτέων.
583 1898 602 1962 δ
626 1898 660 1961 δὲ
683 1898 779 1961 αὐτὸν
802 1898 965 1981 ὀλιγώρως
988 1898 1120 1981 ἐδέχετο,
1151 1900 1230 1981 μήτε
1251 1922 1394 1981 προσυπ-

243 2008 382 2071 Βαντῶν
407 2005 486 2085 μήτε
513 2002 578 2085 μὴν
605 2009 659 2084 τῆς
686 2001 792 2084 κλίνης
814 2001 1050 2083 ἐξανιστάμενος
1075 2002 1136 2064 κάν
1166 2007 1233 2071 ταῖς
1263 2002 1395 2083 ὁμιλίαις
1407 2012 1441 2064 15

231 2105 544 2187 κοάλαζονικώτεράν
575 2127 646 2173 πως
679 2103 900 2185 διατιθέμενος.
942 2102 1127 2184 Ἡράκλειος
1156 2104 1190 2167 δὲ
1216 2105 1310 2167 συνίει
1335 2105 1394 2185 μὲν

275 2208 311 2273 τὸ
334 2208 497 2291 γινόμενον
518 2207 573 2271 καί
595 2207 895 2289 καταφρονούμενος
917 2206 1044 2289 ἤχδειο,
1068 2207 1249 2287 ὑπεκρίνετο
1272 2207 1307 2269 δὲ
1320 2203 1393 2289 μήτ’

276 2424 294 2477 8
312 2425 351 2477 ὅτι
369 2423 504 2476 ἐσπείσατο
522 2423 538 2474 δ
554 2421 678 2490 Χαγάνος
697 2419 745 2476 GE
859 2419 892 2472 12
910 2420 968 2489 περὶ
987 2421 1115 2487 Κρίσπον,
1134 2421 1180 2473 καὶ
1198 2422 1270 2480 ὅπως
1288 2420 1392 2488 διετέθη

275 2495 342 2563 πρὸς
361 2493 405 2549 τδν
420 2493 579 2561 Ἡράκλειον
598 2492 646 2548 ΟΕ

331 2691 354 2744 1.
365 2690 382 2744 2
394 2689 518 2759 ηὐλίσατο
531 2695 600 2760 post
612 2690 775 2758 δορυφορίας
789 2689 813 2744 0
871 2690 896 2743 2.
906 2688 924 2742 3
936 2689 982 2742 καί
993 2688 1117 2757 χρήματα
1130 2688 1160 2744 δὲ
1169 2688 1253 2744 πολλὰ
1264 2688 1310 2742 καί
1323 2692 1391 2753 (om.

332 2759 393 2826 OD)
412 2771 451 2830 τῷ
470 2763 579 2832 χαγάνῳ
597 2762 718 2828 ἐκόμιζεν
738 2760 762 2815 0
852 2760 871 2813 4
888 2768 994 2828 συγχεῖν
1013 2758 1049 2827 D,
1069 2775 1145 2814 corr.
1165 2759 1216 2819 Ι),
1305 2759 1323 2814 5
1340 2759 1392 2813 οὐκ

328 2832 451 2902 ἐπέτυχεν
470 2833 578 2902 ΑΕνιρ,
598 2833 778 2900 διημάρτηκεν
798 2831 822 2886 0
944 2835 1012 2900 post
1030 2831 1079 2900 γὰρ
1098 2831 1167 2885 αδδ.
1187 2833 1203 2885 δ
1219 2829 1392 2900 αὐτοκράτωρ

331 2903 404 2973 pr
477 2903 712 2972 διαδιδράσκωνΕ
778 2903 795 2956 6
813 2901 965 2971 ἀποσκευὴν
977 2902 1012 2970 Α,
1031 2905 1134 2956 ἅπασαν
1146 2903 1297 2972 ἀποσκευὴν
1312 2905 1391 2972 Ewp,

329 2975 480 3045 ἀποσκευὴν
493 2974 632 3029 ἅπασανΟ
700 2976 716 3030 ἵ
735 2972 964 3042 δοριαλώτωνΒὶ,
985 2989 1013 3027 v.
1027 2973 1066 3026 ad
1079 2973 1152 3027 XIII
1164 2975 1217 3040 8‚3
1282 2975 1299 3028 8
1316 2977 1392 3028 ἔδετο

329 3047 440 3118 Apr,
459 3048 577 3115 ἔπεμψεν
595 3046 623 3099 D
709 3045 743 3099 12
761 3047 852 3100 τούτου
872 3045 895 3100 C
981 3045 1014 3099 13
1031 3051 1102 3098 ante
1120 3046 1165 3098 καὶ
1185 3046 1253 3099 add.
1273 3067 1299 3098 τε
1319 3045 1391 3115 pr

331 3120 365 3172 14
383 3126 557 3188 προυπαιπῶν
576 3117 648 3187 Ewp
722 3117 754 3171 16
773 3119 939 3186 διακείμενος
954 3117 1026 3186 Ewp
1098 3117 1187 3185 συνήει
1206 3116 1270 3186 ν’*ρ
1290 3119 1392 3170 invibls

329 3191 390 3258 All,
404 3206 432 3244 v.
443 3190 496 3244 XV
507 3190 549 3257 29,
565 3190 598 3242 12
671 3188 838 3257 lit-piot,
851 3190 873 3241 l.
887 3190 967 3243 συνίει
979 3229 985 3241 .
997 3226 1003 3240 .
1013 3187 1042 3240 τδ
1054 3190 1189 3256 γινόμενον
1202 3189 1248 3242 καί
1259 3209 1392 3257 καταφρο-

329 3261 745 3387 νσάμηγοὶςζηὶηδερτοῇὗπεκρίνετο
758 3260 789 3313 δὲ
802 3260 863 3330 μήτ’
882 3261 1015 3328 ἄχθεσθαι
1034 3259 1100 3328 κτλ]
1123 3259 1169 3312 Dc
1189 3261 1233 3314 his
1253 3261 1392 3314 chiasmis

330 3350 358 3388 ν.
378 3349 396 3387 a
546 3374 552 3399 ‚

278 3538 307 3586 ct
327 3533 472 3587 comitatu
492 3536 592 3586 castre
611 3531 713 3600 posuit
731 3531 894 3600 multisque
913 3532 1090 3586 muneribus
1100 3530 1247 3600 Chegono
1267 3532 1394 3586 offeren-

233 3605 267 3659 19
278 3603 332 3658 dis.
368 3601 408 3657 At
427 3604 576 3657 burburus
595 3608 696 3672 spreto
716 3604 913 3657 iureiurando
943 3610 972 3658 et
994 3604 1118 3658 loedere
1136 3619 1240 3672 regem
1260 3619 1394 3672 compre-

233 3678 269 3730 20
279 3674 410 3729 bendere
423 3673 546 3728 studuit.
584 3673 644 3730 Sed
660 3689 697 3728 eo
716 3679 829 3728 conatu
848 3677 1011 3729 frustratim
1028 3674 1110 3742 (uam
1129 3676 1189 3728 ium
1208 3676 1393 3743 aufugerat),

278 3747 395 3816 reglum
415 3751 516 3799 tumen
535 3747 768 3800 instrumentum
787 3752 818 3800 et
836 3749 1019 3813 comitatum,
1042 3749 1201 3816 pecuniam
1222 3761 1344 3816 quoquc
1363 3753 1394 3801 et

277 3819 371 3870 multu
390 3819 580 3887 captivorum
599 3817 681 3871 milio
710 3820 806 3872 otiose
834 3818 959 3887 diripuit
977 3819 1161 3886 domumque
1179 3826 1225 3872 est
1243 3833 1394 3872 reversus.

233 3889 265 3944 tl
277 3887 435 3943 Heraclius
454 3891 548 3959 igitur
568 3887 668 3943 denuo
689 3889 798 3958 legetis
821 3889 861 3942 ad
888 3889 970 3941 illum
990 3891 1087 3943 missis
1114 3888 1152 3942 de
1182 3890 1248 3942 cius
1267 3890 1395 3959 pertidia

232 3961 267 4016 22
277 3962 473 4030 conqueritur
496 3974 664 4030 pacemque
683 3961 722 4014 ab
742 3975 779 4014 eo
797 3960 899 4013 studet
926 3962 1097 4029 impetrare.
1134 3959 1201 4023 (δυο
1229 3964 1311 4015 tacte
1338 3977 1394 4015 rex

277 4033 364 4102 regia
373 4033 449 4086 urbe
460 4031 615 4101 digressus
626 4030 815 4098 Caesareum,
834 4031 887 4084 ubi
897 4031 1021 4101 Crispus
1041 4032 1103 4085 dux
1114 4032 1235 4101 egebat,
1255 4034 1395 4101 pervenit

232 4105 408 4171 bicumque
427 4103 476 4158 vel
495 4107 704 4173 aegrotantem
729 4103 778 4156 vel
806 4103 944 4156 morbum
967 4102 1157 4157 simulantem
1177 4105 1328 4172 convenit,
1357 4104 1395 4157 de

232 4176 368 4230 Μεσάτει
381 4174 525 4244 gerendis
544 4189 611 4228 oum
632 4189 668 4228 eo
679 4173 911 4227 deliberaturus.
949 4174 1008 4230 Sed
1027 4175 1067 4229 ab
1086 4189 1123 4229 co
1133 4175 1326 4244 negligenter
1345 4190 1395 4229 ex·

277 4247 400 4316 cipitur3
424 4263 493 4302 nam
514 4261 613 4315 neque
643 4246 764 4299 obviem
785 4259 964 4314 progressus
984 4252 1029 4301 est
1047 4260 1147 4315 neque
1166 4263 1184 4300 e
1203 4246 1312 4300 lectulo
1330 4262 1395 4300 sur·

232 4319 364 4386 stroxit,
383 4320 415 4373 iu
435 4319 590 4388 colloquiis
610 4319 700 4370 ctiam
714 4316 977 4386 arrogantioribus
988 4319 1090 4372 verbis
1108 4333 1190 4372 usus.
1226 4317 1395 4384 Heraclius,

278 4392 333 4444 etsi
353 4390 426 4460 quid
445 4391 493 4454 ille
513 4393 619 4462 ageret·
639 4388 836 4458 intellegebat
855 4394 886 4442 ct
903 4391 950 4444 sui
971 4394 1176 4459 contemptum
1194 4389 1299 4458 iniquo
1320 4391 1394 4444 lere·
