3050 4775
286 436 405 498 neom
424 435 475 496 nr
494 423 685 497 mennam
703 436 866 499 nnuuvu
884 436 1147 501 annumerant.
1226 442 1277 501 εει

158 618 223 687 ἀλλ’
252 623 410 687 ἀπολεῖται
435 623 581 695 κακῶς.”
625 621 725 707 ὸμέν
752 620 811 687 οὖν
837 629 932 689 ταῦτα
961 624 1155 709 προείρηκεν.
1202 626 1221 690 δ
1245 625 1279 690 δέ
1288 632 1324 685 10

157 726 339 809 Βσρὸάνιος
361 726 531 810 ἀπιστήσας
554 726 643 808 αὐτῷ
665 726 822 809 τυραννίδι
840 727 1066 811 ἐπικεχείρηκε·
1091 727 1126 793 τὸ
1144 724 1172 792 δ’
1189 728 1279 800 ὅπως

157 829 219 893 οὐκ
242 830 330 913 ἔτυχε
351 834 406 912 τῆς
427 828 594 911 βασιλείας,
619 828 696 893 ἀλλὰ
719 828 774 892 καί
796 830 931 913 ἐξεκόπη
954 829 991 893 τὸ
1012 832 1139 914 ὄμματα
1155 830 1209 895 καί
1223 836 1279 896 τοῦ

157 931 294 995 πλούτου
310 932 465 1014 ἐστέρητο,
481 930 543 1014 ἤδη
559 954 615 1013 μοι
629 931 860 1015 προϊστάρηται.
899 933 1084 1016 βασιλεύσας
1101 932 1135 997 δὲ
1151 934 1169 997 ὁ
1184 932 1280 999 Λέων
1290 939 1322 993 11
1342 939 1492 996 P11129A

130 1034 212 1099 δτὸν
234 1032 364 1117 Μιχαὴλ
389 1033 449 1116 μέν
476 1032 531 1097 τὸν
556 1034 692 1116 τραυλὸν
723 1035 885 1117 πατρίκιον
917 1036 1040 1120 ἐτίμησε
1071 1037 1125 1100 καί
1155 1036 1279 1121 κάμητα

158 1142 214 1220 τῆς
235 1140 300 1201 τῶν
323 1136 515 1218 ἐξκουβίτων
537 1137 663 1220 σχολῆς,
692 1135 747 1201 τὸν
770 1136 806 1201 δέ
828 1162 862 1220 γε
889 1136 1022 1221 Θωμᾶν,
1052 1140 1088 1209 δς
1110 1139 1163 1203 καί
1186 1138 1280 1211 αὐτὸς
1291 1145 1324 1200 12

158 1238 198 1322 ἦν
225 1238 270 1310 είς
298 1243 362 1303 τῶν
389 1246 436 1322 τῷ
464 1237 638 1321 Βαρὸανίῳ
665 1238 733 1303 τότε
764 1238 819 1303 τὸν
850 1241 946 1305 άτπον
977 1242 1279 1325 παραστησαμίνων,

158 1341 363 1425 ταυρμάρχην
383 1347 440 1406 τοῦ
462 1342 619 1425 τάγματος
641 1346 705 1406 τῶν
727 1341 927 1425 φοιὸεράτων
948 1344 1192 1427 προεχειρίσατο.

255 1446 330 1510 Τῶν
351 1446 457 1527 μέντοι
481 1444 678 1527 Βουλγάρων
700 1443 756 1527 τὴν
778 1442 910 1528 Θρᾴκην
932 1446 1135 1529 ληιζομένων,
1160 1447 1280 1529 διεντρε-
1291 1454 1325 1508 13

114 1547 314 1631 1οσβεύσατο
336 1547 418 1631 πρὸς
439 1545 494 1610 τὸν
516 1547 623 1611 αὐτῶν
645 1546 787 1631 άρχηγὸν
810 1547 828 1610 ὸ
849 1546 944 1612 Λέων
966 1546 1037 1630 περὶ
1059 1549 1216 1613 σπονδῶν.
1262 1548 1326 1612 614

160 1649 195 1714 δέ
215 1656 254 1733 τῇ
276 1650 346 1733 νίκη
370 1656 408 1733 τῇ
431 1650 562 1732 ἔναγχος
585 1647 744 1732 ὸχκωὸελς
766 1648 822 1732 τὴν
844 1650 1011 1732 πρεσβείαν
1037 1648 1093 1731 τὴν
1119 1649 1190 1732 περί
1216 1654 1281 1713 τῶν

159 1751 309 1815 σπονδῶν
332 1751 371 1815 αὖ
393 1752 586 1835 προσήκατο.
632 1750 751 1814 οὸκοῦν
771 1750 1003 1833 ἐξεστράτευσεν
1019 1750 1038 1813 δ
1052 1750 1196 1834 βασιλεὺς
1211 1748 1279 1815 κατ’
1292 1762 1325 1817 15

159 1854 268 1935 αὐτοῦ,
301 1851 356 1917 καί
387 1850 481 1924 αὖθις
507 1854 528 1936 ἡ
555 1852 625 1936 νίκη
653 1858 718 1923 τοῖς
748 1853 924 1936 βαρβάροις
955 1853 1121 1937 ἐπεμειδία,
1153 1854 1208 1918 καί
1239 1855 1282 1926 είς

159 1954 266 2038 φυγὴν
289 1954 466 2019 δπιὸάντων
480 1954 658 2037 Ῥωμαίων,
683 1954 818 2019 ἐδίωκον
842 1956 873 2019 oi
893 1955 1052 2039 βάρβαροι
1075 1956 1205 2021 ὄπισβεν
1228 1955 1282 2020 καί

115 2072 149 2127 15
159 2061 442 2141 καταφρονητικῶς
461 2057 648 2139 διακείμενοι
670 2057 709 2121 οὐ
732 2056 812 2119 κατὰ
835 2057 958 2140 κόσμον
980 2054 1049 2121 οὐδ’
1066 2058 1282 2131 εὐσυντάκτως

160 2160 304 2235 ἐδίωκον,
336 2158 414 2223 ἀλλὰ
441 2159 553 2223 ἄλλοσέ
577 2182 633 2223 ττοι
659 2160 745 2225 ἄλλοι
772 2160 1024 2243 σκεδαννύμενοι.
1070 2166 1161 2225 τοῦτο
1183 2185 1279 2225 κατα·
1291 2170 1504 2227 16BW111105

7 2285 17 2326 ν
40 2277 85 2332 ΠΙ
95 2276 148 2332 381
158 2263 277 2346 νοήσας
299 2263 318 2326 ά
341 2262 488 2345 βασιλεύς
512 2260 612 2345 (ἔτυχε
634 2260 695 2345 γάρ
718 2260 769 2325 ἐπί
790 2262 953 2345 μετεώρου
976 2260 1074 2325 τόπου
1092 2260 1202 2345 ἑστώς)
1226 2263 1280 2327 καί

157 2476 176 2531 9
193 2477 233 2530 ὅτι
255 2475 316 2544 περὶ
339 2477 463 2530 σπονδῶν
485 2475 759 2544 διαπρεσβευσάμενος
778 2475 794 2528 ὸ
812 2475 890 2530 Λίων
907 2473 974 2544 πρὸς
996 2474 1041 2528 τὸν
1059 2475 1173 2546 ἄρχοντα
1191 2476 1279 2532 Βουλ-

156 2548 249 2617 χάρων
263 2547 318 2601 &cal
336 2547 387 2602 στ’νκ
404 2547 512 2617 ἐὸίχδη,
531 2546 713 2614 ἐξεστράτευσε
725 2545 784 2602 κατ’
797 2546 900 2602 ἐκείνου
913 2547 959 2602 καί
971 2547 1092 2617 ἐνίκησεν
1105 2547 1135 2616 C,
1155 2549 1228 2608 ὅπως
1240 2548 1280 2612 ἐξ·

156 2620 310 2688 εσιράτευσε
328 2619 387 2675 κατ’
405 2619 516 2673 ἐκείνων
534 2618 580 2674 καί
598 2619 719 2687 ίνίκησεν
737 2618 761 2672 Ε

211 2815 265 2886 ἳβ
300 2816 382 2886 δάνης
402 2813 484 2940 Οννχτ,
504 2829 533 2868 v.
551 2813 591 2868 ad
609 2812 665 2868 XV
684 2813 764 2882 19,4
848 2813 1040 2885 δποστησαςΕ
1124 2815 1278 2885 4προὶστά-

246 2908 287 2942 ται
318 2887 372 2942 XV
393 2887 435 2954 14,
479 2901 517 2942 ss.
589 2885 614 2939 δ’
634 2884 657 2941 C
729 2885 746 2940 5
766 2885 809 2940 τὸν
826 2886 876 2955 μὲν
894 2886 1005 2955 τραυλὸν
1022 2885 1121 2957 μιχαὴλ
1139 2889 1278 2956 πατρίκιον

238 2975 264 3013 w
287 2959 357 3026 ,τὸν
374 2957 473 3028 μιχαὴλ
490 2956 539 3026 μὲν
557 2957 669 3026 τραυλὸν
685 2959 825 3025 πατρίκιον
845 2957 869 3012 Ε
947 2958 964 3012 6
983 2966 1029 3028 τῆς
1048 2957 1139 3013 0111.Β
1206 2959 1223 3012 ’ί
1241 2959 1279 3018 είς

209 3030 244 3099 ἦν
261 2975 336 3100 Eup
425 3031 547 3099 βσρὸάνη
567 3028 649 3099 Οντρ,
672 3043 700 3083 v.
720 3030 760 3082 ad
780 3045 823 3083 vs.
841 3029 859 3082 2
951 3031 1007 3084 τότε
1027 3029 1127 3084 omo
1211 3035 1279 3100 post

209 3121 355 3170 παραστησ.
368 3102 437 3155 add.
450 3101 492 3155 ἐπὶ
505 3108 551 3170 τῆς
563 3102 699 3160 κατοικίας
712 3108 757 3155 τοῦ
769 3108 890 3170 μσναχοῦ
904 3099 977 3171 pr
1045 3101 1062 3156 8
1081 3101 1235 3170 τσυρμάχην
1254 3100 1278 3154 Β

211 3171 392 3242 1οεἰρήνηςο
450 3172 482 3225 11
493 3171 775 3241 τῇνίκη-ὸγκωβεὶς]
786 3173 995 3242 πεφυσημένοςτ
1022 3173 1084 3241 νίκῃ
1096 3172 1278 3242 τῇίναγχοςΟ

210 3244 246 3298 12
263 3246 389 3298 σπονδῶν
408 3243 443 3312 D,
463 3258 539 3298 corr.
549 3242 602 3302 Dw
666 3243 700 3297 16
717 3265 755 3312 πη
776 3243 849 3313 pr
904 3244 969 3313 ἄλλη
989 3181 1025 3312 g,
1044 3245 1119 3298 litim
1139 3259 1215 3299 corr.
1226 3243 1278 3302 Dw

211 3315 245 3371 11
263 3314 345 3376 ίστὼς
363 3313 416 3371 AO
436 3312 523 3372 Cedr.
543 3313 686 3385 (Scyiitz.)
706 3314 735 3369 11
753 3331 783 3385 p.
801 3313 844 3382 53,
865 3315 907 3384 12,
926 3313 1047 3385 ἑστηκὼς
1069 3315 1141 3385 Ewp

156 3511 300 3567 diadema
327 3511 384 3567 eibi
412 3512 559 3582 imponet3
591 3510 646 3566 aad
673 3516 745 3566 voto
773 3526 828 3566 auo
860 3511 1007 3582 deceptus
1034 3511 1113 3567 male
1144 3511 1281 3582 peribit.”

155 3583 244 3638 llaec
259 3582 310 3638 ille
328 3582 488 3654 praedixit.
519 3580 578 3637 Sed
591 3581 762 3637 Bardanius
776 3582 835 3638 fide
849 3584 876 3638 ei
890 3599 951 3638 non
965 3583 1070 3637 habita
1087 3583 1280 3652 tyrannidem
1291 3584 1325 3637 10

156 3655 284 3723 ἰατεοίλς
312 3669 372 3724 quo
397 3659 485 3724 pacto
509 3659 610 3708 autem
634 3669 730 3723 regno
750 3655 898 3709 exciderit
922 3660 951 3708 et
970 3655 1065 3710 oculis
1088 3655 1126 3709 sit
1146 3655 1279 3722 orbatus,

158 3728 269 3797 opibus
287 3727 378 3781 etiam
398 3727 518 3795 ereptis,
537 3730 608 3779 ante
628 3741 646 3778 a
665 3741 713 3780 mc
731 3731 889 3780 narratum
908 3731 961 3780 est.
994 3723 1133 3780 Ceterum
1147 3725 1209 3780 Leo
1228 3727 1279 3780 im·
1291 3727 1323 3780 11

157 3799 243 3870 perio
264 3798 377 3868 potitus
389 3795 564 3851 Michatiem
581 3795 708 3851 Balbum
727 3798 888 3866 patricium
907 3797 978 3852 fecit
998 3803 1028 3851 et
1046 3797 1168 3852 scholae
1190 3811 1280 3851 excu-

157 3871 292 3924 bitorum
311 3869 458 3937 comitem,
477 3867 631 3933 Thomam‚
652 3869 703 3937 qui
723 3875 753 3922 et
772 3869 837 3939 ipse
857 3883 896 3923 ex
914 3869 950 3922 iic
970 3869 1078 3936 iuerat,
1099 3869 1151 3938 qui
1167 3867 1324 3922 Barda-12

157 3943 209 4066 ιχίο
229 3955 343 4010 equum
364 3945 428 3994 tum
450 3938 652 4005 adduxerant,
680 3940 883 3994 turmarcham
901 3939 1030 4010 legionis
1053 3941 1280 3995 foederatorum

181 4013 224 4067 esi
270 4013 342 4065 avit.

225 4028 390 4152 gliliulgarie
404 4087 507 4137 autem
519 4081 680 4136 Thraciam
694 4083 893 4149 vastantibus,
912 4082 1031 4151 legatos
1045 4081 1084 4136 ad
1103 4097 1208 4137 eorum
1228 4081 1280 4136 du·
1290 4082 1325 4136 13

159 4169 227 4210 cem
246 4153 284 4208 de
308 4169 385 4224 pace
407 4154 495 4208 misit.
532 4154 637 4223 Quem,
665 4169 733 4208 cum
757 4155 871 4208 recenti
898 4155 1025 4208 victoria
1050 4153 1173 4206 inflatus
1196 4153 1280 4222 pacis
1291 4153 1325 4206 14

159 4225 350 4280 conditiones
363 4223 548 4294 repudiaret,
562 4225 639 4280 bello
653 4225 780 4280 adortus
794 4230 851 4292 θείς
865 4225 920 4280 sad
933 4225 1063 4290 barbari,
1078 4225 1206 4279 victoria
1217 4239 1280 4278 rur·
1291 4225 1324 4278 15

158 4313 212 4352 sue
224 4296 266 4350 ad
277 4297 360 4366 ipsos
378 4295 551 4364 inclinante,
571 4295 722 4352 Romanos
734 4298 765 4351 in
778 4298 884 4366 tagam
898 4311 1002 4350 versos
1017 4311 1035 4349 a
1048 4299 1135 4364 tergo
1150 4300 1280 4349 contem·

159 4371 235 4440 ptim
253 4367 399 4437 nulloque
418 4367 525 4421 ordine
537 4369 786 4437 insequebantur,
805 4369 855 4422 alii
875 4368 934 4422 alio
959 4367 1004 4421 dis
1027 4368 1094 4421 ersi.
1132 4367 1198 4430 Quo
1225 4381 1280 4419 rex
1290 4364 1325 4419 16

160 4439 374 4496 animadverso
387 4438 469 4507 (nam
483 4438 515 4492 in
528 4437 655 4494 editiore
667 4439 733 4494 loco
753 4439 864 4506 stabat)
883 4453 955 4494 suos
973 4454 992 4492 a
1028 4452 1163 4508 pugnam
1178 4437 1281 4492 cohor·

215 4545 334 4592 Ζοναεσε
347 4543 462 4602 tantm
475 4542 521 4589 111
1085 4525 1120 4582 21
