3050 4775
261 423 408 494 ῙΟΑΝΝΕ
428 423 550 492 ivnso
569 423 798 491 unisonus
817 423 881 490 nr
899 423 1163 489 miminerit.
1221 423 1275 488 383

34 624 62 679 D
76 619 307 700 Ivirrodrsoov
328 618 388 700 μὲν
409 617 482 688 τοὺς
509 618 542 682 ἐν
571 617 750 700 ὑπερορίοις
777 617 1069 699 παραπεμφθέττας
1099 614 1187 696 παρὰ
1218 619 1274 678 τοῦ

158 720 316 805 Θεοφίλου
349 721 403 784 καλ
430 720 503 791 τοὺς
531 721 781 803 καθειργμένους
809 719 864 783 καί
892 719 965 789 τοὺς
987 718 1093 788 ἄλλοις
1115 718 1275 781 κακώσεσι

153 824 425 907 προσπαλαίοντας
458 823 576 893 πάντας
611 823 734 905 ἀνῆκεν.
789 820 852 886 εἶτα
887 820 941 884 καὶ
973 821 1098 904 ζήτησιν
1131 820 1276 902 γενέσθαι
1286 826 1320 880 10

153 923 325 1006 προσέταξε
346 924 418 1006 περὶ
440 931 494 1008 τῆς
517 926 677 1007 αἱρέσεως,
701 925 755 988 καί
778 925 948 1007 γενομένης
964 925 983 1006 ἡ
999 928 1064 987 τῶν
1085 923 1309 1006 ὀρθοθόξωνῡ

127 1026 305 1108 ῡῦπερέοχε
327 1027 463 1110 πληθύς.
508 1026 572 1109 πρὸ
594 1034 649 1112 τῆς
673 1028 833 1111 ζητήσεως
856 1027 892 1091 δὲ
913 1026 968 1090 τὸν
982 1026 1199 1108 ψευδώνυμον
1213 1047 1275 1088 πα·
1285 1031 1320 1085 11

153 1128 303 1212 τριάρχην
317 1127 371 1192 τόν
387 1129 483 1213 γόητα
493 1128 647 1213 Ἰωάννην
662 1135 718 1194 τοῦ
735 1130 954 1212 ἀρχιερατικοῦ
973 1135 1120 1212 κατασπᾷ
1142 1127 1275 1210 θρόνου,

154 1231 308 1313 άθέομως
330 1232 538 1315 ἐπιβεβηκότα
561 1232 673 1296 τούτου
697 1231 747 1296 ἐπὶ
777 1230 936 1301 ἐνιαυτοὺς
968 1231 1013 1312 ἔξ,
1045 1230 1213 1312 ἀντεισάγει
1242 1230 1277 1295 ot

154 1332 208 1396 τὸν
236 1333 321 1415 ἱερὸν
348 1333 403 1398 καί
433 1335 523 1399 θεῖον
550 1317 727 1400 Μεθόὸιον.1
772 1334 827 1398 καὶ
859 1334 957 1398 αὐτοῦ
991 1337 1190 1414 προεστῶτος
1220 1338 1276 1398 ταῦ
1287 1341 1322 1396 12

154 1440 219 1500 τῶν
241 1435 431 1518 ὀρθοὸόξων
453 1437 667 1520 πληρώματος
689 1439 709 1520 ἡ
729 1437 854 1520 ζήτησις
869 1438 977 1519 γε’γονε
991 1435 1046 1499 καὶ
1060 1437 1080 1518 ἡ
1096 1440 1161 1499 τῶν
1177 1435 1277 1518 ἁγίων

112 1539 394 1621 ίθέκτυπωμάτων
420 1541 463 1611 εἰς
487 1539 667 1624 τούμφανὲς
688 1539 902 1622 πρασκίνηοίς
923 1563 956 1602 τε
976 1538 1032 1603 καί
1054 1537 1276 1621 άναστήλωσις.

156 1641 206 1704 ὅτε
237 1641 316 1723 φασί
346 1641 402 1724 τὴν
428 1642 609 1725 βασίλισσαν
636 1641 817 1725 θερμότατα
845 1641 998 1725 ὀεηθῆναι
1024 1646 1080 1704 τοῦ
1109 1663 1141 1704 τε
1167 1664 1276 1723 πατρι-
1288 1649 1322 1704 13

156 1744 256 1827 άρχου
286 1744 339 1808 καί
365 1749 429 1809 τῶν
456 1745 562 1808 ἄλλων
589 1745 762 1829 ἀρχιερέων
790 1744 844 1808 καλ
869 1748 1024 1827 μοναχῶν
1046 1743 1156 1828 κοινὴν
1176 1768 1276 1827 προσ-

156 1853 289 1928 ενεγκεῖν
313 1847 417 1930 δέησιν
439 1854 485 1929 τῷ
508 1847 578 1930 θεῷ
601 1847 681 1910 ὥστε
705 1847 862 1930 σωτηρίας
883 1853 986 1929 τυχεῖν
1008 1845 1063 1910 τὸν
1080 1846 1207 1929 βασιλέα
1223 1845 1315 1933 καίΙ)

156 1950 338 2031 ξυνευνέτην
360 1950 468 2032 αὐτῆς·
501 1948 554 2012 καί
580 1950 685 2032 μέντοι
708 1949 761 2013 καὶ
784 1949 963 2031 θερμότατα
988 1949 1141 2032 δεηθῆναι
1162 1949 1278 2020 αὐτοὺς
1288 1959 1322 2013 14
1341 1958 1427 2014 WIII
1435 1959 1486 2014 124

112 2052 323 2124 limitent,
355 2051 408 2115 καί
435 2051 489 2116 τὸν
514 2051 559 2134 μὴ
587 2052 729 2132 παριδεῖν
755 2051 812 2134 τὴν
839 2053 957 2136 αἴτησιν
982 2056 1047 2116 τῶν
1068 2051 1278 2133 θεραπόντων

156 2153 264 2234 αὐτοῦ,
288 2150 353 2217 ἀλλ’
378 2154 510 2227 ἀξιῶσαι
532 2155 722 2237 συγγνώμης
744 2152 799 2218 τὸν
816 2154 944 2236 βασιλέα
960 2152 1125 2236 θεόφιλον.
1170 2153 1277 2237 ᾄδεται
1287 2165 1322 2220 15

155 2260 250 2318 ταῦτα
279 2254 333 2318 καί
359 2261 423 2327 ταῖς
450 2256 597 2339 ἀφορῶσι
623 2255 705 2338 πρὸς
730 2254 767 2320 τὸ
789 2256 1020 2340 φιλάνθρωπον
1042 2260 1097 2319 τοῦ
1120 2255 1201 2320 θεοῦ
1223 2255 1277 2319 καὶ

157 2468 174 2523 5
196 2467 330 2538 ίξώθησις
352 2468 383 2523 ix
403 2476 448 2539 τῆς
471 2468 612 2539 ίκκλησίος
635 2476 682 2525 τοῦ
704 2469 869 2539 πατριάρχου
892 2468 1071 2540 (φατριάρχυυ
1091 2466 1124 2534 0)
1139 2468 1276 2536 Ἰωάννου,

157 2546 203 2595 τοῦ
222 2538 252 2594 δὲ
270 2542 343 2609 ίεροθ
362 2541 502 2596 Μεθοόίου
520 2543 689 2611 προχείρισις.
710 2542 755 2597 καί
774 2543 848 2603 ὅπως
867 2541 902 2595 δι’
914 2542 1056 2605 ἐντεύξεων
1074 2541 1173 2610 λέγεται
1192 2560 1277 2611 οωτη·

157 2612 216 2680 ρίος
229 2620 315 2681 τυχεῖν
327 2614 343 2666 ό
358 2613 489 2682 Θεόφιλος
502 2612 525 2668 C
593 2614 623 2666 ll
644 2615 681 2668 ὅτι
694 2614 792 2682 λέγεται
805 2614 936 2682 σωτηρίας
949 2621 1037 2682 τυχεῖν
1049 2613 1093 2667 τὸν
1108 2612 1240 2682 θεόφιλον
1253 2612 1278 2666 Ε

213 2807 231 2863 2
249 2807 456 2879 καθειργμένους
475 2806 512 2877 Ι),
531 2829 571 2877 ετρ
592 2810 743 2879 expunxit
761 2806 813 2868 Dw
933 2813 1003 2879 posi
1020 2808 1142 2878 καθειργ.
1162 2808 1231 2863 add.
1250 2808 1278 2863 όν

212 2880 344 2949 φυλακαῖς
362 2880 436 2950 pr
509 2881 527 2935 3
545 2882 651 2950 ζήτησις
671 2880 707 2949 D,
727 2897 804 2936 corr.
823 2880 873 2939 Dw
947 2881 1003 2935 3.4
1020 2882 1161 2949 προςέταξε
1178 2880 1278 2950 προβή-

213 2952 304 3007 σεσθαι
325 2951 349 3007 O
434 2952 451 3006 4
469 2952 617 3019 α’ρθόὸοξον
638 2952 672 3018 Ι),
692 2968 768 3007 corr.
790 2952 840 3011 Dw
927 2954 944 3007 6
963 2952 1006 3007 τόν
1024 2954 1105 3020 γόητα
1125 2968 1180 3007 oin.
1201 2952 1228 3004 D
1248 2958 1278 3005 et

217 3026 267 3079 Wo
287 3024 337 3078 ist.
463 3023 576 3078 τ’ωάννου
596 3023 632 3091 Ι),
652 3040 729 3079 corr.
748 3023 800 3081 Dw
903 3025 920 3078 8
936 3025 941 3089 Ι
956 3024 1069 3093 λγνάτίον
1087 3022 1123 3091 Ι),
1141 3023 1187 3076 καί
1204 3024 1277 3077 θεῖον

213 3110 290 3150 cort.
309 3093 361 3153 D„
432 3094 511 3149 αὐτὸν
529 3094 565 3163 Ι),
586 3110 661 3150 corr.
681 3094 732 3153 Dw
813 3095 848 3149 10
865 3116 1014 3163 τουμφαντς
1033 3094 1099 3163 (sie)
1119 3095 1146 3148 A
1217 3094 1278 3148 άνα·

213 3166 346 3227 στεῖλωσις
357 3165 392 3233 Ι),
406 3181 482 3221 corr.
493 3165 544 3224 Dw
617 3166 649 3220 11
661 3165 802 3237 postumii
813 3166 882 3221 add.
893 3167 939 3220 καί
949 3164 1087 3235 BiwpDi,
1101 3164 1217 3221 om.AR
1228 3166 1278 3219 Wo

213 3238 262 3292 ist.
357 3258 384 3292 τε
403 3254 459 3293 0111.
481 3236 505 3293 Ο
616 3236 649 3291 12
666 3259 775 3307 προςενε
791 3246 848 3291 κεῖν
867 3236 1054 3307 Assssninip,
1071 3236 1233 3306 ποιήσασθαι
1253 3236 1278 3289 R

214 3309 247 3363 1³
267 3316 304 3378 τῷ
322 3308 380 3377 θεῷ
399 3308 587 3380 Aijsssiinvp,
607 3308 673 3378 πρὸς
691 3309 756 3364 θεὸν
874 3309 907 3363 15
925 3308 1050 3379 θέηοτνΟ
1123 3309 1157 3363 16
1175 3307 1277 3363 άλλὰΟ

160 3512 284 3569 Etcum
304 3515 388 3585 prins
408 3515 560 3585 relegatos
579 3529 598 3569 ε
617 3513 784 3584 Theophiio
814 3520 988 3570 revocasset
1015 3520 1046 3569 et
1065 3513 1182 3569 τίσεται
1201 3513 1278 3569 eliis

161 3600 220 3655 que
239 3587 392 3640 aerumnis
406 3586 614 3641 conflictantes
627 3600 731 3641 omnes
745 3586 913 3653 dimisisset,
933 3591 1040 3655 posteo
1052 3586 1278 3654 inquisitionem
1291 3586 1324 3640 10

162 3658 199 3711 de
220 3658 338 3711 haeresi
358 3658 422 3712 iieri
441 3658 538 3723 iussit,
566 3672 627 3726 qus
651 3658 733 3711 facto
753 3658 990 3711 orthodoxorum
1010 3656 1171 3711 multitudo
1190 3672 1278 3725 supe·

161 3730 223 3783 rior
241 3730 307 3783 fuit
345 3727 404 3784 Sed
424 3735 496 3783 ente
509 3743 576 3782 earn
595 3730 820 3797 inquisitionem
834 3729 978 3783 Ioannem
998 3729 1081 3782 illurn
1101 3729 1278 3797 praestigio·
1290 3730 1322 3782 ll

161 3806 256 3855 torem
275 3800 487 3870 patriarcham,
506 3799 665 3869 indignum
685 3800 769 3854 ilium
789 3800 911 3868 quidem
924 3814 961 3854 eo
974 3800 1104 3864 nomine,
1124 3800 1279 3868 pontificis

161 3872 233 3927 sede
253 3871 394 3938 detraxit,
414 3886 505 3940 quam
524 3884 579 3939 per
598 3872 779 3925 sexennium
796 3874 915 3925 net'srie
932 3876 1082 3937 tenuerat,
1096 3872 1132 3923 in
1151 3872 1278 3938 eiusque

162 3943 260 3997 locum
279 3942 449 3997 introduxit
468 3956 587 3996 ssorum
607 3948 637 3996 et
656 3942 793 3996 divinum
814 3942 1007 3997 Methodium.
1045 3941 1112 4004 Quo
1131 3942 1323 4011 populum12

162 4013 364 4068 orthodoxum
384 4014 585 4083 gubernante,
613 4014 768 4082 inquisitio
787 4016 870 4067 facts
892 4020 946 4081 est,
974 4019 1005 4067 et
1031 4027 1138 4067 sseree
1164 4014 1278 4079 effigies

162 4085 262 4155 palam
282 4089 313 4139 et
332 4086 489 4141 restitutae.
507 4090 538 4139 et
556 4084 710 4139 adoratae.
749 4084 827 4138 Tum
850 4087 937 4139 siunt
964 4085 1102 4155 reginam
1128 4084 1324 4139 instantis-13

162 4157 236 4211 sime
265 4170 369 4211 orasse
397 4154 599 4225 patriarcham
627 4156 766 4226 aliosque
795 4157 952 4225 pontifices
980 4166 1010 4209 et
1037 4154 1215 4221 monachos,
1244 4159 1278 4207 ut

163 4228 374 4283 communibus
393 4228 535 4297 precibus
558 4228 640 4295 regis
659 4232 689 4281 st
708 4228 849 4296 coniugis
872 4228 920 4282 sui
943 4226 1070 4281 sulutem
1090 4241 1109 4279 s
1128 4225 1186 4280 deo
1208 4240 1278 4279 exo·

163 4306 281 4367 rurent3
305 4298 386 4368 quod
406 4313 474 4353 eum
493 4298 536 4353 illi
555 4299 744 4354 serventibus
763 4300 872 4353 animis
890 4300 1040 4362 fecissent,
1063 4297 1153 4351 deum
1173 4312 1278 4366 preces
1290 4297 1324 4352 14

163 4384 320 4427 servorum
340 4384 464 4425 suorum
484 4384 544 4425 non
559 4384 625 4425 esse
639 4376 843 4499 ingeminum,
862 4370 916 4425 sed
935 4370 1091 4441 ignovisse
1103 4369 1169 4439 regi
1183 4368 1278 4423 Theo

163 4442 253 4525 pilio.
291 4441 491 4503 ostentantur
515 4442 590 4501 huso
607 4447 638 4505 et
657 4456 675 4501 ι
715 4442 760 4517 iis,
787 4444 839 4519 qui
858 4442 908 4503 dei
926 4442 1142 4504 humanitatem
1161 4442 1278 4501 intueo-
1289 4440 1324 4509 lt
