<?xml version="1.0" encoding="UTF-8"?>
<!DOCTYPE html PUBLIC "-//W3C//DTD XHTML 1.0 Transitional//EN"
    "http://www.w3.org/TR/xhtml1/DTD/xhtml1-transitional.dtd">
<html xmlns="http://www.w3.org/1999/xhtml" xml:lang="en" lang="en">
 <head>
  <title>
</title>
<meta http-equiv="Content-Type" content="text/html;charset=utf-8" />
  <meta name='ocr-system' content='tesseract 3.04.00' />
  <meta name='ocr-capabilities' content='ocr_page ocr_carea ocr_par ocr_line ocrx_word'/>
</head>
<body>
  <div class='ocr_page' id='page_1' title='image "./corpusscriptoru01theogoog/corpusscriptoru01theogoog_0702.png"; bbox 0 0 3050 4775; ppageno 0'>
   <div class='ocr_carea' id='block_1_1' title="bbox 218 430 1117 501">
    <p class='ocr_par' dir='ltr' id='par_1_1' title="bbox 218 430 1117 501">
     <span class='ocr_line' id='line_1_1' title="bbox 218 430 1117 501; baseline -0.001 -13"><span class='ocrx_word' id='word_1_1' title='bbox 218 434 271 489; x_wconf 76' lang='lat'><strong>652</strong></span> <span class='ocrx_word' id='word_1_2' title='bbox 437 432 573 490; x_wconf 84' lang='lat' dir='ltr'><strong>ZONAR.</strong></span> <span class='ocrx_word' id='word_1_3' title='bbox 593 432 693 489; x_wconf 84' lang='lat' dir='ltr'><strong>EPIT.</strong></span> <span class='ocrx_word' id='word_1_4' title='bbox 712 432 796 488; x_wconf 85' lang='lat' dir='ltr'>XVII</span> <span class='ocrx_word' id='word_1_5' title='bbox 815 433 857 501; x_wconf 82' lang='lat'><strong>29,</strong></span> <span class='ocrx_word' id='word_1_6' title='bbox 877 431 1029 489; x_wconf 75' lang='lat' dir='ltr'><strong>2-an</strong></span> <span class='ocrx_word' id='word_1_7' title='bbox 1050 434 1073 499; x_wconf 89' lang='lat'><strong>1,</strong></span> <span class='ocrx_word' id='word_1_8' title='bbox 1094 430 1117 488; x_wconf 93' lang='lat'><strong>1.</strong></span> 
     </span>
    </p>
   </div>
   <div class='ocr_carea' id='block_1_2' title="bbox 90 615 1493 2351">
    <p class='ocr_par' dir='ltr' id='par_1_2' title="bbox 183 615 1493 1321">
     <span class='ocr_line' id='line_1_2' title="bbox 191 615 1337 703; baseline -0.002 -20"><span class='ocrx_word' id='word_1_9' title='bbox 191 619 313 683; x_wconf 85' lang='grc' dir='ltr'><strong><em>3πιίλοι</em></strong></span> <span class='ocrx_word' id='word_1_10' title='bbox 334 625 381 703; x_wconf 77' lang='grc' dir='ltr'><strong>τῷ</strong></span> <span class='ocrx_word' id='word_1_11' title='bbox 403 618 525 703; x_wconf 86' lang='grc' dir='ltr'><strong><em>βασιλεῖ</em></strong></span> <span class='ocrx_word' id='word_1_12' title='bbox 536 616 665 701; x_wconf 79' lang='grc' dir='ltr'><strong><em>Μιχαὴλ</em></strong></span> <span class='ocrx_word' id='word_1_13' title='bbox 681 616 913 701; x_wconf 86' lang='grc' dir='ltr'><strong><em>ὐπηρετήσανιι.</em></strong></span> <span class='ocrx_word' id='word_1_14' title='bbox 959 618 979 701; x_wconf 82' lang='grc' dir='ltr'><em>ἡ</em></span> <span class='ocrx_word' id='word_1_15' title='bbox 1004 616 1039 681; x_wconf 81' lang='grc' dir='ltr'><strong>δὲ</strong></span> <span class='ocrx_word' id='word_1_16' title='bbox 1060 616 1269 701; x_wconf 82' lang='grc' dir='ltr'><strong><em>προύκάδητο</em></strong></span> <span class='ocrx_word' id='word_1_17' title='bbox 1287 615 1337 681; x_wconf 68' lang='lat' dir='ltr'><strong>tut</strong></span> 
     </span>
     <span class='ocr_line' id='line_1_3' title="bbox 183 718 1336 806; baseline -0.002 -21"><span class='ocrx_word' id='word_1_18' title='bbox 183 724 361 806; x_wconf 85' lang='grc' dir='ltr'><strong><em>Ββήμιιτος</em></strong></span> <span class='ocrx_word' id='word_1_19' title='bbox 387 722 441 785; x_wconf 87' lang='grc' dir='ltr'><strong><em>καλ</em></strong></span> <span class='ocrx_word' id='word_1_20' title='bbox 464 721 649 805; x_wconf 78' lang='grc' dir='ltr'><strong><em>ἐχρημάτιζε</em></strong></span> <span class='ocrx_word' id='word_1_21' title='bbox 670 721 818 804; x_wconf 79' lang='grc' dir='ltr'><em>πρέσβεσι</em></span> <span class='ocrx_word' id='word_1_22' title='bbox 840 719 894 784; x_wconf 84' lang='grc' dir='ltr'><strong><em>καὶ</em></strong></span> <span class='ocrx_word' id='word_1_23' title='bbox 916 718 956 805; x_wconf 82' lang='grc' dir='ltr'><strong>ἦν</strong></span> <span class='ocrx_word' id='word_1_24' title='bbox 979 720 1261 803; x_wconf 78' lang='grc' dir='ltr'><strong><em>ἀρχαιρεσιάζουσα</em></strong></span> <span class='ocrx_word' id='word_1_25' title='bbox 1284 718 1336 789; x_wconf 80' lang='grc' dir='ltr'><strong><em>καλ</em></strong></span> 
     </span>
     <span class='ocr_line' id='line_1_4' title="bbox 219 821 1335 908; baseline -0.003 -19"><span class='ocrx_word' id='word_1_26' title='bbox 219 826 319 897; x_wconf 78' lang='grc' dir='ltr'><strong><em>δίκαις</em></strong></span> <span class='ocrx_word' id='word_1_27' title='bbox 351 825 612 908; x_wconf 72' lang='grc' dir='ltr'><strong><em>ἐνδεμιστεδουσα</em></strong></span> <span class='ocrx_word' id='word_1_28' title='bbox 644 824 697 888; x_wconf 78' lang='grc' dir='ltr'><strong><em>καὶ</em></strong></span> <span class='ocrx_word' id='word_1_29' title='bbox 728 825 862 907; x_wconf 79' lang='grc' dir='ltr'><strong><em>ψήφους</em></strong></span> <span class='ocrx_word' id='word_1_30' title='bbox 893 824 1073 907; x_wconf 76' lang='grc' dir='ltr'><strong><em>ἐκφέρουσα</em></strong></span> <span class='ocrx_word' id='word_1_31' title='bbox 1105 821 1159 887; x_wconf 86' lang='grc' dir='ltr'><strong><em>καί</em></strong></span> <span class='ocrx_word' id='word_1_32' title='bbox 1189 824 1335 887; x_wconf 85' lang='grc' dir='ltr'><strong><em>διαιτῶσα</em></strong></span> 
     </span>
     <span class='ocr_line' id='line_1_5' title="bbox 219 925 1410 1013; baseline -0.005 -19"><span class='ocrx_word' id='word_1_33' title='bbox 219 931 383 1013; x_wconf 88' lang='grc' dir='ltr'><strong><em>δημοσίαις</em></strong></span> <span class='ocrx_word' id='word_1_34' title='bbox 405 928 459 993; x_wconf 82' lang='grc' dir='ltr'><strong><em>καλ</em></strong></span> <span class='ocrx_word' id='word_1_35' title='bbox 481 934 600 999; x_wconf 83' lang='grc' dir='ltr'><strong><em>κοιναῖς</em></strong></span> <span class='ocrx_word' id='word_1_36' title='bbox 621 928 799 1001; x_wconf 78' lang='grc' dir='ltr'><strong><em>ὑποδέσεσι,</em></strong></span> <span class='ocrx_word' id='word_1_37' title='bbox 832 925 886 991; x_wconf 79' lang='grc' dir='ltr'><strong><em>καί</em></strong></span> <span class='ocrx_word' id='word_1_38' title='bbox 913 927 1064 1008; x_wconf 86' lang='grc' dir='ltr'><strong><em>εὔδαιμον</em></strong></span> <span class='ocrx_word' id='word_1_39' title='bbox 1091 926 1230 1009; x_wconf 78' lang='grc' dir='ltr'><em>ὑπῆρξεν</em></span> <span class='ocrx_word' id='word_1_40' title='bbox 1258 926 1336 1009; x_wconf 84' lang='grc' dir='ltr'><strong><em>αὐτῇ</em></strong></span> <span class='ocrx_word' id='word_1_41' title='bbox 1407 1004 1410 1013; x_wconf 92' lang='lat'><em>.</em></span> 
     </span>
     <span class='ocr_line' id='line_1_6' title="bbox 191 1029 1493 1115; baseline -0.006 -19"><span class='ocrx_word' id='word_1_42' title='bbox 191 1032 253 1097; x_wconf 85' lang='grc' dir='ltr'><strong>4τδ</strong></span> <span class='ocrx_word' id='word_1_43' title='bbox 269 1033 467 1115; x_wconf 88' lang='grc' dir='ltr'><strong><em>αὐτοκρατές.</em></strong></span> <span class='ocrx_word' id='word_1_44' title='bbox 514 1032 585 1095; x_wconf 85' lang='grc' dir='ltr'><strong><em>οὔτε</em></strong></span> <span class='ocrx_word' id='word_1_45' title='bbox 600 1031 661 1113; x_wconf 84' lang='grc' dir='ltr'><strong>γάρ</strong></span> <span class='ocrx_word' id='word_1_46' title='bbox 676 1055 719 1101; x_wconf 87' lang='grc' dir='ltr'><strong>τις</strong></span> <span class='ocrx_word' id='word_1_47' title='bbox 735 1030 848 1113; x_wconf 82' lang='grc' dir='ltr'><strong><em>ἀντήρε</em></strong></span> <span class='ocrx_word' id='word_1_48' title='bbox 869 1035 958 1113; x_wconf 85' lang='grc' dir='ltr'><strong><em>χεῖρα</em></strong></span> <span class='ocrx_word' id='word_1_49' title='bbox 981 1030 1061 1113; x_wconf 82' lang='grc' dir='ltr'><strong><em>αὐτῇ</em></strong></span> <span class='ocrx_word' id='word_1_50' title='bbox 1084 1029 1148 1093; x_wconf 78' lang='grc' dir='ltr'><strong><em>οὐτ’</em></strong></span> <span class='ocrx_word' id='word_1_51' title='bbox 1173 1029 1374 1112; x_wconf 87' lang='grc' dir='ltr'><strong><em>δλιγώρωςΙ)</em></strong></span> <span class='ocrx_word' id='word_1_52' title='bbox 1386 1034 1428 1089; x_wconf 88' lang='lat' dir='ltr'><strong>IV</strong></span> <span class='ocrx_word' id='word_1_53' title='bbox 1443 1034 1493 1088; x_wconf 76' lang='lat'><strong>182</strong></span> 
     </span>
     <span class='ocr_line' id='line_1_7' title="bbox 217 1127 1334 1219; baseline -0.003 -21"><span class='ocrx_word' id='word_1_54' title='bbox 217 1134 300 1219; x_wconf 84' lang='grc' dir='ltr'><strong><em>πρὸς</em></strong></span> <span class='ocrx_word' id='word_1_55' title='bbox 330 1134 367 1198; x_wconf 87' lang='grc' dir='ltr'><strong>τὰ</strong></span> <span class='ocrx_word' id='word_1_56' title='bbox 400 1136 501 1218; x_wconf 77' lang='grc' dir='ltr'><strong><em>ἐκείνη</em></strong></span> <span class='ocrx_word' id='word_1_57' title='bbox 535 1134 709 1216; x_wconf 76' lang='grc' dir='ltr'><strong><em>δεδογμένα</em></strong></span> <span class='ocrx_word' id='word_1_58' title='bbox 736 1133 837 1217; x_wconf 73' lang='grc' dir='ltr'><strong><em>ὤφθη</em></strong></span> <span class='ocrx_word' id='word_1_59' title='bbox 867 1132 1007 1197; x_wconf 75' lang='grc' dir='ltr'><strong><em>διατεθέν</em></strong></span> <span class='ocrx_word' id='word_1_60' title='bbox 1034 1132 1069 1196; x_wconf 88' lang='grc' dir='ltr'><strong>τὸ</strong></span> <span class='ocrx_word' id='word_1_61' title='bbox 1097 1132 1243 1215; x_wconf 80' lang='grc' dir='ltr'><strong><em>ὑπήκοον</em></strong></span> <span class='ocrx_word' id='word_1_62' title='bbox 1270 1127 1334 1196; x_wconf 84' lang='grc' dir='ltr'><strong><em>οὔτ’</em></strong></span> 
     </span>
     <span class='ocr_line' id='line_1_8' title="bbox 219 1220 1373 1321; baseline -0.005 -18"><span class='ocrx_word' id='word_1_63' title='bbox 219 1239 314 1309; x_wconf 82' lang='grc' dir='ltr'><strong><em>έδνος</em></strong></span> <span class='ocrx_word' id='word_1_64' title='bbox 335 1237 403 1302; x_wconf 89' lang='grc' dir='ltr'><strong><em>τότε</em></strong></span> <span class='ocrx_word' id='word_1_65' title='bbox 420 1237 500 1302; x_wconf 85' lang='grc' dir='ltr'><strong><em>κατὰ</em></strong></span> <span class='ocrx_word' id='word_1_66' title='bbox 513 1236 681 1321; x_wconf 87' lang='grc' dir='ltr'><strong><em>Ῥωμαίων</em></strong></span> <span class='ocrx_word' id='word_1_67' title='bbox 703 1220 855 1320; x_wconf 83' lang='grc' dir='ltr'><strong><em>κεκίνητσ,</em></strong></span> <span class='ocrx_word' id='word_1_68' title='bbox 880 1235 957 1300; x_wconf 82' lang='grc' dir='ltr'><strong><em>ἀλλὰ</em></strong></span> <span class='ocrx_word' id='word_1_69' title='bbox 980 1235 1033 1300; x_wconf 85' lang='grc' dir='ltr'><strong><em>καλ</em></strong></span> <span class='ocrx_word' id='word_1_70' title='bbox 1056 1234 1206 1319; x_wconf 83' lang='grc' dir='ltr'><strong>εὐκρασία</strong></span> <span class='ocrx_word' id='word_1_71' title='bbox 1230 1236 1336 1318; x_wconf 88' lang='grc' dir='ltr'><strong><em>γέγονε</em></strong></span> <span class='ocrx_word' id='word_1_72' title='bbox 1370 1226 1373 1236; x_wconf 78' lang='grc'><strong>’</strong></span> 
     </span>
    </p>

    <p class='ocr_par' dir='ltr' id='par_1_3' title="bbox 90 1338 1382 1733">
     <span class='ocr_line' id='line_1_9' title="bbox 90 1338 1337 1424; baseline -0.001 -20"><span class='ocrx_word' id='word_1_73' title='bbox 90 1372 94 1379; x_wconf 89' lang='lat'>·</span> <span class='ocrx_word' id='word_1_74' title='bbox 192 1342 283 1406; x_wconf 71' lang='lat' dir='ltr'><strong>trev</strong></span> <span class='ocrx_word' id='word_1_75' title='bbox 298 1342 397 1424; x_wconf 84' lang='grc' dir='ltr'><strong><em>ὡρῶν</em></strong></span> <span class='ocrx_word' id='word_1_76' title='bbox 412 1341 500 1424; x_wconf 80' lang='grc' dir='ltr'><strong><em>καλή</em></strong></span> <span class='ocrx_word' id='word_1_77' title='bbox 517 1347 558 1424; x_wconf 87' lang='grc' dir='ltr'><strong>γή</strong></span> <span class='ocrx_word' id='word_1_78' title='bbox 572 1339 645 1411; x_wconf 85' lang='grc' dir='ltr'><strong><em>τοὺς</em></strong></span> <span class='ocrx_word' id='word_1_79' title='bbox 659 1338 803 1423; x_wconf 87' lang='grc' dir='ltr'><strong><em>καρποὺς</em></strong></span> <span class='ocrx_word' id='word_1_80' title='bbox 819 1338 986 1421; x_wconf 74' lang='grc' dir='ltr'><strong><em>ἀφθόνους</em></strong></span> <span class='ocrx_word' id='word_1_81' title='bbox 1002 1340 1174 1423; x_wconf 73' lang='grc' dir='ltr'><strong><em>ἐξήνεγκεν.</em></strong></span> <span class='ocrx_word' id='word_1_82' title='bbox 1216 1339 1337 1421; x_wconf 80' lang='grc' dir='ltr'><strong><em>ἔξωρος</em></strong></span> 
     </span>
     <span class='ocr_line' id='line_1_10' title="bbox 219 1442 1336 1528; baseline -0.003 -20"><span class='ocrx_word' id='word_1_83' title='bbox 219 1444 264 1519; x_wconf 87' lang='grc' dir='ltr'><strong>δέ,</strong></span> <span class='ocrx_word' id='word_1_84' title='bbox 289 1444 336 1515; x_wconf 85' lang='grc' dir='ltr'><strong>ὡς</strong></span> <span class='ocrx_word' id='word_1_85' title='bbox 356 1446 482 1528; x_wconf 79' lang='grc' dir='ltr'><strong><em>εἴρηται,</em></strong></span> <span class='ocrx_word' id='word_1_86' title='bbox 505 1442 560 1507; x_wconf 77' lang='grc' dir='ltr'><strong><em>καί</em></strong></span> <span class='ocrx_word' id='word_1_87' title='bbox 581 1443 703 1527; x_wconf 90' lang='grc' dir='ltr'><strong><em>πλήρης</em></strong></span> <span class='ocrx_word' id='word_1_88' title='bbox 725 1444 857 1526; x_wconf 85' lang='grc' dir='ltr'><strong><em>ήμερῶν</em></strong></span> <span class='ocrx_word' id='word_1_89' title='bbox 872 1443 891 1526; x_wconf 90' lang='grc' dir='ltr'><strong><em>ή</em></strong></span> <span class='ocrx_word' id='word_1_90' title='bbox 907 1442 1026 1526; x_wconf 78' lang='grc' dir='ltr'><strong>βασιλὶς</strong></span> <span class='ocrx_word' id='word_1_91' title='bbox 1049 1442 1125 1525; x_wconf 83' lang='grc' dir='ltr'><strong><em>αὕτη</em></strong></span> <span class='ocrx_word' id='word_1_92' title='bbox 1149 1446 1213 1506; x_wconf 84' lang='grc' dir='ltr'><strong>τῶν</strong></span> <span class='ocrx_word' id='word_1_93' title='bbox 1236 1442 1336 1525; x_wconf 89' lang='grc' dir='ltr'><strong><em>σκήπ-</em></strong></span> 
     </span>
     <span class='ocr_line' id='line_1_11' title="bbox 218 1545 1382 1630; baseline -0.006 -19"><span class='ocrx_word' id='word_1_94' title='bbox 218 1570 304 1629; x_wconf 91' lang='grc' dir='ltr'><strong><em>τρων</em></strong></span> <span class='ocrx_word' id='word_1_95' title='bbox 326 1548 509 1630; x_wconf 84' lang='grc' dir='ltr'><strong><em>κρατήσασα</em></strong></span> <span class='ocrx_word' id='word_1_96' title='bbox 532 1547 624 1629; x_wconf 83' lang='grc' dir='ltr'><strong><em>ὅμως</em></strong></span> <span class='ocrx_word' id='word_1_97' title='bbox 645 1545 791 1629; x_wconf 86' lang='grc' dir='ltr'><strong><em>μακροὺς</em></strong></span> <span class='ocrx_word' id='word_1_98' title='bbox 814 1547 856 1609; x_wconf 75' lang='grc' dir='ltr'><strong>ἔτι</strong></span> <span class='ocrx_word' id='word_1_99' title='bbox 878 1551 932 1630; x_wconf 83' lang='grc' dir='ltr'><strong>τῆς</strong></span> <span class='ocrx_word' id='word_1_100' title='bbox 955 1546 1041 1628; x_wconf 84' lang='grc' dir='ltr'><strong><em>ζωῆς</em></strong></span> <span class='ocrx_word' id='word_1_101' title='bbox 1064 1546 1159 1629; x_wconf 82' lang='grc' dir='ltr'><strong><em>ἑαυτῇ</em></strong></span> <span class='ocrx_word' id='word_1_102' title='bbox 1180 1546 1337 1628; x_wconf 77' lang='grc' dir='ltr'><strong><em>έπεμέτρει</em></strong></span> <span class='ocrx_word' id='word_1_103' title='bbox 1347 1550 1382 1605; x_wconf 85' lang='grc'><strong>10</strong></span> 
     </span>
     <span class='ocr_line' id='line_1_12' title="bbox 220 1648 1336 1733; baseline -0.003 -20"><span class='ocrx_word' id='word_1_104' title='bbox 220 1650 389 1721; x_wconf 77' lang='grc' dir='ltr'><strong><em>ἐνιαυτούς.</em></strong></span> <span class='ocrx_word' id='word_1_105' title='bbox 435 1648 497 1733; x_wconf 87' lang='grc' dir='ltr'><strong><em>είχε</em></strong></span> <span class='ocrx_word' id='word_1_106' title='bbox 514 1650 548 1714; x_wconf 80' lang='grc' dir='ltr'><strong>δὲ</strong></span> <span class='ocrx_word' id='word_1_107' title='bbox 563 1649 618 1713; x_wconf 80' lang='grc' dir='ltr'><strong><em>καί</em></strong></span> <span class='ocrx_word' id='word_1_108' title='bbox 631 1649 667 1714; x_wconf 92' lang='grc' dir='ltr'><strong>τδ</strong></span> <span class='ocrx_word' id='word_1_109' title='bbox 683 1654 779 1732; x_wconf 88' lang='grc' dir='ltr'><strong><em>σῶμα</em></strong></span> <span class='ocrx_word' id='word_1_110' title='bbox 801 1649 1071 1732; x_wconf 75' lang='grc' dir='ltr'><strong><em>ἐρρωμενέστερον</em></strong></span> <span class='ocrx_word' id='word_1_111' title='bbox 1093 1648 1147 1713; x_wconf 82' lang='grc' dir='ltr'><strong><em>καὶ</em></strong></span> <span class='ocrx_word' id='word_1_112' title='bbox 1169 1648 1214 1732; x_wconf 86' lang='grc' dir='ltr'><strong>μὴ</strong></span> <span class='ocrx_word' id='word_1_113' title='bbox 1238 1649 1336 1731; x_wconf 83' lang='grc' dir='ltr'><strong><em>ῥᾷστα</em></strong></span> 
     </span>
    </p>

    <p class='ocr_par' dir='ltr' id='par_1_4' title="bbox 152 1750 1382 2247">
     <span class='ocr_line' id='line_1_13' title="bbox 152 1750 1336 1836; baseline -0.001 -20"><span class='ocrx_word' id='word_1_114' title='bbox 152 1752 328 1823; x_wconf 76' lang='grc' dir='ltr'><strong><em>Οθπόνοις</em></strong></span> <span class='ocrx_word' id='word_1_115' title='bbox 342 1752 573 1835; x_wconf 82' lang='grc' dir='ltr'><strong><em>καμπτόμενον.</em></strong></span> <span class='ocrx_word' id='word_1_116' title='bbox 619 1752 685 1816; x_wconf 76' lang='grc' dir='ltr'><strong><em>ἐπεί</em></strong></span> <span class='ocrx_word' id='word_1_117' title='bbox 708 1752 743 1817; x_wconf 84' lang='grc' dir='ltr'><strong>δὲ</strong></span> <span class='ocrx_word' id='word_1_118' title='bbox 765 1751 819 1815; x_wconf 82' lang='grc' dir='ltr'><strong><em>καὶ</em></strong></span> <span class='ocrx_word' id='word_1_119' title='bbox 841 1752 955 1836; x_wconf 76' lang='grc' dir='ltr'><strong><em>ταύτην</em></strong></span> <span class='ocrx_word' id='word_1_120' title='bbox 977 1752 1142 1835; x_wconf 81' lang='grc' dir='ltr'><strong><em>κατήπειγε</em></strong></span> <span class='ocrx_word' id='word_1_121' title='bbox 1164 1750 1199 1815; x_wconf 90' lang='grc' dir='ltr'><strong>τδ</strong></span> <span class='ocrx_word' id='word_1_122' title='bbox 1222 1752 1336 1835; x_wconf 81' lang='grc' dir='ltr'><strong><em>χρεών,</em></strong></span> 
     </span>
     <span class='ocr_line' id='line_1_14' title="bbox 220 1854 1337 1939; baseline 0 -22"><span class='ocrx_word' id='word_1_123' title='bbox 220 1856 249 1918; x_wconf 83' lang='grc' dir='ltr'><strong><em>εί</em></strong></span> <span class='ocrx_word' id='word_1_124' title='bbox 268 1855 324 1918; x_wconf 92' lang='grc' dir='ltr'><strong><em>καί</em></strong></span> <span class='ocrx_word' id='word_1_125' title='bbox 343 1880 421 1925; x_wconf 85' lang='grc' dir='ltr'><strong><em>τινες</em></strong></span> <span class='ocrx_word' id='word_1_126' title='bbox 443 1856 523 1939; x_wconf 82' lang='grc' dir='ltr'><strong><em>αὐτῇ</em></strong></span> <span class='ocrx_word' id='word_1_127' title='bbox 544 1855 681 1939; x_wconf 83' lang='grc' dir='ltr'><strong><em>μοναχολ</em></strong></span> <span class='ocrx_word' id='word_1_128' title='bbox 703 1857 822 1928; x_wconf 81' lang='grc' dir='ltr'><strong><em>αἰῶνας</em></strong></span> <span class='ocrx_word' id='word_1_129' title='bbox 845 1856 886 1920; x_wconf 76' lang='grc' dir='ltr'><strong>ἔτι</strong></span> <span class='ocrx_word' id='word_1_130' title='bbox 909 1857 995 1939; x_wconf 81' lang='grc' dir='ltr'><strong><em>ζωῆς</em></strong></span> <span class='ocrx_word' id='word_1_131' title='bbox 1020 1854 1252 1939; x_wconf 72' lang='grc' dir='ltr'><strong><em>ἐπηγγέλλοντο,</em></strong></span> <span class='ocrx_word' id='word_1_132' title='bbox 1284 1854 1337 1918; x_wconf 76' lang='grc' dir='ltr'><strong><em>καί</em></strong></span> 
     </span>
     <span class='ocr_line' id='line_1_15' title="bbox 219 1956 1336 2043; baseline -0.002 -21"><span class='ocrx_word' id='word_1_133' title='bbox 219 1957 306 2041; x_wconf 85' lang='grc' dir='ltr'><strong><em>νόσῳ</em></strong></span> <span class='ocrx_word' id='word_1_134' title='bbox 317 1959 560 2040; x_wconf 88' lang='grc' dir='ltr'><strong><em>περιεπεπτώκει</em></strong></span> <span class='ocrx_word' id='word_1_135' title='bbox 573 1960 666 2043; x_wconf 77' lang='grc' dir='ltr'><strong><em>δεινῇ,</em></strong></span> <span class='ocrx_word' id='word_1_136' title='bbox 682 1962 701 2042; x_wconf 87' lang='grc' dir='ltr'><em>ἣ</em></span> <span class='ocrx_word' id='word_1_137' title='bbox 714 1964 778 2030; x_wconf 84' lang='grc' dir='ltr'><strong><em>τοῖς</em></strong></span> <span class='ocrx_word' id='word_1_138' title='bbox 785 1958 1026 2043; x_wconf 86' lang='grc' dir='ltr'><strong><em>Ἀσκληπιάδαις</em></strong></span> <span class='ocrx_word' id='word_1_139' title='bbox 1038 1956 1219 2041; x_wconf 89' lang='grc' dir='ltr'><strong><em>ὠνόμασται</em></strong></span> <span class='ocrx_word' id='word_1_140' title='bbox 1231 1956 1336 2037; x_wconf 80' lang='grc' dir='ltr'><strong><em>είλεδς,</em></strong></span> 
     </span>
     <span class='ocr_line' id='line_1_16' title="bbox 219 2060 1382 2145; baseline -0.004 -20"><span class='ocrx_word' id='word_1_141' title='bbox 219 2060 273 2125; x_wconf 81' lang='grc' dir='ltr'><strong><em>καὶ</em></strong></span> <span class='ocrx_word' id='word_1_142' title='bbox 300 2067 363 2133; x_wconf 92' lang='grc' dir='ltr'><strong><em>τοῖς</em></strong></span> <span class='ocrx_word' id='word_1_143' title='bbox 390 2061 462 2142; x_wconf 79' lang='grc' dir='ltr'><strong><em>περὶ</em></strong></span> <span class='ocrx_word' id='word_1_144' title='bbox 489 2061 587 2144; x_wconf 83' lang='grc' dir='ltr'><strong><em>αὐτὴν</em></strong></span> <span class='ocrx_word' id='word_1_145' title='bbox 610 2064 643 2125; x_wconf 82' lang='grc' dir='ltr'><strong>σί</strong></span> <span class='ocrx_word' id='word_1_146' title='bbox 665 2061 786 2132; x_wconf 73' lang='grc' dir='ltr'><strong><em>ἐλπίδες</em></strong></span> <span class='ocrx_word' id='word_1_147' title='bbox 808 2062 841 2124; x_wconf 83' lang='grc' dir='ltr'><strong>αῖ</strong></span> <span class='ocrx_word' id='word_1_148' title='bbox 862 2060 934 2145; x_wconf 80' lang='grc' dir='ltr'><strong><em>περὶ</em></strong></span> <span class='ocrx_word' id='word_1_149' title='bbox 956 2062 1052 2145; x_wconf 83' lang='grc' dir='ltr'><strong><em>αὐτῆς</em></strong></span> <span class='ocrx_word' id='word_1_150' title='bbox 1075 2060 1336 2142; x_wconf 76' lang='grc' dir='ltr'><strong><em>ἀπεγνώσύησαν,</em></strong></span> <span class='ocrx_word' id='word_1_151' title='bbox 1347 2064 1382 2121; x_wconf 77' lang='lat'><strong>15</strong></span> 
     </span>
     <span class='ocr_line' id='line_1_17' title="bbox 220 2162 1338 2247; baseline -0.002 -20"><span class='ocrx_word' id='word_1_152' title='bbox 220 2164 412 2245; x_wconf 76' lang='grc' dir='ltr'><strong><em>συλλεγέντες</em></strong></span> <span class='ocrx_word' id='word_1_153' title='bbox 426 2164 628 2246; x_wconf 82' lang='grc' dir='ltr'><strong><em>βουλεύονται</em></strong></span> <span class='ocrx_word' id='word_1_154' title='bbox 642 2164 707 2229; x_wconf 89' lang='grc' dir='ltr'><strong><em>τίνα</em></strong></span> <span class='ocrx_word' id='word_1_155' title='bbox 723 2168 763 2228; x_wconf 83' lang='grc' dir='ltr'><strong>ἂν</strong></span> <span class='ocrx_word' id='word_1_156' title='bbox 782 2166 824 2235; x_wconf 80' lang='grc' dir='ltr'><strong><em>είς</em></strong></span> <span class='ocrx_word' id='word_1_157' title='bbox 846 2162 902 2247; x_wconf 83' lang='grc' dir='ltr'><strong>τὴν</strong></span> <span class='ocrx_word' id='word_1_158' title='bbox 925 2163 1026 2247; x_wconf 84' lang='grc' dir='ltr'><strong><em>ἀρχὴν</em></strong></span> <span class='ocrx_word' id='word_1_159' title='bbox 1050 2162 1278 2243; x_wconf 81' lang='grc' dir='ltr'><strong><em>ἀντεισάξωσιν,</em></strong></span> <span class='ocrx_word' id='word_1_160' title='bbox 1302 2162 1338 2232; x_wconf 85' lang='grc' dir='ltr'><strong>ὃς</strong></span> 
     </span>
    </p>

    <p class='ocr_par' dir='ltr' id='par_1_5' title="bbox 194 2262 1339 2351">
     <span class='ocr_line' id='line_1_18' title="bbox 194 2262 1339 2351; baseline 0.001 -25"><span class='ocrx_word' id='word_1_161' title='bbox 194 2266 327 2339; x_wconf 82' lang='grc' dir='ltr'><strong><em>Ἰαὐτοίς</em></strong></span> <span class='ocrx_word' id='word_1_162' title='bbox 356 2266 413 2349; x_wconf 84' lang='grc' dir='ltr'><strong>τήν</strong></span> <span class='ocrx_word' id='word_1_163' title='bbox 444 2267 604 2351; x_wconf 81' lang='grc' dir='ltr'><strong><em>εὐετηρίαν</em></strong></span> <span class='ocrx_word' id='word_1_164' title='bbox 635 2269 761 2351; x_wconf 82' lang='grc' dir='ltr'><strong><em>τηρήσει</em></strong></span> <span class='ocrx_word' id='word_1_165' title='bbox 787 2266 841 2331; x_wconf 81' lang='grc' dir='ltr'><strong><em>καὶ</em></strong></span> <span class='ocrx_word' id='word_1_166' title='bbox 868 2266 904 2332; x_wconf 92' lang='grc' dir='ltr'><strong>τδ</strong></span> <span class='ocrx_word' id='word_1_167' title='bbox 930 2266 1100 2350; x_wconf 85' lang='grc' dir='ltr'><strong><em>εὐτύχημα.</em></strong></span> <span class='ocrx_word' id='word_1_168' title='bbox 1147 2265 1254 2340; x_wconf 85' lang='grc' dir='ltr'><strong><em>ἔδοξεν</em></strong></span> <span class='ocrx_word' id='word_1_169' title='bbox 1281 2262 1339 2327; x_wconf 87' lang='grc' dir='ltr'><strong>οὐν</strong></span> 
     </span>
    </p>
   </div>
   <div class='ocr_carea' id='block_1_3' title="bbox 220 2435 1341 2606">
    <p class='ocr_par' dir='ltr' id='par_1_6' title="bbox 220 2435 1341 2606">
     <span class='ocr_line' id='line_1_19' title="bbox 221 2435 1341 2534; baseline -0.004 -18"><span class='ocrx_word' id='word_1_170' title='bbox 221 2463 236 2516; x_wconf 82' lang='grc'>1</span> <span class='ocrx_word' id='word_1_171' title='bbox 256 2464 295 2516; x_wconf 64' lang='grc' dir='ltr'><strong><em>επ</em></strong></span> <span class='ocrx_word' id='word_1_172' title='bbox 314 2462 432 2532; x_wconf 60' lang='grc' dir='ltr'><strong><em>εὐτυχῶς</em></strong></span> <span class='ocrx_word' id='word_1_173' title='bbox 451 2463 530 2531; x_wconf 54' lang='grc' dir='ltr'><strong><em>ἤνυσε</em></strong></span> <span class='ocrx_word' id='word_1_174' title='bbox 548 2462 596 2533; x_wconf 56' lang='grc' dir='ltr'><strong>τὴν</strong></span> <span class='ocrx_word' id='word_1_175' title='bbox 616 2463 737 2534; x_wconf 68' lang='lat' dir='ltr'><strong>desivi</strong></span> <span class='ocrx_word' id='word_1_176' title='bbox 759 2462 890 2532; x_wconf 64' lang='grc' dir='ltr'><strong><em>οειεορα</em></strong></span> <span class='ocrx_word' id='word_1_177' title='bbox 909 2461 956 2518; x_wconf 82' lang='grc' dir='ltr'><strong><em>οε</em></strong></span> <span class='ocrx_word' id='word_1_178' title='bbox 1061 2463 1094 2518; x_wconf 82' lang='grc' dir='ltr'><strong>ιι</strong></span> <span class='ocrx_word' id='word_1_179' title='bbox 1113 2463 1152 2516; x_wconf 63' lang='grc' dir='ltr'><strong><em>τε</em></strong></span> <span class='ocrx_word' id='word_1_180' title='bbox 1170 2461 1253 2528; x_wconf 65' lang='grc' dir='ltr'><strong><em>(οπως</em></strong></span> <span class='ocrx_word' id='word_1_181' title='bbox 1271 2435 1341 2526; x_wconf 67' lang='lat' dir='ltr'><strong>nir</strong></span> 
     </span>
     <span class='ocr_line' id='line_1_20' title="bbox 220 2533 1228 2606; baseline -0.002 -16"><span class='ocrx_word' id='word_1_182' title='bbox 220 2535 414 2604; x_wconf 86' lang='grc' dir='ltr'><strong><em>Στρατιωτικδς</em></strong></span> <span class='ocrx_word' id='word_1_183' title='bbox 433 2535 544 2605; x_wconf 81' lang='grc' dir='ltr'><strong><em>Μιχαὴλ</em></strong></span> <span class='ocrx_word' id='word_1_184' title='bbox 564 2537 601 2596; x_wconf 87' lang='grc' dir='ltr'><strong><em>είς</em></strong></span> <span class='ocrx_word' id='word_1_185' title='bbox 619 2535 668 2606; x_wconf 87' lang='grc' dir='ltr'><strong>τήν</strong></span> <span class='ocrx_word' id='word_1_186' title='bbox 684 2543 729 2606; x_wconf 86' lang='grc' dir='ltr'><strong>τῆς</strong></span> <span class='ocrx_word' id='word_1_187' title='bbox 747 2535 881 2605; x_wconf 73' lang='grc' dir='ltr'><strong><em>βασιλείας</em></strong></span> <span class='ocrx_word' id='word_1_188' title='bbox 899 2535 1006 2606; x_wconf 74' lang='grc' dir='ltr'><strong><em>ἀνήχθη</em></strong></span> <span class='ocrx_word' id='word_1_189' title='bbox 1025 2534 1162 2604; x_wconf 86' lang='grc' dir='ltr'><strong><em>περιωπήν</em></strong></span> <span class='ocrx_word' id='word_1_190' title='bbox 1181 2533 1228 2590; x_wconf 76' lang='grc' dir='ltr'><strong>ΟΕ</strong></span> 
     </span>
    </p>
   </div>
   <div class='ocr_carea' id='block_1_4' title="bbox 274 2686 1340 2935">
    <p class='ocr_par' dir='ltr' id='par_1_7' title="bbox 274 2686 1340 2935">
     <span class='ocr_line' id='line_1_21' title="bbox 274 2686 1339 2802; baseline -0.003 -27"><span class='ocrx_word' id='word_1_191' title='bbox 274 2737 303 2790; x_wconf 87' lang='lat' dir='ltr'><strong>p.</strong></span> <span class='ocrx_word' id='word_1_192' title='bbox 313 2721 374 2788; x_wconf 85' lang='lat'><strong>651,</strong></span> <span class='ocrx_word' id='word_1_193' title='bbox 387 2721 427 2776; x_wconf 83' lang='lat'><strong>15.</strong></span> <span class='ocrx_word' id='word_1_194' title='bbox 448 2722 462 2774; x_wconf 95' lang='lat' dir='ltr'>l</span> <span class='ocrx_word' id='word_1_195' title='bbox 482 2727 520 2775; x_wconf 87' lang='grc' dir='ltr'><strong>τῶ</strong></span> <span class='ocrx_word' id='word_1_196' title='bbox 532 2721 721 2790; x_wconf 76' lang='grc' dir='ltr'><strong><em>ὑπηρετήσουσι</em></strong></span> <span class='ocrx_word' id='word_1_197' title='bbox 733 2722 829 2791; x_wconf 89' lang='grc' dir='ltr'><strong><em>πρώην</em></strong></span> <span class='ocrx_word' id='word_1_198' title='bbox 842 2728 879 2775; x_wconf 86' lang='grc' dir='ltr'><strong>τῶ</strong></span> <span class='ocrx_word' id='word_1_199' title='bbox 891 2720 995 2791; x_wconf 83' lang='grc' dir='ltr'><strong><em>βασιλεῖ</em></strong></span> <span class='ocrx_word' id='word_1_200' title='bbox 1003 2720 1103 2802; x_wconf 87' lang='grc' dir='ltr'><strong><em>μιχαήλ</em></strong></span> <span class='ocrx_word' id='word_1_201' title='bbox 1116 2719 1164 2776; x_wconf 79' lang='lat' dir='ltr'><strong>BC</strong></span> <span class='ocrx_word' id='word_1_202' title='bbox 1217 2719 1235 2774; x_wconf 88' lang='grc'><strong>3</strong></span> <span class='ocrx_word' id='word_1_203' title='bbox 1247 2686 1339 2790; x_wconf 42' lang='lat' dir='ltr'><strong>pigris}</strong></span> 
     </span>
     <span class='ocr_line' id='line_1_22' title="bbox 274 2789 1339 2863; baseline 0 -17"><span class='ocrx_word' id='word_1_204' title='bbox 274 2793 299 2846; x_wconf 84' lang='grc' dir='ltr'>Ε</span> <span class='ocrx_word' id='word_1_205' title='bbox 370 2793 529 2862; x_wconf 79' lang='grc' dir='ltr'><strong><em>δίγκρατὲς</em></strong></span> <span class='ocrx_word' id='word_1_206' title='bbox 549 2793 580 2857; x_wconf 84' lang='lat' dir='ltr'><strong>C,</strong></span> <span class='ocrx_word' id='word_1_207' title='bbox 600 2809 677 2848; x_wconf 87' lang='lat' dir='ltr'><strong>corr.</strong></span> <span class='ocrx_word' id='word_1_208' title='bbox 696 2792 743 2852; x_wconf 75' lang='lat' dir='ltr'><strong>Cw</strong></span> <span class='ocrx_word' id='word_1_209' title='bbox 819 2793 914 2863; x_wconf 81' lang='grc' dir='ltr'><strong><em>ἀνιῆρτ</em></strong></span> <span class='ocrx_word' id='word_1_210' title='bbox 932 2791 1059 2862; x_wconf 75' lang='lat' dir='ltr'><strong>prDl,</strong></span> <span class='ocrx_word' id='word_1_211' title='bbox 1081 2791 1177 2861; x_wconf 76' lang='grc' dir='ltr'><strong><em>ἀντῇρε</em></strong></span> <span class='ocrx_word' id='word_1_212' title='bbox 1194 2789 1222 2845; x_wconf 85' lang='grc' dir='ltr'>Α</span> <span class='ocrx_word' id='word_1_213' title='bbox 1241 2792 1281 2858; x_wconf 81' lang='grc' dir='ltr'><strong>(ν.</strong></span> <span class='ocrx_word' id='word_1_214' title='bbox 1300 2791 1339 2846; x_wconf 83' lang='lat' dir='ltr'><strong>ad</strong></span> 
     </span>
     <span class='ocr_line' id='line_1_23' title="bbox 274 2863 1340 2935; baseline 0.003 -17"><span class='ocrx_word' id='word_1_215' title='bbox 274 2863 343 2919; x_wconf 86' lang='lat' dir='ltr'><strong>XVI</strong></span> <span class='ocrx_word' id='word_1_216' title='bbox 362 2864 387 2931; x_wconf 81' lang='lat'><strong>2,</strong></span> <span class='ocrx_word' id='word_1_217' title='bbox 408 2867 443 2932; x_wconf 91' lang='lat'><strong>1),</strong></span> <span class='ocrx_word' id='word_1_218' title='bbox 461 2865 633 2934; x_wconf 79' lang='grc' dir='ltr'><strong><em>ἐπεβούλευσε</em></strong></span> <span class='ocrx_word' id='word_1_219' title='bbox 650 2863 737 2920; x_wconf 76' lang='lat' dir='ltr'><strong>Paeti,</strong></span> <span class='ocrx_word' id='word_1_220' title='bbox 756 2882 785 2935; x_wconf 91' lang='lat' dir='ltr'><strong>p.</strong></span> <span class='ocrx_word' id='word_1_221' title='bbox 804 2865 865 2933; x_wconf 82' lang='lat'><strong>201,</strong></span> <span class='ocrx_word' id='word_1_222' title='bbox 884 2863 919 2918; x_wconf 78' lang='lat'><strong>12</strong></span> <span class='ocrx_word' id='word_1_223' title='bbox 1030 2863 1127 2932; x_wconf 80' lang='grc' dir='ltr'><strong><em>ὀλιγώρ</em></strong></span> <span class='ocrx_word' id='word_1_224' title='bbox 1147 2863 1178 2933; x_wconf 79' lang='grc' dir='ltr'><strong>Ο,</strong></span> <span class='ocrx_word' id='word_1_225' title='bbox 1198 2879 1274 2918; x_wconf 88' lang='lat' dir='ltr'><strong>oorr.</strong></span> <span class='ocrx_word' id='word_1_226' title='bbox 1294 2863 1340 2923; x_wconf 66' lang='lat' dir='ltr'><strong>Ca</strong></span> 
     </span>
    </p>
   </div>
   <div class='ocr_carea' id='block_1_5' title="bbox 274 2957 1340 3131">
    <p class='ocr_par' dir='ltr' id='par_1_8' title="bbox 274 2957 1340 3131">
     <span class='ocr_line' id='line_1_24' title="bbox 274 2957 1340 3060; baseline -0.003 -15"><span class='ocrx_word' id='word_1_227' title='bbox 274 2990 480 3060; x_wconf 56' lang='lat' dir='ltr'><strong>reatenwp</strong></span> <span class='ocrx_word' id='word_1_228' title='bbox 535 2957 1158 3060; x_wconf 58' lang='grc' dir='ltr'><strong><em>κεκοῆι,κεκινηωιιαιμικοηπιοενρ</em></strong></span> <span class='ocrx_word' id='word_1_229' title='bbox 1215 2989 1340 3057; x_wconf 53' lang='lat' dir='ltr'><strong>mats</strong></span> 
     </span>
     <span class='ocr_line' id='line_1_25' title="bbox 275 3059 1339 3131; baseline 0.001 -14"><span class='ocrx_word' id='word_1_230' title='bbox 275 3062 404 3117; x_wconf 75' lang='grc' dir='ltr'>0111.Βῦ</span> <span class='ocrx_word' id='word_1_231' title='bbox 498 3062 529 3116; x_wconf 93' lang='grc'><strong>11</strong></span> <span class='ocrx_word' id='word_1_232' title='bbox 551 3061 800 3131; x_wconf 79' lang='grc' dir='ltr'><strong><em>ε’ρρωμενέσττφρον</em></strong></span> <span class='ocrx_word' id='word_1_233' title='bbox 818 3063 845 3116; x_wconf 91' lang='lat' dir='ltr'>D</span> <span class='ocrx_word' id='word_1_234' title='bbox 945 3060 980 3115; x_wconf 82' lang='grc'><strong>12</strong></span> <span class='ocrx_word' id='word_1_235' title='bbox 998 3060 1028 3114; x_wconf 82' lang='grc' dir='ltr'><strong>δὲ</strong></span> <span class='ocrx_word' id='word_1_236' title='bbox 1047 3076 1103 3115; x_wconf 87' lang='lat' dir='ltr'><strong>om.</strong></span> <span class='ocrx_word' id='word_1_237' title='bbox 1124 3059 1154 3128; x_wconf 85' lang='lat' dir='ltr'><strong>C,</strong></span> <span class='ocrx_word' id='word_1_238' title='bbox 1175 3061 1273 3131; x_wconf 83' lang='lat' dir='ltr'>suppl.</span> <span class='ocrx_word' id='word_1_239' title='bbox 1293 3060 1339 3118; x_wconf 71' lang='lat' dir='ltr'><strong>ew</strong></span> 
     </span>
    </p>
   </div>
   <div class='ocr_carea' id='block_1_6' title="bbox 276 3131 1338 3277">
    <p class='ocr_par' dir='ltr' id='par_1_9' title="bbox 276 3131 1338 3277">
     <span class='ocr_line' id='line_1_26' title="bbox 276 3131 1338 3205; baseline 0.001 -18"><span class='ocrx_word' id='word_1_240' title='bbox 276 3135 311 3188; x_wconf 85' lang='lat'><strong>13</strong></span> <span class='ocrx_word' id='word_1_241' title='bbox 327 3134 393 3204; x_wconf 82' lang='grc' dir='ltr'><strong><em>αὐτὴ</em></strong></span> <span class='ocrx_word' id='word_1_242' title='bbox 412 3134 436 3188; x_wconf 90' lang='grc' dir='ltr'><strong>Β</strong></span> <span class='ocrx_word' id='word_1_243' title='bbox 515 3134 549 3188; x_wconf 82' lang='grc'><strong>14</strong></span> <span class='ocrx_word' id='word_1_244' title='bbox 566 3134 739 3202; x_wconf 83' lang='grc' dir='ltr'><strong><em>ἀκληπιάδαις</em></strong></span> <span class='ocrx_word' id='word_1_245' title='bbox 758 3135 879 3205; x_wconf 75' lang='lat' dir='ltr'><strong>punctis</strong></span> <span class='ocrx_word' id='word_1_246' title='bbox 897 3138 1035 3189; x_wconf 73' lang='lat' dir='ltr'><strong>notatim</strong></span> <span class='ocrx_word' id='word_1_247' title='bbox 1054 3131 1081 3187; x_wconf 92' lang='lat' dir='ltr'>D</span> <span class='ocrx_word' id='word_1_248' title='bbox 1160 3133 1297 3202; x_wconf 80' lang='grc' dir='ltr'><strong><em>ὠνέμαστο</em></strong></span> <span class='ocrx_word' id='word_1_249' title='bbox 1317 3131 1338 3188; x_wconf 73' lang='grc' dir='ltr'><strong>(λ</strong></span> 
     </span>
     <span class='ocr_line' id='line_1_27' title="bbox 276 3204 695 3277; baseline 0.007 -19"><span class='ocrx_word' id='word_1_250' title='bbox 276 3206 310 3261; x_wconf 81' lang='grc'><strong>17</strong></span> <span class='ocrx_word' id='word_1_251' title='bbox 328 3207 435 3277; x_wconf 84' lang='grc' dir='ltr'><strong><em>τηρήσει</em></strong></span> <span class='ocrx_word' id='word_1_252' title='bbox 453 3228 474 3260; x_wconf 87' lang='grc' dir='ltr'><strong>τ.</strong></span> <span class='ocrx_word' id='word_1_253' title='bbox 493 3205 628 3276; x_wconf 82' lang='grc' dir='ltr'><strong><em>εὐετηρίαν</em></strong></span> <span class='ocrx_word' id='word_1_254' title='bbox 647 3204 695 3261; x_wconf 81' lang='lat' dir='ltr'><strong>BC</strong></span> 
     </span>
    </p>
   </div>
   <div class='ocr_carea' id='block_1_7' title="bbox 195 3375 1343 4518">
    <p class='ocr_par' dir='ltr' id='par_1_10' title="bbox 195 3375 1343 4518">
     <span class='ocr_line' id='line_1_28' title="bbox 221 3375 1339 3446; baseline 0 -16"><span class='ocrx_word' id='word_1_255' title='bbox 221 3375 417 3446; x_wconf 87' lang='lat' dir='ltr'><strong>raspondylo,</strong></span> <span class='ocrx_word' id='word_1_256' title='bbox 444 3375 608 3442; x_wconf 89' lang='lat' dir='ltr'><strong>mandavit,</strong></span> <span class='ocrx_word' id='word_1_257' title='bbox 638 3376 690 3445; x_wconf 91' lang='lat' dir='ltr'><strong>qui</strong></span> <span class='ocrx_word' id='word_1_258' title='bbox 714 3376 784 3431; x_wconf 91' lang='lat' dir='ltr'><strong>olim</strong></span> <span class='ocrx_word' id='word_1_259' title='bbox 807 3377 873 3446; x_wconf 84' lang='lat' dir='ltr'><strong>regi</strong></span> <span class='ocrx_word' id='word_1_260' title='bbox 893 3375 1030 3430; x_wconf 79' lang='lat' dir='ltr'><strong>Michaeli</strong></span> <span class='ocrx_word' id='word_1_261' title='bbox 1055 3389 1178 3445; x_wconf 85' lang='lat' dir='ltr'><strong>operam</strong></span> <span class='ocrx_word' id='word_1_262' title='bbox 1202 3380 1339 3430; x_wconf 85' lang='lat' dir='ltr'><strong>navarat.</strong></span> 
     </span>
     <span class='ocr_line' id='line_1_29' title="bbox 195 3446 1339 3518; baseline 0 -17"><span class='ocrx_word' id='word_1_263' title='bbox 195 3446 292 3516; x_wconf 86' lang='lat' dir='ltr'><strong>3Ipsa</strong></span> <span class='ocrx_word' id='word_1_264' title='bbox 311 3463 385 3502; x_wconf 88' lang='lat' dir='ltr'><strong>vero</strong></span> <span class='ocrx_word' id='word_1_265' title='bbox 405 3463 461 3517; x_wconf 92' lang='lat' dir='ltr'><strong>pro</strong></span> <span class='ocrx_word' id='word_1_266' title='bbox 480 3447 623 3501; x_wconf 89' lang='lat' dir='ltr'><strong>tribunali</strong></span> <span class='ocrx_word' id='word_1_267' title='bbox 643 3447 845 3517; x_wconf 79' lang='lat' dir='ltr'><strong>praesidebat,</strong></span> <span class='ocrx_word' id='word_1_268' title='bbox 873 3449 982 3518; x_wconf 84' lang='lat' dir='ltr'><strong>legatis</strong></span> <span class='ocrx_word' id='word_1_269' title='bbox 1004 3447 1216 3516; x_wconf 85' lang='lat' dir='ltr'><strong>respondebat,</strong></span> <span class='ocrx_word' id='word_1_270' title='bbox 1247 3448 1339 3517; x_wconf 78' lang='lat' dir='ltr'><strong>magi·</strong></span> 
     </span>
     <span class='ocr_line' id='line_1_30' title="bbox 222 3519 1338 3589; baseline -0.001 -16"><span class='ocrx_word' id='word_1_271' title='bbox 222 3523 335 3574; x_wconf 86' lang='lat' dir='ltr'><strong>stratus</strong></span> <span class='ocrx_word' id='word_1_272' title='bbox 355 3520 486 3585; x_wconf 82' lang='lat' dir='ltr'>creabat,</span> <span class='ocrx_word' id='word_1_273' title='bbox 514 3521 562 3573; x_wconf 90' lang='lat' dir='ltr'><strong>ius</strong></span> <span class='ocrx_word' id='word_1_274' title='bbox 584 3519 712 3586; x_wconf 75' lang='lat' dir='ltr'><strong>dicebat,</strong></span> <span class='ocrx_word' id='word_1_275' title='bbox 732 3519 880 3589; x_wconf 83' lang='lat' dir='ltr'><strong>suffragia</strong></span> <span class='ocrx_word' id='word_1_276' title='bbox 899 3519 1026 3586; x_wconf 84' lang='lat' dir='ltr'><strong>ferebat,</strong></span> <span class='ocrx_word' id='word_1_277' title='bbox 1054 3519 1235 3574; x_wconf 84' lang='lat' dir='ltr'><strong>sententiam</strong></span> <span class='ocrx_word' id='word_1_278' title='bbox 1253 3534 1338 3573; x_wconf 88' lang='lat' dir='ltr'><strong>suam</strong></span> 
     </span>
     <span class='ocr_line' id='line_1_31' title="bbox 221 3589 1339 3660; baseline 0 -16"><span class='ocrx_word' id='word_1_279' title='bbox 221 3593 253 3644; x_wconf 89' lang='lat' dir='ltr'><strong>in</strong></span> <span class='ocrx_word' id='word_1_280' title='bbox 271 3591 364 3644; x_wconf 84' lang='lat' dir='ltr'><strong>rebus</strong></span> <span class='ocrx_word' id='word_1_281' title='bbox 383 3591 510 3659; x_wconf 83' lang='lat' dir='ltr'><strong>privatis</strong></span> <span class='ocrx_word' id='word_1_282' title='bbox 529 3596 559 3644; x_wconf 90' lang='lat' dir='ltr'><strong>et</strong></span> <span class='ocrx_word' id='word_1_283' title='bbox 575 3589 702 3659; x_wconf 82' lang='lat' dir='ltr'><strong>publicis</strong></span> <span class='ocrx_word' id='word_1_284' title='bbox 722 3591 949 3660; x_wconf 70' lang='lat' dir='ltr'><strong>interponebat,</strong></span> <span class='ocrx_word' id='word_1_285' title='bbox 968 3591 1179 3646; x_wconf 78' lang='lat' dir='ltr'><strong>unfortunate</strong></span> <span class='ocrx_word' id='word_1_286' title='bbox 1198 3591 1256 3644; x_wconf 89' lang='lat' dir='ltr'><strong>fuit</strong></span> <span class='ocrx_word' id='word_1_287' title='bbox 1275 3591 1339 3644; x_wconf 89' lang='lat' dir='ltr'><strong>eius</strong></span> 
     </span>
     <span class='ocr_line' id='line_1_32' title="bbox 195 3660 1338 3732; baseline 0 -18"><span class='ocrx_word' id='word_1_288' title='bbox 195 3660 413 3732; x_wconf 74' lang='lat' dir='ltr'><strong>ignbernatio.</strong></span> <span class='ocrx_word' id='word_1_289' title='bbox 442 3661 547 3730; x_wconf 84' lang='lat' dir='ltr'><strong>Neque</strong></span> <span class='ocrx_word' id='word_1_290' title='bbox 561 3663 640 3716; x_wconf 86' lang='lat' dir='ltr'><strong>enim</strong></span> <span class='ocrx_word' id='word_1_291' title='bbox 654 3663 813 3730; x_wconf 84' lang='lat' dir='ltr'><strong>quisquam</strong></span> <span class='ocrx_word' id='word_1_292' title='bbox 828 3661 868 3716; x_wconf 89' lang='lat' dir='ltr'><strong>iili</strong></span> <span class='ocrx_word' id='word_1_293' title='bbox 882 3677 914 3716; x_wconf 89' lang='lat' dir='ltr'><strong>se</strong></span> <span class='ocrx_word' id='word_1_294' title='bbox 928 3663 1078 3731; x_wconf 88' lang='lat' dir='ltr'><strong>opposuit,</strong></span> <span class='ocrx_word' id='word_1_295' title='bbox 1098 3676 1198 3731; x_wconf 87' lang='lat' dir='ltr'><strong>neque</strong></span> <span class='ocrx_word' id='word_1_296' title='bbox 1211 3662 1338 3716; x_wconf 82' lang='lat' dir='ltr'><strong>subiecti</strong></span> 
     </span>
     <span class='ocr_line' id='line_1_33' title="bbox 223 3733 1339 3803; baseline 0 -16"><span class='ocrx_word' id='word_1_297' title='bbox 223 3735 289 3788; x_wconf 87' lang='lat' dir='ltr'><strong>eius</strong></span> <span class='ocrx_word' id='word_1_298' title='bbox 308 3733 431 3788; x_wconf 83' lang='lat' dir='ltr'><strong>decreta</strong></span> <span class='ocrx_word' id='word_1_299' title='bbox 449 3733 661 3802; x_wconf 83' lang='lat' dir='ltr'><strong>neglexerunt,</strong></span> <span class='ocrx_word' id='word_1_300' title='bbox 682 3748 783 3802; x_wconf 86' lang='lat' dir='ltr'><strong>neque</strong></span> <span class='ocrx_word' id='word_1_301' title='bbox 802 3733 864 3787; x_wconf 86' lang='lat' dir='ltr'><strong>ulle</strong></span> <span class='ocrx_word' id='word_1_302' title='bbox 883 3748 960 3803; x_wconf 84' lang='lat' dir='ltr'><strong>gens</strong></span> <span class='ocrx_word' id='word_1_303' title='bbox 979 3748 1047 3787; x_wconf 87' lang='lat' dir='ltr'><strong>eum</strong></span> <span class='ocrx_word' id='word_1_304' title='bbox 1066 3733 1209 3788; x_wconf 88' lang='lat' dir='ltr'><strong>Romanis</strong></span> <span class='ocrx_word' id='word_1_305' title='bbox 1229 3733 1339 3787; x_wconf 83' lang='lat' dir='ltr'><strong>beilum</strong></span> 
     </span>
     <span class='ocr_line' id='line_1_34' title="bbox 223 3804 1340 3874; baseline -0.001 -15"><span class='ocrx_word' id='word_1_306' title='bbox 223 3806 302 3872; x_wconf 84' lang='lat' dir='ltr'><strong>fecit,</strong></span> <span class='ocrx_word' id='word_1_307' title='bbox 329 3804 383 3860; x_wconf 89' lang='lat' dir='ltr'><strong>sed</strong></span> <span class='ocrx_word' id='word_1_308' title='bbox 406 3808 436 3858; x_wconf 87' lang='lat' dir='ltr'><strong>et</strong></span> <span class='ocrx_word' id='word_1_309' title='bbox 459 3806 530 3857; x_wconf 88' lang='lat' dir='ltr'><strong>anni</strong></span> <span class='ocrx_word' id='word_1_310' title='bbox 554 3809 692 3873; x_wconf 89' lang='lat' dir='ltr'><strong>tempora</strong></span> <span class='ocrx_word' id='word_1_311' title='bbox 714 3819 800 3858; x_wconf 87' lang='lat' dir='ltr'><strong>suam</strong></span> <span class='ocrx_word' id='word_1_312' title='bbox 823 3806 998 3874; x_wconf 81' lang='lat' dir='ltr'><strong>temperiem</strong></span> <span class='ocrx_word' id='word_1_313' title='bbox 1018 3804 1192 3858; x_wconf 88' lang='lat' dir='ltr'><strong>habuerunt</strong></span> <span class='ocrx_word' id='word_1_314' title='bbox 1211 3808 1240 3858; x_wconf 85' lang='lat' dir='ltr'><strong>et</strong></span> <span class='ocrx_word' id='word_1_315' title='bbox 1258 3809 1340 3858; x_wconf 87' lang='lat' dir='ltr'><strong>terra</strong></span> 
     </span>
     <span class='ocr_line' id='line_1_35' title="bbox 196 3872 1338 3944; baseline 0.002 -17"><span class='ocrx_word' id='word_1_316' title='bbox 196 3872 334 3930; x_wconf 79' lang='lat' dir='ltr'><strong>buberes</strong></span> <span class='ocrx_word' id='word_1_317' title='bbox 358 3877 476 3929; x_wconf 84' lang='lat' dir='ltr'><strong>fruetus</strong></span> <span class='ocrx_word' id='word_1_318' title='bbox 501 3876 576 3929; x_wconf 88' lang='lat' dir='ltr'><strong>tulit.</strong></span> <span class='ocrx_word' id='word_1_319' title='bbox 614 3875 759 3939; x_wconf 83' lang='lat' dir='ltr'><strong>Quamvis</strong></span> <span class='ocrx_word' id='word_1_320' title='bbox 783 3881 884 3930; x_wconf 84' lang='lat' dir='ltr'><strong>autem</strong></span> <span class='ocrx_word' id='word_1_321' title='bbox 909 3880 984 3930; x_wconf 88' lang='lat' dir='ltr'><strong>natu</strong></span> <span class='ocrx_word' id='word_1_322' title='bbox 1008 3875 1142 3944; x_wconf 50' lang='lat' dir='ltr'><strong>mandis,</strong></span> <span class='ocrx_word' id='word_1_323' title='bbox 1173 3881 1207 3930; x_wconf 93' lang='lat' dir='ltr'><strong>ut</strong></span> <span class='ocrx_word' id='word_1_324' title='bbox 1226 3873 1338 3930; x_wconf 89' lang='lat' dir='ltr'><strong>dictum</strong></span> 
     </span>
     <span class='ocr_line' id='line_1_36' title="bbox 223 3947 1340 4018; baseline 0 -16"><span class='ocrx_word' id='word_1_325' title='bbox 223 3953 277 4014; x_wconf 90' lang='lat' dir='ltr'><strong>est,</strong></span> <span class='ocrx_word' id='word_1_326' title='bbox 297 3948 424 4017; x_wconf 83' lang='lat' dir='ltr'><strong>sceptris</strong></span> <span class='ocrx_word' id='word_1_327' title='bbox 443 3949 539 4016; x_wconf 85' lang='lat' dir='ltr'><strong>potita</strong></span> <span class='ocrx_word' id='word_1_328' title='bbox 557 3952 644 4014; x_wconf 88' lang='lat' dir='ltr'><strong>esset,</strong></span> <span class='ocrx_word' id='word_1_329' title='bbox 669 3953 771 4001; x_wconf 89' lang='lat' dir='ltr'><strong>tamen</strong></span> <span class='ocrx_word' id='word_1_330' title='bbox 790 3947 916 4018; x_wconf 85' lang='lat' dir='ltr'><strong>longum</strong></span> <span class='ocrx_word' id='word_1_331' title='bbox 935 3947 1024 4002; x_wconf 86' lang='lat' dir='ltr'><strong>etiarn</strong></span> <span class='ocrx_word' id='word_1_332' title='bbox 1045 3947 1101 4001; x_wconf 89' lang='lat' dir='ltr'><strong>sibi</strong></span> <span class='ocrx_word' id='word_1_333' title='bbox 1120 3947 1202 4002; x_wconf 84' lang='lat' dir='ltr'><strong>vitae</strong></span> <span class='ocrx_word' id='word_1_334' title='bbox 1221 3952 1340 4017; x_wconf 82' lang='lat' dir='ltr'><strong>tempus</strong></span> 
     </span>
     <span class='ocr_line' id='line_1_37' title="bbox 223 4018 1340 4089; baseline 0 -17"><span class='ocrx_word' id='word_1_335' title='bbox 223 4021 289 4073; x_wconf 83' lang='lat' dir='ltr'><strong>iore</strong></span> <span class='ocrx_word' id='word_1_336' title='bbox 308 4019 459 4088; x_wconf 81' lang='lat' dir='ltr'><strong>sperabat,</strong></span> <span class='ocrx_word' id='word_1_337' title='bbox 480 4034 548 4072; x_wconf 87' lang='lat' dir='ltr'><strong>curn</strong></span> <span class='ocrx_word' id='word_1_338' title='bbox 567 4034 696 4089; x_wconf 80' lang='lat' dir='ltr'><strong>corpore</strong></span> <span class='ocrx_word' id='word_1_339' title='bbox 714 4019 846 4073; x_wconf 87' lang='lat' dir='ltr'><strong>firmiore</strong></span> <span class='ocrx_word' id='word_1_340' title='bbox 866 4023 953 4086; x_wconf 87' lang='lat' dir='ltr'><strong>esset,</strong></span> <span class='ocrx_word' id='word_1_341' title='bbox 983 4018 1065 4089; x_wconf 90' lang='lat' dir='ltr'><strong>quod</strong></span> <span class='ocrx_word' id='word_1_342' title='bbox 1083 4018 1239 4073; x_wconf 86' lang='lat' dir='ltr'><strong>laboribus</strong></span> <span class='ocrx_word' id='word_1_343' title='bbox 1258 4018 1340 4072; x_wconf 84' lang='lat' dir='ltr'><strong>haud</strong></span> 
     </span>
     <span class='ocr_line' id='line_1_38' title="bbox 196 4088 1340 4162; baseline 0 -19"><span class='ocrx_word' id='word_1_344' title='bbox 196 4088 312 4144; x_wconf 74' lang='lat' dir='ltr'><strong>bracile</strong></span> <span class='ocrx_word' id='word_1_345' title='bbox 338 4090 467 4145; x_wconf 86' lang='lat' dir='ltr'><strong>eederet.</strong></span> <span class='ocrx_word' id='word_1_346' title='bbox 505 4089 565 4145; x_wconf 87' lang='lat' dir='ltr'><strong>Sed</strong></span> <span class='ocrx_word' id='word_1_347' title='bbox 591 4105 660 4143; x_wconf 88' lang='lat' dir='ltr'><strong>eum</strong></span> <span class='ocrx_word' id='word_1_348' title='bbox 688 4095 718 4144; x_wconf 90' lang='lat' dir='ltr'><strong>et</strong></span> <span class='ocrx_word' id='word_1_349' title='bbox 734 4091 831 4160; x_wconf 89' lang='lat' dir='ltr'><strong>ipsam</strong></span> <span class='ocrx_word' id='word_1_350' title='bbox 855 4092 919 4144; x_wconf 84' lang='lat' dir='ltr'><strong>iata</strong></span> <span class='ocrx_word' id='word_1_351' title='bbox 943 4094 1097 4160; x_wconf 85' lang='lat' dir='ltr'><strong>urgerent,</strong></span> <span class='ocrx_word' id='word_1_352' title='bbox 1126 4092 1181 4144; x_wconf 86' lang='lat' dir='ltr'><strong>etsi</strong></span> <span class='ocrx_word' id='word_1_353' title='bbox 1201 4091 1340 4162; x_wconf 81' lang='lat' dir='ltr'><strong>monaehi</strong></span> 
     </span>
     <span class='ocr_line' id='line_1_39' title="bbox 224 4161 1341 4231; baseline 0 -16"><span class='ocrx_word' id='word_1_354' title='bbox 224 4161 347 4231; x_wconf 88' lang='lat' dir='ltr'><strong>qnidam</strong></span> <span class='ocrx_word' id='word_1_355' title='bbox 366 4163 469 4216; x_wconf 84' lang='lat' dir='ltr'><strong>neseio</strong></span> <span class='ocrx_word' id='word_1_356' title='bbox 489 4167 563 4230; x_wconf 89' lang='lat' dir='ltr'><strong>quot</strong></span> <span class='ocrx_word' id='word_1_357' title='bbox 582 4162 609 4215; x_wconf 85' lang='lat' dir='ltr'><strong>ei</strong></span> <span class='ocrx_word' id='word_1_358' title='bbox 629 4162 752 4216; x_wconf 84' lang='lat' dir='ltr'><strong>saecula</strong></span> <span class='ocrx_word' id='word_1_359' title='bbox 772 4163 854 4216; x_wconf 86' lang='lat' dir='ltr'><strong>vitae</strong></span> <span class='ocrx_word' id='word_1_360' title='bbox 872 4161 1096 4231; x_wconf 83' lang='lat' dir='ltr'><strong>promittebant,</strong></span> <span class='ocrx_word' id='word_1_361' title='bbox 1125 4163 1239 4216; x_wconf 86' lang='lat' dir='ltr'><strong>eteius</strong></span> <span class='ocrx_word' id='word_1_362' title='bbox 1259 4161 1341 4216; x_wconf 83' lang='lat' dir='ltr'><strong>sami·</strong></span> 
     </span>
     <span class='ocr_line' id='line_1_40' title="bbox 223 4233 1342 4302; baseline 0 -16"><span class='ocrx_word' id='word_1_363' title='bbox 223 4234 314 4289; x_wconf 82' lang='lat' dir='ltr'><strong>liures</strong></span> <span class='ocrx_word' id='word_1_364' title='bbox 327 4233 366 4288; x_wconf 92' lang='lat' dir='ltr'><strong>ob</strong></span> <span class='ocrx_word' id='word_1_365' title='bbox 380 4234 519 4287; x_wconf 90' lang='lat' dir='ltr'><strong>morbum</strong></span> <span class='ocrx_word' id='word_1_366' title='bbox 532 4235 754 4302; x_wconf 86' lang='lat' dir='ltr'><strong>gravissimum,</strong></span> <span class='ocrx_word' id='word_1_367' title='bbox 775 4248 864 4302; x_wconf 89' lang='lat' dir='ltr'><strong>quem</strong></span> <span class='ocrx_word' id='word_1_368' title='bbox 877 4233 969 4287; x_wconf 90' lang='lat' dir='ltr'><strong>ileum</strong></span> <span class='ocrx_word' id='word_1_369' title='bbox 983 4233 1090 4286; x_wconf 89' lang='lat' dir='ltr'><strong>mediei</strong></span> <span class='ocrx_word' id='word_1_370' title='bbox 1105 4239 1225 4299; x_wconf 83' lang='lat' dir='ltr'><strong>vocant,</strong></span> <span class='ocrx_word' id='word_1_371' title='bbox 1246 4233 1284 4287; x_wconf 90' lang='lat' dir='ltr'><strong>de</strong></span> <span class='ocrx_word' id='word_1_372' title='bbox 1297 4248 1342 4286; x_wconf 90' lang='lat' dir='ltr'><strong>sa-</strong></span> 
     </span>
     <span class='ocr_line' id='line_1_41' title="bbox 223 4304 1342 4428; baseline -0.001 -69"><span class='ocrx_word' id='word_1_373' title='bbox 223 4305 287 4360; x_wconf 88' lang='lat' dir='ltr'><strong>lute</strong></span> <span class='ocrx_word' id='word_1_374' title='bbox 299 4305 379 4358; x_wconf 86' lang='lat' dir='ltr'><strong>iilius</strong></span> <span class='ocrx_word' id='word_1_375' title='bbox 394 4304 614 4374; x_wconf 88' lang='lat' dir='ltr'><strong>desperassent,</strong></span> <span class='ocrx_word' id='word_1_376' title='bbox 633 4305 664 4357; x_wconf 89' lang='lat' dir='ltr'><strong>in</strong></span> <span class='ocrx_word' id='word_1_377' title='bbox 675 4319 771 4359; x_wconf 87' lang='lat' dir='ltr'><strong>unum</strong></span> <span class='ocrx_word' id='word_1_378' title='bbox 786 4305 942 4375; x_wconf 78' lang='lat' dir='ltr'><strong>congressi</strong></span> <span class='ocrx_word' id='word_1_379' title='bbox 956 4304 1132 4372; x_wconf 82' lang='lat' dir='ltr'><strong>deliberant,</strong></span> <span class='ocrx_word' id='word_1_380' title='bbox 1152 4305 1218 4428; x_wconf 72' lang='lat' dir='ltr'><strong>puis</strong></span> <span class='ocrx_word' id='word_1_381' title='bbox 1232 4306 1263 4358; x_wconf 92' lang='lat' dir='ltr'><strong>in</strong></span> <span class='ocrx_word' id='word_1_382' title='bbox 1277 4305 1342 4359; x_wconf 87' lang='lat' dir='ltr'><strong>eins</strong></span> 
     </span>
     <span class='ocr_line' id='line_1_42' title="bbox 224 4375 1342 4446; baseline 0 -17"><span class='ocrx_word' id='word_1_383' title='bbox 224 4377 324 4431; x_wconf 83' lang='lat' dir='ltr'><strong>locum</strong></span> <span class='ocrx_word' id='word_1_384' title='bbox 337 4375 566 4430; x_wconf 86' lang='lat' dir='ltr'><strong>substituendus</strong></span> <span class='ocrx_word' id='word_1_385' title='bbox 586 4381 672 4443; x_wconf 88' lang='lat' dir='ltr'><strong>esset,</strong></span> <span class='ocrx_word' id='word_1_386' title='bbox 692 4391 711 4430; x_wconf 84' lang='lat' dir='ltr'><strong>a</strong></span> <span class='ocrx_word' id='word_1_387' title='bbox 729 4391 790 4445; x_wconf 90' lang='lat' dir='ltr'><strong>quo</strong></span> <span class='ocrx_word' id='word_1_388' title='bbox 810 4378 996 4446; x_wconf 81' lang='lat' dir='ltr'><strong>prosperitas</strong></span> <span class='ocrx_word' id='word_1_389' title='bbox 1015 4375 1065 4429; x_wconf 92' lang='lat' dir='ltr'><strong>illa</strong></span> <span class='ocrx_word' id='word_1_390' title='bbox 1078 4381 1108 4429; x_wconf 89' lang='lat' dir='ltr'><strong>et</strong></span> <span class='ocrx_word' id='word_1_391' title='bbox 1127 4376 1157 4429; x_wconf 87' lang='lat' dir='ltr'><strong>fe</strong></span> <span class='ocrx_word' id='word_1_392' title='bbox 1169 4377 1255 4430; x_wconf 86' lang='lat' dir='ltr'><strong>ieitas</strong></span> <span class='ocrx_word' id='word_1_393' title='bbox 1275 4391 1342 4430; x_wconf 83' lang='lat' dir='ltr'><strong>con·</strong></span> 
     </span>
     <span class='ocr_line' id='line_1_43' title="bbox 197 4445 1343 4518; baseline -0.003 -14"><span class='ocrx_word' id='word_1_394' title='bbox 197 4450 408 4504; x_wconf 77' lang='lat' dir='ltr'><strong>iservaretnr.</strong></span> <span class='ocrx_word' id='word_1_395' title='bbox 446 4448 485 4502; x_wconf 90' lang='lat' dir='ltr'><strong>Iis</strong></span> <span class='ocrx_word' id='word_1_396' title='bbox 504 4448 599 4518; x_wconf 87' lang='lat' dir='ltr'><strong>igitur</strong></span> <span class='ocrx_word' id='word_1_397' title='bbox 620 4447 858 4503; x_wconf 85' lang='lat' dir='ltr'><strong>deliberantibus</strong></span> <span class='ocrx_word' id='word_1_398' title='bbox 876 4447 944 4504; x_wconf 88' lang='lat' dir='ltr'><strong>talis</strong></span> <span class='ocrx_word' id='word_1_399' title='bbox 963 4448 1047 4502; x_wconf 89' lang='lat' dir='ltr'><strong>visus</strong></span> <span class='ocrx_word' id='word_1_400' title='bbox 1066 4451 1112 4503; x_wconf 88' lang='lat' dir='ltr'><strong>est</strong></span> <span class='ocrx_word' id='word_1_401' title='bbox 1124 4446 1251 4504; x_wconf 76' lang='lat' dir='ltr'><strong>Michatil</strong></span> <span class='ocrx_word' id='word_1_402' title='bbox 1264 4445 1343 4503; x_wconf 84' lang='lat' dir='ltr'><strong>Stra·</strong></span> 
     </span>
    </p>
   </div>
   <div class='ocr_carea' id='block_1_8' title="bbox 0 0 1537 4775">
    <p class='ocr_par' dir='ltr' id='par_1_11' title="bbox 0 0 1537 4775">
     <span class='ocr_line' id='line_1_44' title="bbox 0 0 1537 4775; baseline 0 0"><span class='ocrx_word' id='word_1_403' title='bbox 0 0 1537 4775; x_wconf 95' lang='lat' dir='ltr'><strong> </strong></span> 
     </span>
    </p>
   </div>
  </div>
 </body>
</html>
