3050 4775
261 442 315 501 too
551 445 687 504 νουσα.
709 447 956 519 u1³1uxv1su
977 451 1089 507 11-22.

216 626 436 712 12όυνηθῆναι
464 633 582 712 φυγεῖν.
627 629 681 694 καί
704 629 723 694 ὁ
744 630 804 713 μὲν
827 631 922 696 Λέων
950 632 1136 699 ἐπανελθὼν
1163 633 1218 698 καὶ
1237 635 1379 718 ,μεγαλο-

172 733 390 812 Β]3πρεπῶς
423 732 584 816 ὑπεδέχθη
619 733 673 798 καὶ
705 734 845 816 ἒπινικίῳ
876 735 1030 818 θριάμβῳ
1062 738 1211 820 ιετίμητο.
1267 738 1379 822 μελέτη

260 832 296 896 όέ
317 855 410 897 τινων
431 833 511 898 κατά
535 839 600 898 τοῦ·
613 835 849 920 αὐτοκράτορος
870 837 1030 922 ἐφωράθη
1052 839 1107 902 καί
1129 841 1161 903 οί
1174 840 1288 923 ταύτην
1302 865 1380 922 συρ-

259 934 416 1016 ράψαντες
439 935 492 1000 καλ
520 937 552 1002 σί
577 938 698 1002 τούτων
726 937 904 1022 συνίστορες
932 943 1176 1026 συνεσχόθησαν,
1208 941 1290 1026 πλήν
1317 943 1380 1007 οὐκ

259 1036 390 1120 ἀπηνῶς
412 1037 641 1123 ἐκολάσθησαν.
1388 1059 1408 1114 ι’)

215 1143 250 1198 14
344 1137 385 1204 ‘O
414 1141 584 1224 μάγιστρος
615 1144 651 1208 «II
679 1144 869 1230 Νικηφόρος
900 1146 920 1211 ό
946 1147 1067 1218 Φωκᾶς
1097 1147 1134 1212 ἐκ
1166 1153 1220 1231 τῆς
1250 1147 1380 1231 Κρήτης

258 1242 465 1325 μετακληθεὶς
488 1245 548 1309 οὐκ
571 1246 663 1329 ελάθη
686 1247 769 1330 πρὸς
790 1247 826 1312 τό
849 1248 1022 1323 Βυζάντιον
1044 1249 1287 1334 ἐπαναόραμεῖν,
1311 1245 1378 1313 ἀλλ’

259 1342 429 1430 ἐκελεύσθη
457 1345 538 1429 πρὸς
565 1347 621 1432 τήν
647 1349 732 1432 ἑῴαν
753 1349 832 1433 μετὰ
853 1353 958 1436 πάσης
979 1359 1125 1435 χωρήσω
1145 1359 1201 1435 τῆς
1223 1357 1378 1433 στρατιάς·

215 1445 277 1510 156
301 1445 361 1530 γὰρ
384 1447 524 1531 Χαμόάν
546 1449 640 1523 αὖθις
669 1451 748 1516 κατά
768 1452 937 1536 Ῥωμαίων
962 1456 1120 1537 χωρήσειν
1146 1454 1299 1538 ήλπιζετο.
1344 1455 1380 1517 ἓν

258 1552 336 1634 χοῦν
364 1550 467 1635 Συρίᾳ
499 1554 666 1637 γενόμενος
694 1555 713 1620 ό
740 1555 861 1626 Φωκᾶς
891 1556 946 1618 καί
975 1556 1078 1638 τούτῳ
1109 1554 1189 1619 κατὰ
1221 1556 1379 1638 συοτάόην
1390 1571 1426 1625 10

256 1653 485 1737 μαχεσάμενος,
507 1657 562 1721 καί
584 1659 693 1742 ἥττησε
714 1663 899 1741 περιφανῶς
921 1657 975 1721 καὶ
989 1659 1045 1740 τὴν
1059 1657 1218 1740 Βέρροιον
1235 1659 1308 1740 ἄτερ
1323 1665 1379 1742 τῆς

258 1754 465 1838 ἀκροπόλεως
487 1758 681 1844 ἐξεπόρθησε
703 1760 757 1825 καί
778 1761 914 1825 πλοῦτον
931 1761 1052 1824 ἐκεῖθεν
1066 1761 1208 1826 πλεῖστον
1221 1763 1378 1845 συνήγαγε

226 1856 312 1921 Οκαλ
342 1857 564 1942 όορυαλώτους
595 1861 708 1944 ήλασεν
735 1863 796 1927 οὐκ
823 1864 1057 1948 εὐαριθμήτους
1082 1863 1137 1926 καί
1161 1862 1298 1935 πολλοὺς
1325 1864 1377 1928 ότ-

259 1961 371 2043 σμιόυς
392 1961 586 2044 χριστισνοὺς
608 1970 663 2047 τῆς
685 1965 902 2048 αἰχμαλωσίας
924 1966 1065 2030 ἀπέλυσε.

216 2065 250 2119 16
351 2062 479 2146 Λέγεται
489 2071 566 2146 γοῦν
576 2066 609 2130 ἒν
620 2067 704 2150 ἀρχῇ
715 2073 770 2151 τῆς
781 2069 951 2152 αὐταρχίας
961 2075 1017 2133 τοῦ
1029 2069 1197 2152 Ῥωμανοῦ
1208 2072 1273 2133 τῶν
1283 2070 1376 2152 'Aro-
1388 2083 1423 2138 15

258 2169 366 2249 ρηνῶν
377 2171 483 2231 πᾶσαν
493 2168 605 2250 χώραν
615 2168 849 2251 λεηλατούντων
859 2172 903 2241 είς
914 2171 1050 2253 ἀπορίαν
1060 2178 1238 2255 περιστῆναι
1252 2170 1306 2235 τόν
1317 2173 1376 2235 αὖ·

257 2269 443 2353 ιοκράτορο,
460 2269 513 2333 καὶ
528 2269 582 2336 τὸν
598 2271 719 2336 Φωκᾶν
731 2271 923 2356 Νικηφόρον
937 2273 1234 2358 προσιωλεσάμενον
1249 2275 1377 2356 ἔρεσθαι

257 2502 275 2558 6
293 2503 331 2556 ότι
350 2500 428 2562 αὖθις
447 2504 640 2573 όΝικηφόρος
659 2512 697 2573 τῷ
716 2504 832 2573 Χαμόιὶν
851 2504 968 2575 (χαμόᾶν
985 2506 1020 2574 Ε)
1040 2506 1184 2577 συμβαλὼν
1202 2508 1311 2576 ήτιησεν
1329 2504 1376 2560 αὖ·

258 2574 302 2630 τόν
320 2572 413 2645 (αὐτὴν
432 2574 467 2639 Ε)
486 2574 532 2629 καί
550 2574 579 2629 τό
597 2576 653 2645 (τόν
671 2576 706 2639 Ε)
725 2576 818 2631 Χάλιπ
836 2576 986 2647 ἐπόρθησεν
1006 2577 1054 2634 ΟΕ
1134 2576 1168 2632 15
1186 2579 1333 2648 σημιίωσαι
1352 2578 1377 2632 Ε

313 2803 327 2857 l
346 2802 392 2857 καί
411 2808 482 2858 ante
500 2823 558 2872 μτχ.
578 2818 636 2858 om.
655 2802 683 2857 D
764 2804 783 2857 4
802 2804 819 2873 ή
838 2802 875 2873 D,
894 2804 923 2857 οἱ
939 2819 1015 2858 corr.
1035 2801 1087 2862 Dw
1177 2804 1377 2873 κατεσχέθησαν

311 2874 384 2945 Ewp
457 2874 474 2929 9
492 2874 626 2945 χωρήσειν
646 2880 717 2930 ante
736 2874 803 2929 κατὰ
822 2874 846 2928 Β
919 2875 954 2928 10
971 2874 1018 2928 οὖν
1032 2874 1104 2945 Ewp
1177 2876 1261 2943 τούτῳ
1280 2874 1376 2930 oin-O

347 2950 415 3016 post
433 2965 505 3000 συοτ.
524 2946 593 3000 edd.
613 2945 685 3014 αὐτῷ
705 2946 729 3000 0
827 2947 858 3000 11
880 2946 994 3014 Βέροιαν
1012 2945 1055 2999 w*
1094 2946 1198 3001 invius
1216 2944 1270 2999 Au
1289 2945 1376 3001 esdr.

312 3015 453 3089 (Scylitz.)
473 3017 501 3071 II
520 3033 549 3088 p.
568 3016 629 3084 344,
649 3018 683 3071 18
798 3018 832 3072 13
851 3017 1028 3085 δοριαλώτους
1083 3014 1097 3085 ’,
1116 3033 1145 3071 v.
1165 3017 1205 3071 ad
1223 3016 1295 3072 XIII
1314 3018 1340 3085 8,
1358 3018 1377 3071 3

346 3090 397 3216 ηήκ
416 3088 713 3215 τάσριθμήτουςὮΑἷχῘρ,
731 3086 783 3180 οὐκ
801 3089 964 3213 ηήσρίθμηχις
983 3088 1377 3215 Εήιηιιμᾱθοουλθολὸῐκοθκ

311 3164 346 3287 λδ
364 3166 489 3301 τοθθλῗ,
501 3176 609 3286 οιλόλλθ
610 3176 664 3285 1τοῦ
683 3160 1375 3301 δί’ολῖλοὲαλόῦαλλήληωυλόωάόιόληλλῗςτόν)οοιϊ.

311 3303 364 3363 Βιι
481 3304 514 3358 17
532 3304 640 3372 ἔρεσθαι
656 3300 755 3370 Aulis,
775 3302 881 3371 ε’ρέουοι
900 3300 991 3370 RsDi,
1011 3317 1039 3356 v.
1059 3301 1278 3372 Goetttingtum
1297 3302 1375 3373 Auq.

311 3375 407 3431 Lstre
425 3391 452 3429 υ.
472 3374 580 3430 Aooeot
600 3378 654 3429 oet.
674 3374 736 3429 Ion.
757 3374 826 3429 1835
844 3390 872 3444 p.
891 3374 928 3429 58
945 3374 1053 3429 cnut

213 3600 351 3672 12uogro
366 3600 478 3670 elapso.
516 3597 579 3655 Leo
598 3600 693 3670 igitur
710 3614 854 3655 reversus
872 3598 1037 3655 honorifice
1056 3604 1203 3669 exceptus
1222 3604 1269 3653 est
1287 3602 1317 3653 et
1335 3599 1375 3654 ob

213 3672 414 3727 13victoriam
433 3672 585 3742 triumpho
605 3676 739 3726 ornatus.
776 3670 980 3741 Deprehensis
1003 3669 1135 3725 consiliIs
1159 3675 1267 3724 contro
1285 3671 1374 3740 impe·

256 3748 387 3799 retorem
407 3743 496 3811 Initio,
522 3748 662 3798 auctores
681 3747 711 3798 et
731 3743 844 3797 conscii
863 3742 1080 3812 comprehensi,
1107 3756 1168 3796 non
1186 3748 1289 3796 tumen
1310 3756 1375 3795 cru·

256 3814 364 3871 delitcr
382 3815 480 3885 puniti
502 3819 580 3869 sunt.

212 3887 247 3942 14
344 3886 462 3942 Phocus
481 3892 581 3941 sutem
603 3885 791 3955 Nicephorus
809 3885 955 3955 magister
978 3901 995 3939 e
1015 3883 1105 3940 Creta
1127 3888 1290 3939 revocatus
1313 3899 1374 3937 non

255 3958 330 4013 situs
349 3962 395 4014 est
413 3972 571 4014 recurrero
590 3956 779 4027 Byzantium,
804 3957 858 4012 sed
878 3971 946 4010 cum
966 3956 1047 4010 omni
1065 3955 1203 4010 exercitu
1221 3956 1253 4009 in
1271 3954 1375 4010 Orien·

255 4036 315 4086 tom
338 4031 383 4086 iro
406 4031 519 4099 iussus3
546 4044 617 4083 nam
641 4028 737 4083 altere
760 4028 840 4082 iliius
858 4026 1014 4083 Chamdan
1036 4027 1194 4097 impressio
1218 4032 1375 4097 exspecto-

211 4100 246 4157 15
255 4103 354 4157 betur.
392 4102 550 4157 Profectus
571 4101 666 4170 igitur
688 4101 720 4153 in
744 4098 863 4159 Surium
889 4113 1058 4169 pugnoque
1087 4099 1247 4152 commisso
1273 4098 1374 4153 hostes

254 4174 363 4227 illustri
386 4174 515 4228 victoris
538 4172 694 4242 superavit
714 4176 744 4225 et
762 4155 896 4225 Berrosa
915 4175 1037 4239 practer
1054 4185 1155 4225 urcem
1175 4174 1295 4223 vastata
1314 4184 1374 4223 ma·

255 4244 343 4299 ximis
371 4243 484 4298 divitiis
512 4250 557 4299 est
584 4243 697 4313 potitus
722 4246 752 4296 et
778 4242 873 4312 copiis
898 4256 996 4311 paene
1021 4240 1187 4295 innumeris
1209 4246 1241 4294 et
1264 4241 1374 4295 multos

255 4313 441 4372 Christianos
460 4315 578 4369 vinctos
597 4314 747 4368 liberavit.

212 4387 246 4441 16
345 4386 499 4440 Romanus
525 4386 609 4438 initio
634 4384 752 4454 imperii
771 4384 818 4437 sui
836 4380 989 4453 Agerenis
1007 4398 1111 4438 omnes
1130 4384 1303 4453 provincius
1322 4398 1375 4436 vo·

255 4458 414 4525 stantibus,
444 4456 545 4510 animo
570 4460 714 4511 aestuans
738 4454 868 4509 Phocum
892 4454 1094 4525 Nicephorum
1119 4469 1246 4526 rogasse
1269 4455 1374 4523 fertur,
