3050 4775
455 418 632 487 MIcHAllL
651 426 749 487 AGl'l'
768 431 847 489 CVM
866 432 1059 491 COMNENO.
1258 436 1311 493 663

193 611 302 695 ἡσθεὶς
325 610 382 677 οὖν
400 613 450 678 ε’πί
464 613 584 686 τούτοις
599 614 618 679 ὁ
633 612 777 698 βασιλεὺς
798 616 899 681 πάντα
922 618 1088 702 πληρῶσαι
1111 618 1170 683 ὅσα
1194 620 1311 691 ἐκεῖνος
1322 625 1356 680 13

191 717 303 799 ᾔτησεν
326 717 525 801 ἐπηγγείλατο
544 716 599 781 καί
612 720 852 803 προαεπήγαγεν
868 720 913 784 ὅτι
929 707 1060 804 ε’λῶυπερ
1076 722 1193 793 ἐκεῖνος
1209 722 1309 805 ἀπορ-
1319 726 1469 785 ΡΙ1261Α

192 820 308 902 ρήτσυς
334 843 390 902 μοι
417 820 548 903 γνώμας
581 820 721 904 ἐδήλωσε
753 817 793 885 δι’
822 822 926 906 ὑμῶν,
959 824 1061 896 οὕτως
1092 822 1187 895 αὖθις
1218 824 1310 909 κάγὼ

191 909 408 1005 μυστικώτερά
435 946 501 987 τινα
531 923 643 1005 ἐκείνῳ
675 923 726 988 διὰ
757 929 821 989 τῶν
853 926 959 991 αὐτῶν
991 927 1084 1009 ὑμῶν
1116 926 1309 1010 ἀνατίθεμαι.

165 1025 365 1110 ἀδιύμνυαθε
387 1027 490 1091 τοίνυν
511 1027 620 1110 τάνδρί
642 1027 688 1091 ὅτι
711 1028 750 1091 οὐ
772 1027 899 1111 μακρὸν
927 1032 967 1094 ἂν
994 1032 1039 1115 εἴη
1063 1028 1098 1094 τδ
1120 1031 1219 1114 μέσον
1243 1030 1308 1095 διά-
1321 1038 1354 1094 14

192 1152 294 1213 στημα
321 1128 376 1193 καλ
402 1131 601 1213 συμμέτοχσν
628 1129 724 1195 αὐτὸν
748 1137 804 1195 τοῦ
827 1132 964 1215 κράτους
986 1133 1167 1216 ποιήσομαι,
1199 1138 1256 1197 νῦν
1280 1129 1308 1197 δ’

192 1232 407 1316 ἀναβάλλομαι
428 1238 520 1298 τοῦτο
544 1233 595 1297 διά
613 1257 680 1297 τινα
695 1234 810 1297 αἴτια.”
855 1235 905 1299 ἐπί
919 1236 1039 1307 τούτοις
1054 1235 1201 1319 ἀπῆλθον
1215 1234 1354 1308 adculo

192 1335 223 1399 οἱ
243 1335 439 1419 πρεσβευταί,
462 1334 516 1399 καὶ
539 1335 558 1399 δ
580 1335 750 1420 Κομνηνδς
772 1337 909 1420 ἅσμενος
930 1336 985 1410 τὰς
1008 1338 1150 1422 ἀγγελίας
1173 1339 1308 1414 ἐδέξατο,

191 1437 245 1501 καλ
259 1443 324 1509 τοῖς
338 1438 442 1509 ἄλλοις
457 1438 517 1502 οὐκ
534 1438 699 1521 ἀποθύμα
714 1438 751 1503 τὰ
774 1440 943 1523 μηνύματα
967 1441 1081 1515 ἔδοξαν
1103 1441 1157 1505 καί
1178 1441 1308 1526 μᾶλλον,

149 1549 183 1604 10
192 1540 237 1605 ὅτι
263 1548 448 1626 μεταστῆναι
473 1546 538 1606 τῶν
561 1542 747 1625 διοικήσεων
771 1542 824 1606 τὸν
847 1544 1111 1627 ἀγκεχειρισμένον
1134 1542 1230 1615 αὐτὰς
1251 1550 1308 1628 με·

190 1644 389 1728 μαθήκεσαν,
413 1644 467 1709 καὶ
489 1645 551 1729 ἤδη
574 1646 757 1709 καταθεῖναι
779 1644 816 1709 τὰ
840 1646 921 1709 ὅπλα
945 1646 1053 1720 ἔδοξεν
1075 1648 1172 1711 ἅπασι
1186 1645 1240 1711 καὶ
1254 1652 1309 1731 τῆς

190 1748 373 1829 τυραννίδος
400 1749 581 1831 ἀφέξεσθαι
626 1748 645 1812 δ
667 1749 843 1832 πρεσβύτης
867 1749 902 1813 δὲ
923 1747 1067 1833 βασιλεὺς
1089 1748 1153 1833 πρὸ
1175 1754 1231 1814 τοῦ
1254 1748 1309 1821 τὰς
1320 1758 1353 1815 16

192 1851 361 1934 συμβάσεις
383 1851 471 1933 αύτῷ
492 1850 574 1932 πρὸς
596 1849 650 1915 τὸν
672 1850 845 1935 Κσμνηνδν
868 1853 1022 1936 γενέσθαι,
1054 1850 1110 1935 τὴν
1138 1858 1193 1936 τῆς
1220 1853 1342 1917 πολι-Β

30 1956 59 2011 D
75 1955 117 2013 IV
131 1957 277 2037 19οτικῆς
298 1953 413 2036 μοίρας
436 1955 560 2017 εὔνοιαν
580 1954 842 2037 περιποιούμενος
864 1956 977 2037 ἑαυτῷ,
1007 1954 1115 2037 ὥσπερ
1138 1956 1230 2038 ᾤετο,
1257 1956 1307 2038 ἔγ-

147 2062 181 2119 15
191 2055 315 2139 γραφόν
330 2080 356 2119 τι
372 2058 610 2140 συγγεγραφώς,
634 2057 742 2139 ὅρκοις
757 2059 976 2140 καταδεσμοῦν
991 2056 1046 2122 καὶ
1064 2058 1155 2142 ἀραῖς
1177 2058 1309 2123 ἕκαστον

190 2159 271 2224 ὥστε
301 2160 380 2243 μήτε
410 2160 539 2244 βασιλέα
570 2160 698 2225 καλέσαι
724 2158 779 2224 τδν
802 2159 974 2244 Κομνηνὸν
1000 2161 1079 2245 μήτε
1107 2160 1199 2245 τιμὴν
1221 2162 1309 2245 αὐτῷ

188 2262 366 2346 προσοίσειν
380 2262 544 2347 βασίλειον,
567 2263 640 2336 τοὺς
657 2263 716 2347 μὲν
738 2268 803 2328 τῶν
826 2263 1041 2347 συγκλητικῶν
1063 2264 1213 2349 χρήμασι,
1235 2263 1309 2337 τοὺς

190 2362 218 2430 δ’
246 2365 439 2452 ἀξιωμάτων
468 2366 641 2451 διανομαῖς,
673 2366 728 2433 καλ
759 2367 873 2441 ἄλλους
900 2366 1003 2440 ἄλλοις
1030 2366 1226 2453 θελκτηρίσις
1253 2367 1307 2433 ἀν-

189 2587 224 2642 12
246 2589 289 2643 ola
308 2589 367 2657 (ὅσα
386 2589 421 2653 Ε)
439 2588 580 2659 ἐγγράφως
603 2589 763 2660 (ἐγγράφως
783 2589 817 2656 C)
841 2589 901 2652 τούς
924 2589 1117 2662 συγκλητικοὺς
1138 2590 1271 2662 ἀπῄτησεν
1293 2591 1310 2644 δ

187 2659 309 2730 βασιλεὺς
327 2661 439 2731 Μιχαήλ
459 2663 527 2725 (om.
547 2661 582 2727 E)
602 2660 650 2717 ΟΕ

240 2873 258 2927 2
275 2873 508 2942 ᾔτησεν-ἀκτῖνος
527 2888 584 2927 om.
603 2873 628 2927 Ε
744 2873 761 2927 3
783 2876 850 2942 post
869 2871 945 2941 κάγὼ
964 2871 1034 2926 add.
1054 2871 1088 2926 δι’
1107 2873 1184 2940 ἀμῶν
1204 2871 1307 2955 DEwp

240 2945 258 2998 4
276 2945 431 3012 ἀνατίθεμαι
442 2945 519 3013 ὑμῶν
528 2945 580 2998 Ew
673 2943 690 2999 5
709 2944 799 3011 τάνδρί
810 2941 871 3010 AR,
891 2944 966 3012 ἀνδρί
976 2942 1008 3010 B,
1028 2949 1066 2997 τῶ
1078 2943 1155 3012 ἀνδρί
1167 2943 1307 3013 E(wth)

240 3016 382 3086 ὃποιὴσαι
401 3015 429 3068 D
501 3023 549 3070 νῦν
595 3015 749 3083 Rlvolat,
769 3015 817 3070 οὖν
836 3015 900 3085 w*p
974 3015 1078 3069 λαῖτια
1098 3030 1154 3068 om.
1168 3014 1204 3080 D,
1223 3015 1308 3069 αι’τίσν

241 3088 265 3141 E
336 3087 454 3155 ἀπῆλθεν
473 3086 501 3140 D
573 3087 684 3150 9ἔδσξε
697 3087 724 3140 D
798 3087 833 3141 10
849 3087 1023 3156 μεμαθήκασι
1042 3083 1091 3141 BC
1164 3086 1197 3138 ll
1217 3085 1307 3149 ἔδοξεν

241 3156 367 3229 prDt',
388 3159 482 3221 ἔδοξαν
501 3156 528 3211 Α
601 3163 669 3228 post
687 3160 782 3212 ἅπασιν
800 3158 870 3211 add.
890 3158 928 3217 ὡς
947 3157 1019 3226 mvp
1093 3157 1127 3210 13
1146 3157 1193 3226 τὴν
1212 3157 1307 3211 omli

242 3231 275 3285 16
286 3229 324 3300 μὴ
338 3229 368 3284 δὲ
381 3251 403 3284 τ.
414 3229 519 3300 E(wp),
530 3230 597 3300 μήτε
607 3229 663 3300 μὴν
675 3229 731 3284 τ.Β
806 3228 982 3298 17τιρσςοίσει
996 3227 1024 3281 D
1099 3229 1133 3282 18
1145 3229 1307 3297 διανομᾶςΕ

187 3444 265 3499 datis
278 3444 389 3499 auditis
403 3445 571 3500 delectatur
583 3449 614 3499 ot
624 3444 763 3500 omnibus
774 3445 853 3499 illius
863 3443 1022 3516 postulatis
1033 3444 1165 3514 acceptis
1177 3443 1306 3509 “Quom·
1319 3440 1353 3496 13

186 3516 350 3571 admodum
356 3516 373 3535 ’'
390 3517 488 3585 inquit
507 3517 578 3572 “illc
597 3533 652 3587 pcr
663 3531 719 3572 vos
733 3516 852 3572 occulta
866 3515 1015 3586 quaedam
1029 3515 1101 3570 mihi
1114 3515 1306 3586 significavit,

187 3589 230 3642 ita
248 3603 307 3657 ego
330 3602 453 3657 quoque
472 3587 513 3642 illi
532 3603 587 3658 per
605 3588 727 3644 cosdem
746 3604 803 3642 vos
823 3588 989 3643 occultiora
1005 3587 1162 3642 nuntiabo.
1198 3585 1307 3656 Itaqun
1317 3582 1352 3638 14

187 3660 286 3713 virum
311 3659 487 3713 confirmato
508 3659 704 3714 iureiurando
728 3661 810 3714 facto
830 3675 891 3714 non
910 3660 1036 3713 multum
1056 3659 1199 3729 temporis
1218 3659 1306 3713 intui·-

188 3746 352 3798 ccasurum,
372 3732 444 3800 quin
464 3731 546 3785 illum
564 3732 712 3800 collegam
724 3731 842 3801 imperii
854 3731 1015 3798 asciseann
1034 3741 1117 3784 nunc
1129 3746 1203 3785 vcro
1217 3730 1306 3784 certia

189 3802 227 3856 da
240 3803 339 3856 causis
349 3802 380 3855 id
394 3801 528 3856 differo.”
563 3802 646 3856 Haec
659 3818 714 3871 par
726 3801 844 3872 legatos
858 3803 999 3856 nuntiata
1012 3800 1184 3856 Comncnus
1197 3800 1306 3870 cupido
1318 3798 1352 3853 15

188 3873 316 3940 admisit,
336 3889 392 3927 noc
410 3872 462 3927 alii
482 3874 568 3928 inviti
587 3879 780 3943 acceperunt,
809 3873 986 3943 praesertim
1006 3871 1088 3941 quod
1107 3887 1210 3928 rarum
1229 3888 1306 3927 com·

187 3944 323 3998 munium
349 3947 539 4014 procuratori
568 3951 702 4015 potestas
730 3945 873 4014 adempta
902 3947 988 4010 essct,
1017 3944 1138 4012 iamque
1167 3944 1306 3999 omnibus

188 4015 342 4070 decretum
367 4022 433 4070 crat
457 4017 561 4085 positis
579 4017 671 4070 armis
689 4016 853 4085 tyrannidc
873 4015 1033 4070 abstinero.
1070 4014 1111 4068 At
1129 4029 1223 4069 senex
1242 4027 1305 4083 τοι,
1318 4014 1352 4070 16

187 4088 363 4156 priusquam
392 4103 460 4141 curn
490 4085 643 4141 Comneno
671 4103 721 4142 res
748 4088 940 4156 transigeret,
968 4091 1143 4156 togatorum
1171 4101 1247 4155 erga
1274 4101 1307 4142 ac

187 4159 426 4225 benevolentiae,
446 4162 480 4211 ut
490 4159 625 4226 putabat,
645 4157 871 4213 confirmandae
885 4173 979 4214 causa
991 4157 1136 4227 scriptum
1153 4156 1307 4226 quoddam

188 4232 369 4297 confecerat,
399 4244 459 4298 quo
482 4228 620 4298 singulos
643 4230 842 4285 iureiurando
867 4246 904 4285 uc
923 4229 997 4284 diris
1021 4229 1239 4298 obstringebat,
1267 4243 1307 4282 ne

187 4299 374 4357 Comncnum
392 4302 585 4356 nominarent
596 4317 700 4370 regom
713 4317 793 4356 neve
806 4303 924 4372 rcgiurn
938 4302 1083 4356 honorem
1097 4300 1125 4354 ci
1144 4299 1306 4367 deferrent,

187 4378 279 4442 atquo
292 4377 449 4427 senatores
458 4371 534 4426 alios
547 4373 686 4442 pecunia,
705 4372 781 4427 allos
795 4373 977 4444 dignitatum
991 4371 1212 4442 largitionibus,
1231 4369 1307 4426 alios

188 4444 253 4498 aliis
272 4443 421 4500 illecabris
440 4443 609 4515 impulerat,
629 4451 663 4498 ut
690 4444 913 4516 subscriptione
933 4459 989 4500 aua
1013 4458 1117 4498 carum
1139 4442 1307 4498 litterarum
