3050 4775
482 424 633 487 ROMANI
653 422 925 486 LIBERALITAS.
1211 426 1266 486 tie

143 612 224 697 βοῦν
255 611 414 684 ἀπελάσας
444 617 499 678 τοῦ
533 611 669 694 γείτονος
695 611 749 676 καλ
775 611 960 682 καταθύσας
986 610 1083 676 αὐτὸν
1107 611 1181 682 τοὺς
1206 611 1265 695 μέν

143 715 247 787 πόδας
269 715 389 800 ἄκρους
413 715 543 798 διένειμε
565 716 684 799 πένησι,
707 713 744 778 τὸ
767 719 861 798 σῶμα
885 710 914 778 θ’
939 714 1014 778 ὅλον
1029 712 1124 785 αὐτὸς
1138 714 1264 797 έθοινή-

145 841 229 881 σατο.
274 816 351 881 ἀλλὰ
374 823 469 880 ταῦτα
493 813 561 880 κατ’
585 817 793 900 ἀνθρωπίνην
814 816 928 899 κρίσιν·
953 817 982 880 εί
1002 817 1038 880 δέ
1054 839 1099 887 τις
1112 815 1195 899 πρὸς
1208 814 1291 898 τὴνθ
1310 822 1459 880 pineae

145 919 235 983 θείαν
250 920 457 1003 ἀποβλέψειεν
473 919 665 1004 ἀγαθύτητα,
681 919 757 983 οὐδὲ
772 914 855 982 ταῦτ’
872 920 912 982 ἂν
928 920 1004 990 ἴσως
1015 921 1095 984 είποι
1106 919 1264 1002 ἀουντελῆ.

117 1029 135 1085 5
239 1023 361 1086 Τούτου
390 1028 455 1086 τῶν
481 1023 652 1106 σκήπτρων
678 1028 870 1106 κρατοῦντος
896 1022 950 1086 καὶ
971 1021 1007 1086 τὸ
1030 1021 1291 1105 ἀχειρύτευκτονῖ

144 1124 317 1207 ε’·κτύπωμα
344 1131 400 1189 τοῦ
427 1132 572 1210 σωτῆρος
595 1123 734 1208 Χριστοῦ
761 1125 798 1189 τι)
825 1126 914 1188 θεῖον
940 1124 1169 1208 χειρόμακτρον
1192 1124 1263 1188 έκο-

143 1226 243 1310 μίοθη
271 1221 352 1311 πρὸς
382 1228 440 1312 τὴν
466 1229 719 1312 προκαθημένην
744 1233 810 1291 τῶν
839 1228 974 1291 πόλεων.
1020 1226 1082 1311 εἶχε
1112 1227 1172 1310 μὲν
1204 1226 1291 1310 γύρὸ

9 1337 36 1390 D
49 1336 89 1392 IV
100 1330 223 1399 etrier
250 1336 343 1394 τοῦτο
371 1330 537 1414 ἠἜὸεοα·
570 1331 590 1415 τ)
619 1331 653 1394 δὲ
682 1331 802 1394 ἁλῶναι
829 1330 916 1413 παρὰ
938 1329 1107 1413 Ῥωμαίιον
1136 1330 1264 1411 πολιορ·

144 1432 289 1496 κούντων
315 1431 413 1516 αὐτὴν
442 1433 650 1497 ἐκινθύνευεν·
684 1429 721 1496 ἵν’
746 1430 805 1497 ούν
826 1433 956 1516 φύγοιεν
979 1433 1010 1496 οἱ
1026 1431 1188 1516 Ἐδεσηνοί
1209 1432 1266 1515 τὴν

100 1544 136 1598 10
145 1533 350 1618 ἔκπόρθιγοιν,
374 1535 487 1619 λύτρον
505 1535 618 1621 ταύτης
632 1534 668 1599 τὸ
683 1536 774 1599 θεῖον
787 1537 947 1619 παρέσχον
962 1535 1145 1618 έκτύπωμα.
1190 1534 1291 1616 ‹imi-9

145 1659 217 1700 κετο
241 1635 276 1700 δὲ
290 1637 357 1700 τότε
372 1637 426 1701 καί
442 1639 477 1711 ἒξ
492 1639 656 1721 Ἀρμενίας
678 1638 894 1720 μειρακίσκων
916 1637 995 1708 θοὰς
1017 1641 1187 1719 ουμφυῶν,
1209 1642 1265 1700 τοῦ

145 1737 216 1808 ἑνὸς
240 1738 274 1802 δὲ
296 1739 451 1810 θανόντος
474 1741 596 1824 ἐτμήθη
620 1741 639 1823 ι)
664 1739 807 1823 συμφυΐα
830 1735 906 1822 παρ’
930 1741 1061 1822 ἰατρῶν·
1086 1735 1152 1802 ἀλλ’
1171 1739 1266 1802 ούιλὲν

145 1840 199 1904 τὸν
213 1842 394 1926 περίλοιπον
414 1843 529 1926 ὤνησε,
551 1841 667 1926 μικρὸν
684 1838 711 1906 θ’
729 1843 900 1924 ἐπιβιώσας
914 1849 961 1925 τῷ
976 1841 1107 1924 ἀδελφῷ
1121 1842 1266 1912 κάκεῖνος

146 1943 336 2016 ἐξέπνευσεν.

145 2137 304 2262 barbaroti
312 2139 398 2264 grim}
415 2139 562 2209 μανθηλίου
584 2140 730 2208 (μανθιλίου
750 2139 785 2208 Ε)
805 2138 858 2194 ΑΕ
930 2140 965 2193 10
981 2140 1042 2208 περί
1060 2146 1113 2193 τῶν
1131 2146 1266 2209 συμφυῶν

143 2229 242 2277 μειρακ
254 2230 293 2264 ων

200 2387 382 2445 θίθοινίσατο
401 2389 425 2444 Ο
535 2396 603 2461 post
620 2390 768 2445 ἓθοινίσατο
787 2390 856 2445 add.
875 2390 893 2461 ἢ
912 2391 937 2443 εί
953 2391 1065 2461 γυναῖκά
1084 2412 1122 2451 τις
1142 2396 1264 2461 (γυναῖκα

200 2463 236 2521 τίς
256 2460 294 2528 D)
316 2462 436 2531 ἁρπάσας
458 2470 504 2517 τοῦ
525 2464 637 2532 γείτονος
659 2470 765 2532 κατεῖχε
791 2463 887 2532 ταύτην
909 2462 955 2517 καί
977 2462 1045 2532 αὐτῇ
1067 2464 1263 2532 συνεφθειρετο,

199 2540 245 2587 τοῦ
263 2534 378 2603 νομίμου
395 2535 508 2603 γαυέτου
528 2534 623 2603 (γάμου
643 2533 681 2599 D)
699 2534 891 2603 ἀφροντιστῶν,
910 2534 941 2587 in
960 2533 991 2587 ei
1009 2542 1063 2588 τῶν
1080 2534 1183 2588 έκείνου
1200 2555 1266 2604 χρη-

199 2604 291 2673 μάτων
309 2606 423 2674 ὀιίνειμε
442 2606 554 2673 (διένεμε
573 2604 607 2675 C)
625 2606 745 2675 πένησιν·
774 2604 807 2659 ἵν’
826 2606 899 2674 αύτῷ
917 2606 982 2675 τάχα
1002 2604 1037 2659 δι’
1055 2606 1128 2659 έλέου
1149 2606 1263 2674 ἀφεθείη

199 2676 515 2818 ἰῆῖιίθίύῖἷέὀύοῃ
531 2676 564 2746 ⁰)
583 2676 795 2808 θλθμιῖθᾚ
809 2675 1264 2817 εει(λέ’ί>ίί)ρί’ί“ἷλρῖίίίί

200 2818 327 2888 ρωμανοῦ
345 2822 467 2889 γινόμενα
483 2822 551 2873 είποι
571 2822 677 2888 (εἴποιεν
696 2819 734 2885 D)
752 2820 785 2875 ἂν
804 2822 869 2879 ἴσως
888 2819 913 2874 0
985 2788 1264 2889 ὃάχέιροποίητονθ

200 2891 218 2943 6
236 2898 355 2961 σωτῆρος
375 2907 432 2945 om.
451 2890 535 2947 DWo
553 2891 601 2946 lat.
656 2892 768 2945 8τοῢτο
786 2893 850 2950 τέως
868 2889 896 2944 Ι)
951 2892 1044 2945 ἕδεσσα
1063 2889 1134 2944 DDi
1197 2896 1265 2961 pest

199 2963 270 3031 παρὰ
284 2962 353 3017 add.
366 2969 419 3017 τῶν
433 2961 506 3032 pr
579 2962 596 3017 9
614 2962 763 3016 ε’κινθύνευε
780 2967 832 3027 (-εν
847 2962 922 3032 w*p)
940 2963 1104 3032 κατεχομένη
1121 2961 1194 3030 παρὰ
1211 2968 1265 3014 τῶν

202 3034 269 3100 (om.
290 3032 349 3099 BC)
367 3034 508 3103 ἀγαρηνῶν
527 3033 600 3103 pr
714 3032 739 3087 9.
761 3035 795 3088 10
813 3034 921 3103 φύγοιεν
939 3033 1092 3102 (ἐκφύγοιεν
1109 3031 1149 3101 D)
1168 3033 1264 3087 ἐκεῖνοι

200 3105 245 3158 τὸν
268 3112 314 3175 τῆς
334 3104 525 3175 ἔκπορθησεως
543 3106 667 3159 κίνδυνον
685 3104 784 3172 λύτρον
799 3106 905 3173 (λύτρον
924 3103 957 3168 (λ)
975 3104 1005 3157 ro*
1022 3105 1115 3159 σεπτὸν
1132 3106 1265 3173 παρέσχον

200 3176 345 3245 έκτύπωμα
364 3176 388 3230 Ο
472 3176 490 3229 9
507 3177 641 3246 έόεσσηνοί
660 3174 703 3229 Di
721 3178 824 3233 invitis
844 3176 945 3246 Asswp
1028 3176 1060 3229 ll
1073 3176 1125 3229 καί
1144 3190 1200 3229 om.
1220 3176 1265 3230 w*

202 3247 349 3311 (“etiam”
371 3250 421 3305 Wo
440 3248 504 3315 lat.)
613 3248 654 3301 1¹.
675 3248 709 3301 12
726 3256 773 3302 τοῦ
791 3247 849 3307 iric
867 3247 897 3301 δὲ
914 3247 1024 3317 ΑΕιτρ,
1043 3246 1082 3300 ὧν
1100 3254 1146 3301 τσῦ
1164 3247 1222 3306 bric
1240 3246 1264 3300 Ο

201 3319 318 3444 Δηὲιγιαριί
328 3326 381 3445 εἴηγ
391 3320 570 3447 ἑφηηιῖννιΕιὲρ
631 3320 666 3373 13
676 3318 729 3389 τὸν)
741 3320 769 3373 τὸ
780 3319 855 3389 pr
916 3320 1003 3389 ὤνησε
1013 3316 1153 3388 stpDi,
1162 3319 1266 3389 ὤνησεν

258 3432 265 3457 ,
285 3407 313 3445 v.
333 3405 352 3444 a
500 3433 508 3459 ,

149 3580 288 3635 fleentiae
306 3584 409 3635 autem
429 3582 627 3652 perexiguam
647 3581 817 3650 portionem
836 3580 1004 3635 tribuebat:
1032 3579 1114 3649 qued
1139 3578 1265 3649 perinde

149 3658 202 3721 est,
231 3667 267 3707 ac
292 3654 325 3707 ei'
340 3654 408 3722 quis
432 3653 524 3707 vieini
548 3653 627 3707 bove
646 3652 799 3706 immolato
824 3658 976 3707 extremes
1022 3652 1095 3705 edes
1117 3652 1266 3721 targiatur

150 3726 336 3852 tauperibue
364 3730 521 3794 totumque
549 3739 660 3794 eorpus
685 3724 750 3793 ipse
776 3723 910 3778 devoret
947 3722 987 3776 At
1001 3667 1080 3777 {aec
1098 3722 1293 3777 seeundumb

170 3812 313 3852 umanum
333 3796 486 3863 iudicium,
516 3796 569 3850 sed
595 3798 619 3851 ei
649 3798 716 3865 qula
745 3795 880 3849 divinam
908 3795 1073 3849 bonitatem
1102 3796 1265 3859 intueatur,

150 3870 279 3924 fortasse
297 3884 336 3921 ne
356 3868 431 3922 haec
450 3867 572 3937 quidem
591 3868 710 3922 inutilia
728 3866 848 3921 dixerit

237 3940 374 3995 Romano
394 3955 493 3993 rerum
514 3939 655 4009 potiente,
674 3939 839 3993 servatoris
852 3936 959 3993 Christi
973 3937 1092 4006 effigies
1105 3935 1193 3989 nullis
1206 3936 1292 3991 mai

150 4014 239 4067 nibus
262 4012 343 4065 iacta
366 4028 402 4066 ae
426 4011 571 4065 divinitus
593 4012 623 4064 in
648 4010 740 4064 linteo
761 4024 906 4079 expressa
925 4011 954 4063 in
973 4008 1198 4077 imperatoriam
1217 4021 1266 4060 ur·

57 4081 64 4089 '
151 4084 217 4138 bem
238 4090 283 4137 eet
301 4083 456 4137 translata.
493 4082 566 4136 Eam
586 4088 649 4137 tum
669 4081 767 4135 Edesa
787 4081 944 4147 habuerat,
964 4093 1127 4147 quaecum
1141 4078 1293 4133 ebeeaeass

151 4170 169 4207 a
186 4154 328 4208 Romanis
347 4156 473 4221 timeret,
492 4169 532 4207 ne
551 4158 712 4223 caperetur
730 4156 760 4207 et
780 4152 940 4218 deleretur,
959 4151 1195 4205 incolumitatem
1209 4149 1266 4202 hae

151 4225 255 4279 divina
274 4226 377 4293 eiiigie
395 4226 435 4279 ab
455 4226 491 4279 iie
508 4224 642 4278 redemit.
679 4223 755 4279 Tum
771 4238 894 4293 quoque
906 4238 944 4276 ex
958 4221 1102 4276 Armenia
1114 4221 1293 4275 venerunt9

151 4296 211 4350 duo
236 4296 446 4351 adulescentes
469 4298 610 4363 concreti,
639 4310 769 4366 quorum
793 4296 888 4349 attere
913 4300 1041 4361 mortue,
1070 4307 1139 4346 eum
1158 4291 1265 4345 medici

151 4382 263 4422 nexum
291 4368 501 4431 resecuissent,
530 4367 606 4421 alter
630 4382 752 4437 quoque
778 4366 850 4420 nihil
873 4381 910 4420 ea
933 4381 968 4420 re
991 4365 1115 4419 adiutus
1137 4363 1266 4418 nee-diu

150 4440 237 4495 fratri
256 4444 410 4511 superstes
429 4440 511 4493 obiit.
