3050 4775
445 376 940 458 ,vrnmrrscnvnnnrrss
1232 378 1267 438 rr

142 573 192 649 τῷ
213 566 294 648 θεῷ,
318 566 371 630 καί
393 566 570 649 κλεισθήτω
592 565 652 650 μὲν
675 565 829 648 ἀσφαλῶς
844 565 862 628 6
878 564 964 647 ναός,
987 563 1077 636 ἐκτὸς
1093 563 1121 629 δ’
1139 567 1267 636 ἑστῶτες

143 671 176 732 οἱ
202 668 241 732 τὰ
263 669 386 751 Ἀρείου
414 674 605 752 φρονοῦντες
633 668 812 731 δείσθωσαν
843 673 898 732 τοῦ
931 668 1021 732 θεοῦ.
1067 667 1121 732 καὶ
1153 670 1181 732 εἰ
1209 667 1294 750 μὲν9

144 771 333 853 αὐτομάτως
355 772 463 842 αύτοῖς
485 771 621 854 ἀνοιχθῇ
644 771 664 834 6
685 770 771 851 ναός,
796 770 954 853 ἐχέτωσαν
976 769 1085 834 αὐτόν·
1116 771 1144 834 εἰ
1165 769 1199 834 δὲ
1221 768 1266 852 μή

144 873 267 957 ἅνοιχῇ,
300 874 496 956 ἐπιτρεπτέον
521 874 576 937 καὶ
597 874 672 957 ἡμῖν
695 873 848 956 δεηθῆναι
870 877 926 936 τοῦ
950 871 1040 936 θεοῦ.
1086 872 1140 936 καὶ
1162 874 1191 936 εί
1209 871 1268 954 μὲν
1278 879 1313 933 10

115 977 334 1058 ῦαίπομάτως
357 976 618 1040 ἀναπετασθῶσιν
640 977 673 1038 αἱ
694 975 798 1048 πύλαι,
822 975 984 1056 νομιστέον
1006 976 1042 1038 ἐκ
1065 975 1145 1039 θεοῦ
1168 979 1302 1057 προσ-Β

143 1078 354 1161 κληρωθῆναι
375 1079 452 1161 ἡμῖν
473 1078 509 1141 τὸ
531 1079 620 1142 θεῖον
641 1079 819 1159 τεμένισμα·
844 1076 924 1140 εἰδὲ
944 1077 1013 1140 οὐδ’
1033 1077 1163 1161 ἡμῖντὸ
1183 1076 1268 1161 ἱερὸν

143 1181 268 1263 ἀνοιγῇ,
299 1180 353 1244 καί
382 1181 485 1250 οὕτως
512 1180 651 1244 ἀνεῖσθαι
680 1179 757 1243 αύτδ
785 1185 848 1248 τοῖς
875 1179 1131 1260 ἀρειανίζουσιν.”
1175 1181 1268 1262 ήρεσε
1278 1185 1311 1240 11

142 1289 242 1347 ταῦτα
264 1290 311 1365 τῷ
333 1283 454 1367 βασιλεῖ
472 1282 525 1346 καί
547 1282 694 1363 γενέσθαι
709 1283 812 1352 οὕτως
828 1281 1003 1364 ἐπέτρεψεν.
1050 1281 1194 1365 ἐκλείσθη
1210 1279 1268 1345 οὖν

142 1387 304 1450 πάντοθεν
319 1386 338 1449 ὁ
353 1387 387 1449 ἕν
401 1384 521 1467 Νικαίᾳ
536 1386 620 1455 ναός.
665 1385 789 1449 ἐδέοντο
804 1386 836 1448 οί
850 1384 1073 1467 ύρειανίζοντες
1088 1385 1142 1448 καί
1157 1384 1313 1468 devie-12

100 1497 246 1572 1οσχουν
268 1485 319 1571 ἐφ’
344 1488 462 1569 ἱκανόν,
486 1488 505 1551 6
529 1487 564 1551 δὲ
585 1487 663 1558 ναδς
685 1489 745 1551 οὐκ
769 1489 918 1570 ήνέῳκτο.
965 1487 1026 1570 ὀψὲ
1050 1488 1086 1551 δέ
1106 1510 1182 1550 ποτε
1204 1490 1268 1550 τῶν
1278 1493 1313 1548 13

145 1592 314 1672 αἱρετικῶν
343 1591 562 1674 μεταστάντων
593 1592 624 1653 οῖ
651 1589 823 1672 ὀρθύδοξσι
850 1596 905 1654 τοῦ
934 1590 1073 1672 μεγάλου
1102 1589 1268 1652 Βασιλείσυ

144 1694 378 1776 προϊσταμένων
407 1694 513 1757 αὐτῶν
541 1700 596 1777 τῆς
625 1693 764 1775 δεήσεως
796 1695 945 1776 ἤρξαντο·
978 1693 1031 1756 καὶ
1063 1693 1174 1756 αὐτίκα
1204 1697 1269 1756 τῶν
1279 1697 1314 1752 14
1335 1697 1422 1754 WIII
1438 1697 1474 1752 27

145 1796 308 1879 κλείθρων
335 1795 568 1879 διαρραγέντων
594 1796 648 1859 καὶ
674 1801 739 1859 τῶν
766 1795 897 1878 μοχλῶν
925 1797 958 1859 αῖ
984 1795 1078 1858 πύλαι
1108 1795 1269 1877 διέστησαν

146 1894 203 1961 ἀπ’
227 1897 372 1982 ἀλλήλοιν
393 1899 447 1962 καὶ
469 1904 524 1982 τῆς
546 1898 671 1962 εἰσόδου
693 1904 757 1968 τοῖς
779 1903 895 1968 πιστοῖς
917 1895 1159 1982 παρεχώρησαν.

101 2009 137 2063 15
242 1998 345 2071 Οῦιος
371 2001 390 2065 6
419 1999 561 2084 βασιλεὺς
578 1999 702 2084 Ἕλλησι
728 2000 788 2083 μὲν
817 2000 922 2065 ἐδίδου
949 2001 1064 2070 θυσίας
1089 2005 1188 2063 ποιεῖν
1215 1999 1269 2062 καὶ
1280 2005 1357 2063 150

143 2103 309 2175 Ἰουδαίοις
344 2106 541 2185 προσέκειτο·
578 2110 643 2175 τοῖς
677 2103 705 2168 δ’
740 2103 930 2186 δρθοδόξσις
963 2101 1074 2185 μόνοις
1107 2102 1268 2165 ἀντέκειτσ.

145 2206 295 2270 Σκυθῶν
326 2206 361 2270 δὲ
391 2206 448 2289 τὴν
479 2205 642 2290 Θρακῴαν
673 2206 728 2271 καὶ
755 2204 983 2289 Μακεδονικήν
1014 2203 1269 2287 κατατρεχόντων
1280 2213 1313 2267 16

145 2311 260 2393 χώραν
287 2309 368 2394 ἐξήει
394 2309 514 2380 τούτοις
541 2309 786 2393 ἀντιταξόμενος.
832 2308 883 2372 ὅτε
909 2306 963 2371 καὶ
990 2308 1008 2371 6
1034 2309 1134 2391 μέγας
1165 2305 1269 2391 πατὴρ
1279 2314 1313 2371 17

145 2505 183 2559 17
199 2504 262 2573 περὶ
280 2512 326 2574 τῆς
343 2512 390 2558 τοῦ
408 2504 482 2559 ύσίσυ
497 2505 632 2559 Ἰσαιιιτίου
650 2505 825 2573 προρρήσεως
844 2500 912 2558 κατὰ
933 2502 1079 2562 Οὐάλεντος
1098 2498 1133 2569 Α,
1151 2501 1269 2571 περὶτῆς

146 2576 278 2702 {wig}
286 2584 332 2630 τοῦ
348 2576 507 2636 Οὐάλεντος·
527 2576 572 2630 κατ’
591 2583 637 2645 τῆς
654 2576 714 2644 περὶ
733 2576 828 2644 ταύτης
839 2575 1015 2645 προρρήσεως
1027 2581 1074 2628 τσῦ
1093 2574 1166 2628 ὁσίου
1181 2574 1269 2627 'Icau-

204 2825 219 2877 1
239 2826 264 2879 6¹
285 2841 342 2880 om.
361 2842 389 2880 w
411 2867 419 2893 ,
438 2842 500 2881 non
519 2824 574 2880 AR
662 2823 731 2894 ist]
750 2827 779 2879 οἱ
796 2824 824 2879 D
919 2824 936 2879 3
956 2824 1111 2893 αὐτομάτως
1132 2839 1208 2878 corr.
1228 2837 1268 2877 ex

202 2896 375 2964 αύτοκράτως
493 2898 581 2957 αύτσῖς
598 2896 715 2967 ἀνοιχθῇ
732 2926 766 2936 -
784 2896 804 2950 4
821 2896 867 2951 κατ’
879 2896 904 2949 τί
914 2895 963 2963 μὲν
982 2911 1040 2950 om.
1059 2894 1083 2949 Ε
1155 2894 1172 2949 b
1188 2894 1267 2948 πύλαι

202 2968 266 3036 AR,
284 2968 367 3037 θύραι
385 2968 462 3039 pr
554 2970 572 3024 8
588 2970 674 3029 οὕτως
692 2967 755 3037 AR,
774 2975 852 3022 ταῦτα
870 2966 946 3037 pr
1031 2966 1048 3021 9
1066 2968 1095 3019 οἱ
1111 2966 1269 3035 ιίρτιανίζσν-

203 3060 244 3099 τες
259 3040 265 3108 Ι
280 3038 316 3108 Α,
335 3040 540 3110 οίᾶριιανοὶτοῦ
549 3041 616 3095 θεοῦ
626 3040 700 3109 pr
762 3037 796 3092 12
813 3039 1015 3108 προηγουμένου
1025 3037 1100 3107 pr
1160 3036 1195 3091 14
1213 3036 1269 3105 τῆς]

202 3118 258 3238 hotv
275 3112 435 3183 typothetae
453 3112 537 3183 apud
555 3110 599 3167 Di
671 3110 706 3165 15
724 3109 877 3180 δβασιλεύς
895 3122 952 3165 om.
964 3109 991 3163 D
1065 3109 1100 3164 16
1118 3108 1270 3179 δρθύφρσσι

150 3385 206 3447 cst,
231 3394 331 3446 arax,
361 3378 418 3435 deo
441 3379 587 3435 iudicium
611 3379 702 3435 huius
725 3378 961 3435 controversiae.
998 3376 1166 3433 Claudatur
1185 3392 1273 3432 accu-

149 3456 218 3506 rate
235 3450 390 3521 templum.
427 3450 513 3506 Foris
534 3457 649 3507 stantes
667 3450 773 3505 Ariani
793 3453 956 3521 precentur
975 3449 1074 3506 deum.
1111 3449 1228 3513 Quibus
1247 3450 1299 3504 si9

150 3523 232 3577 ultro
250 3523 438 3593 patefactum
457 3524 515 3577 erit
532 3527 592 3577 tem
614 3522 685 3589 ium,
703 3521 851 3591 habent03
880 3523 927 3576 sin
948 3522 1056 3589 miuus,
1085 3520 1273 3575 concedatur

151 3602 182 3649 et
199 3594 290 3649 nobis
308 3595 427 3664 precari
447 3593 546 3649 deum.
608 3593 698 3648 uodsi
715 3593 796 3647 uitro
816 3598 941 3663 apertae
960 3598 1049 3648 erunt
1071 3597 1187 3663 portae,
1215 3595 1273 3646 sta·
1283 3591 1317 3645 10

150 3665 300 3720 tuendum
324 3666 382 3719 erit
405 3681 424 3719 a
447 3665 505 3720 dee
530 3665 619 3720 nobis
640 3664 819 3719 attributam
837 3679 904 3719 esse
922 3668 1058 3719 sanctam
1078 3662 1198 3731 aedem3
1226 3663 1273 3716 sin

152 3742 255 3791 antem
274 3752 315 3791 ua
332 3736 421 3791 nobis
440 3736 561 3806 quidem
580 3736 724 3806 templum
748 3736 935 3806 patefactum
961 3735 1025 3803 erit,
1051 3735 1094 3789 sic
1118 3734 1209 3788 etiam
1233 3732 1272 3787 ad

151 3807 284 3863 Arianos
303 3807 481 3878 pertineto.”
515 3807 640 3862 Placent
665 3822 703 3861 ea
731 3808 799 3877 regi
828 3810 857 3862 et
884 3812 919 3860 ut
946 3808 989 3860 ita
1016 3806 1125 3861 flerent
1153 3819 1273 3860 conces·
1284 3805 1317 3860 11

152 3882 199 3935 sit.
239 3879 342 3934 Aedes
364 3878 539 3934 Nicaeensis
565 3878 703 3947 undique
730 3878 891 3932 clauditur.
936 3876 1145 3932 Precabautur
1166 3874 1273 3930 Ariani
1284 3876 1318 3930 12

153 3952 259 4006 deum:
287 3965 356 4005 cunr
380 3951 454 4005 satis
477 3950 531 4004 diu
553 3952 662 4020 nugati
686 3954 795 4019 essent,
825 3948 917 4004 aedes
940 3964 1004 4003 non
1025 3953 1091 4003 erat
1109 3948 1272 4018 patefacta.

153 4020 229 4078 Sere
252 4021 375 4076 tandem
401 4021 545 4091 digressis
568 4021 730 4077 haereticis
755 4026 786 4077 et
811 4020 997 4088 orthodoxis,
1025 4034 1137 4089 magno
1161 4017 1272 4073 Basilio
1285 4020 1318 4073 13

153 4094 242 4162 duce,
270 4107 377 4163 preces
400 4093 573 4163 auspicatis,
600 4094 701 4148 statim
725 4093 864 4147 claustris
890 4092 1043 4148 convulsis
1069 4097 1099 4147 et
1118 4089 1273 4161 repaguiis
1284 4089 1318 4144 14

154 4170 262 4236 portae
280 4178 314 4221 se
332 4170 519 4235 aperuerunt
538 4170 568 4220 et
586 4164 727 4219 fidelibus
745 4164 861 4218 aditum
881 4163 1098 4235 praebuerunt.

241 4236 273 4292 Is
299 4252 355 4293 rex
405 4238 513 4308 aganis
544 4236 736 4291 sacrificandi
763 4239 943 4307 potestatem
974 4234 1068 4288 dabat
1097 4238 1127 4287 et
1151 4231 1273 4287 Iudaeis
1284 4232 1318 4287 15

154 4310 305 4365 audebat.
342 4253 420 4364 δολδε
444 4308 620 4363 orthodoxis
648 4308 879 4362 adversabatur.
917 4305 991 4362 Cum
1017 4309 1119 4359 antem
1143 4302 1275 4373 Scythae
1285 4304 1319 4358 16

154 4383 329 4453 provincias
348 4379 509 4436 Thraciam
526 4385 557 4437 et
575 4379 785 4436 Macedoniarn
807 4379 1007 4446 incursarent,
1034 4390 1165 4447 magnus
1187 4379 1275 4446 pater
1285 4375 1318 4432 17
