3050 4775
298 441 486 512 Qvnarvtt
505 441 645 506 Leonis
664 442 889 504 coniventi.
928 442 1110 505 isernias.
1211 446 1265 506 417

146 627 182 692 τό
208 629 421 712 Ταυρομένιον
448 629 643 714 ἐξεπόρθησε
670 630 724 696 καὶ
750 630 807 714 τὴν
837 638 935 714 νῆσον
965 633 1096 716 κατέσχε
1124 631 1265 716 Λῆμνον,

147 732 200 796 καί
221 731 320 815 πολλὴ
344 738 409 796 τῶν
432 732 618 814 ἀνθρώπων
641 733 674 796 ἓν
697 733 803 804 αὐτοῖς
825 736 939 818 συνέβη
963 734 1086 818 φθορά.

235 834 391 918 Προάάου
419 835 454 899 δὲ
482 835 561 899 κατὰ
590 835 646 918 τὴν
676 836 888 920 πεντηκοστὴν
920 839 1089 922 γενομένης
1119 843 1175 901 τοῦ
1206 839 1265 921 βα-
1278 843 1311 897 13

148 938 321 1008 σιλεύοντος
348 939 392 1008 είς
418 937 473 1002 τὸν
500 944 556 1002 τοῦ
585 938 675 1021 ἁγίου
699 937 839 1002 Μωκίου
867 939 946 1003 ναὸν
972 939 1051 1003 κατὰ
1078 940 1114 1004 τὸ
1143 941 1221 1011 ἔθος
1247 941 1267 1004 6

121 1039 290 1124 ὁβαοιλεὺς
317 1038 410 1112 οὗτος
438 1041 606 1124 ἐποιήσατο
632 1041 689 1124 τῆν
720 1042 914 1124 προέλευσιν·
946 1043 1003 1106 καί
1031 1067 1075 1114 τις
1106 1044 1168 1126 ἤθη
1201 1049 1267 1112 ταῖς
1279 1048 1312 1102 14

147 1145 277 1226 κιγκλίσι
296 1149 351 1206 τοῦ
367 1144 590 1227 θυσιαστηρίου
605 1149 661 1207 τοῦ
677 1144 912 1228 αὐτοκράτορος
926 1145 1151 1229 πλησιάζοντος
1165 1145 1265 1229 troo-

146 1269 246 1330 μησεν
275 1247 310 1310 tx
337 1252 392 1310 τοῦ
420 1247 571 1329 ἄμβωνας
593 1246 733 1330 βάκτρον
754 1246 833 1328 μετὰ
856 1254 963 1330 χεῖρας
985 1249 1069 1331 ἔχων
1090 1247 1267 1330 βαρύτατον

147 1349 201 1412 καὶ
229 1347 308 1414 κατὰ
336 1356 390 1433 τῆς
417 1350 578 1432 βασιλικῆς
609 1349 779 1431 ἐπήνεγκεν
810 1349 888 1412 αὐτὸ
919 1350 1075 1434 κεφαλῆς·
1108 1350 1162 1413 καί
1175 1409 1179 1416 ,
1192 1374 1265 1413 ουν-
1277 1357 1311 1410 15

148 1453 271 1534 ίτριηιεν
292 1453 332 1515 ἂν
359 1453 466 1534 αὐτήν,
498 1452 527 1514 εί
545 1450 591 1535 μὴ
614 1458 652 1535 τῇ
674 1453 849 1536 ῆιυρημένη
872 1454 981 1536 λυχνίᾳ
1002 1453 1209 1535 προσαράξαν
1230 1453 1266 1516 τὸ

104 1555 286 1636 1οβάκτρον
308 1555 454 1638 ἀφῄρητο
476 1555 571 1638 ταύτῃ
594 1561 648 1638 τῆς
663 1560 850 1638 καταφορᾶς
864 1554 921 1637 τῆν
935 1554 1144 1637 σφοδρότητα.
1187 1556 1268 1626 τέως
1278 1564 1311 1617 16
1330 1563 1358 1616 1)

149 1653 176 1719 6’
203 1655 260 1720 οὗν
288 1657 365 1738 αίμα
393 1663 447 1740 τῆς
472 1663 528 1720 τοῦ
557 1657 710 1740 βασιλέως
742 1657 884 1741 κεφαλῆς
915 1658 1091 1739 καταρρέον
1122 1657 1267 1740 θόρυβον

147 1765 210 1828 τοῖς
232 1759 383 1842 ἄρχουσιν
405 1760 594 1842 ἐνεποίησεν·
628 1759 673 1822 ὅτι
697 1756 725 1822 6'
750 1760 790 1822 οὐ
810 1766 917 1843 παρῆν
939 1761 1006 1824 ἐκεῖ
1020 1760 1225 1842 Ἀλέξανδρος
1247 1759 1310 1824 617

146 1866 202 1924 τοῦ
225 1861 379 1944 βασιλέως
405 1862 610 1944 αὕτάὸελφος,
643 1862 801 1945 ὑπόληψις
828 1862 916 1946 παρά
942 1868 1006 1932 τοῖς
1033 1862 1168 1926 πλείοσιν
1196 1863 1266 1925 ἐπε·

147 1965 282 2046 κράτησε
313 1971 367 2048 τῆς
399 1964 565 2047 ἐπιβουλῆς
593 1963 688 2028 αὐτὸν
716 1964 760 2047 μὴ
789 1963 865 2028 εἶναι
891 1965 1077 2047 άμέθεκτσν.
1123 1965 1142 2027 6
1169 1963 1204 2028 δέ
1231 1964 1312 2028 utre

102 2065 291 2149 Ῑῧτόλμημα
319 2067 453 2150 ποιῆοας
480 2067 630 2150 βασάνοις
661 2067 854 2150 ὑποβληθείς
885 2067 939 2131 καλ
969 2068 1092 2150 μηθένα
1123 2067 1267 2151 μηνύσας

146 2169 311 2249 συνίστορα
343 2175 449 2251 χεῖρας
480 2169 648 2252 ἀπετμήθη
666 2155 734 2233 Ικαὶ
764 2170 868 2240 πάθας
898 2169 953 2233 καί
983 2170 1071 2239 τέλος
1098 2169 1266 2252 παρεδόθη
1278 2179 1423 2235 11111114

146 2272 229 2354 πυρί.
275 2271 294 2333 6
323 2272 358 2334 δὲ
383 2271 526 2354 μοναχός
549 2270 688 2354 Μάρκος
715 2271 792 2334 ὁτὸ
819 2271 1009 2355 τετραῴάιον
1039 2278 1095 2335 τοῦ
1126 2272 1311 2354 μεγάλου19

146 2373 307 2457 σαββάτου
334 2374 566 2458 ἀναπληρώσας
595 2375 657 2458 ἔφη
685 2374 801 2459 παρὼν
822 2375 905 2458 πρὸς
926 2374 1129 2459 τὸνβασιλέα
1152 2375 1266 2439 “τοῦτο

146 2582 220 2637 3ὄτι
239 2582 267 2637 ἒν
285 2590 318 2653 ¹17
333 2584 371 2643 είς
388 2582 432 2638 τὸν
449 2584 525 2653 ἅγιον
543 2584 659 2638 Μώκισν
678 2582 831 2651 προελεύσει
855 2583 954 2654 ίπλῆγη
973 2585 990 2638 6
1006 2582 1130 2653 βασιλεὺς
1152 2582 1200 2653 τὴν
1222 2604 1265 2637 κε·

146 2654 233 2795 mv
252 2657 367 2781 (ποιέφ.
385 2656 402 2708 6
418 2656 479 2726 βασ.
499 2656 534 2723 Ε)
553 2653 601 2710 CI]
699 2655 731 2709 17
750 2656 810 2724 περί
828 2663 873 2724 τῆς
890 2656 1065 2725 προρρήσεως
1083 2663 1129 2709 τοῦ
1146 2662 1266 2725 μοναχοῦ

214 2746 265 2780 κου

203 2906 215 2958 1
237 2905 337 2976 λήμνον
355 2906 421 2971 (sic)
441 2904 468 2961 A
539 2906 556 2960 2
572 2896 641 2959 πολὺ
660 2904 696 2973 Ι),
716 2921 793 2961 corr.
807 2904 859 2965 Dn
932 2906 1026 2976 φόσρᾶ
1044 2905 1106 2973 ED,
1125 2921 1201 2961 corr.
1215 2905 1267 2965 Dw

202 2977 219 3031 3
238 2978 377 3047 γενομένης
396 2980 480 3047 Απρ,
499 2980 636 3047 γινομένης
655 2976 786 3044 RDth',
804 2978 941 3047 γινομένου
955 2978 1075 3048 punctis
1088 2984 1226 3032 notatum
1239 2977 1266 3031 D

201 3048 219 3101 4
237 3056 306 3119 post
324 3050 385 3110 ἔθος
404 3049 473 3103 add.
493 3050 538 3103 καί
557 3050 631 3118 pr
702 3049 728 3103 4.
747 3050 765 3103 5
783 3049 859 3108 οὗτος
876 3050 894 3101 6
903 3049 1002 3120 βοαί)
1074 3049 1091 3102 6
1109 3051 1224 3119 κιγκνίοι
1239 3048 1266 3102 Ι)

202 3119 218 3173 ’1
236 3120 301 3188 μετὰ
321 3120 465 3190 AEwpDi
484 3120 524 3187 (v.
535 3121 576 3173 B·
584 3122 620 3175 W
631 3118 709 3174 Hier.
721 3120 872 3191 Ueteres.
883 3122 1085 3175 Fert-temone
1103 3119 1185 3190 Lips.
1197 3120 1267 3174 1894

203 3208 230 3261 p.
248 3192 284 3259 b),
304 3192 345 3246 ε’πὶ
365 3191 389 3246 0
488 3194 505 3246 9
522 3192 708 3261 προςαρριίξαν
729 3192 808 3262 Ewp,
829 3208 856 3245 v.
876 3192 916 3246 ad
935 3191 1007 3245 XIII
1027 3193 1051 3259 7,
1071 3193 1088 3245 8
1185 3192 1267 3246 10τὸ

202 3264 382 3333 σφοδρότατον
401 3264 473 3333 Ewp
576 3264 609 3317 10
626 3262 700 3331 τέως]
720 3263 748 3315 τὸ
768 3264 792 3317 Ο
892 3263 927 3316 12
945 3261 1015 3317 όὲΟ
1112 3264 1146 3317 13
1163 3264 1223 3331 περί
1243 3263 1267 3317 E

203 3337 237 3388 18
254 3335 363 3406 βασιλέα
381 3344 468 3389 τοῦτο·
489 3334 525 3405 ρ*

147 3546 255 3586 norum
275 3530 379 3586 elassis
397 3529 635 3584 Tauromenium
657 3529 791 3583 vastavit
808 3532 839 3583 et
856 3526 1004 3583 Lemnum
1032 3527 1161 3583 insulam
1180 3542 1267 3584 σοαπ·

149 3606 240 3673 pavit,
260 3604 372 3673 quibus
390 3602 464 3656 locis
482 3600 565 3655 multi
586 3602 721 3655 homines
741 3602 906 3669 perierunt.

236 3675 301 3729 Rex
326 3681 427 3729 autern
447 3688 515 3728 oum
535 3674 565 3726 in
584 3678 760 3743 pentecoste
778 3673 809 3725 in
828 3670 857 3727 S.
877 3671 965 3725 Mooii
990 3672 1098 3726 aedem
1125 3673 1164 3725 de
1183 3686 1267 3727 more
1278 3673 1311 3727 13

149 3747 348 3817 supplicatum
369 3747 426 3800 iret
445 3746 566 3814 iamque
594 3745 718 3799 sacrarii
742 3743 883 3798 cancellis
906 3744 1175 3813 appropinquaret,
1203 3745 1266 3813 qui·
1278 3746 1312 3798 14

149 3820 217 3872 darn
244 3834 282 3872 ex
309 3818 439 3871 ambone
464 3816 607 3886 prodiens
636 3816 779 3869 baculum
807 3815 1029 3885 gravissimum,
1056 3830 1147 3883 quern
1175 3815 1267 3869 mani·

149 3890 205 3944 bus
222 3890 372 3959 gestabat,
397 3890 479 3957 regis
499 3888 590 3958 capiti
609 3888 747 3957 impegit3
776 3886 859 3955 quod
877 3886 968 3955 piane
987 3887 1181 3953 contudisset,
1208 3887 1266 3939 nisi
1279 3888 1311 3942 lb

149 3962 236 4015 iustis
249 3961 432 4029 dependenti
445 3960 555 4028 lychno
569 3959 663 4013 illisus
677 3960 839 4012 maximam
853 3958 913 4011 vim
927 3958 1083 4012 anrisisset.
1121 3956 1266 4011 Prooeres
1277 3960 1312 4014 16

148 4048 216 4087 omn
237 4033 417 4101 sanguinein
437 4046 454 4085 e
474 4032 573 4101 capite
591 4031 673 4099 regis
691 4036 864 4083 manantem
883 4029 1031 4093 viderent,
1050 4028 1164 4083 turbati
1183 4033 1267 4097 sunt;

148 4111 177 4159 et
207 4104 279 4173 quia
298 4104 392 4157 trater
411 4103 476 4157 eius
494 4102 670 4156 Alexander
697 4101 757 4155 illio
779 4117 840 4155 non
859 4100 974 4167 aderat,
1002 4099 1087 4169 apud
1106 4100 1267 4167 pterosque
1278 4102 1311 4156 17

147 4176 279 4245 suspicio
298 4174 427 4228 invaluit
445 4190 515 4229 eum
533 4172 712 4227 insidiarum
739 4173 834 4226 tbisae
853 4187 915 4226 non
933 4176 1098 4240 expertein.
1135 4170 1195 4225 Sed
1214 4172 1311 4239 quilii

147 4249 178 4301 id
197 4248 315 4301 taeinus
333 4260 426 4300 ausus
442 4252 515 4312 erat,
535 4244 765 4314 quaestionibus
778 4244 931 4298 adhibitae
943 4241 1026 4297 nullo
1040 4244 1160 4297 conscio
1174 4242 1266 4296 nomi·

148 4324 229 4383 nato,
255 4317 385 4387 pedibus
413 4322 442 4371 rt
471 4318 610 4371 inanibus
638 4316 811 4386 amputatis,
838 4317 869 4370 in
898 4316 1001 4385 ignem
1029 4318 1075 4368 est
1102 4314 1266 4367 coniectus.

147 4389 187 4443 Ar
205 4388 324 4442 Marcus
353 4388 527 4453 monachus,
556 4388 606 4457 qui
636 4386 818 4441 tetraodinnr
842 4387 947 4456 magni
965 4386 1085 4441 sabbati
1104 4385 1265 4454 supplevit,
1278 4387 1311 4441 19

147 4466 210 4517 turn
230 4474 375 4533 praesens
393 4459 480 4515 “Rex
489 4460 505 4479 ”
523 4461 621 4530 inquit
638 4459 743 4513 “istud
763 4475 782 4512 a
801 4458 921 4513 Doride
946 4458 1134 4529 praedictum
1157 4462 1202 4510 est
1221 4457 1267 4511 bis
