3050 4775
246 411 299 468 538
527 410 663 470 ΖΟΝΑΒ.
684 411 782 468 ΕΡΙΤ.
801 411 886 468 XVII
905 412 930 482 4,
951 411 1046 482 14-5,
1065 412 1091 470 9.

244 601 299 677 τῆς
322 603 368 678 τῷ
391 595 545 678 Βασιλείῳ
570 595 690 680 δηλαδὴ
714 595 768 660 καλ
790 603 837 678 τῷ
862 595 1089 678 Κωνσταντίνῳ
1113 600 1178 666 τοῖς
1205 594 1283 659 υίέσι
1308 601 1365 659 τοῦ

241 695 419 780 Ῥωμανοῦ,
442 699 628 781 βασιλεύσας
650 701 686 772 ἒξ
708 697 790 782 πρὸς
811 697 847 763 τὸ
870 700 965 782 ἥμισυ
989 698 1156 769 ἐνιαυτούς.

148 803 236 859 11116
326 799 371 866 Ὃ
393 802 431 872 δέ,
450 826 485 884 γε
506 808 624 884 μικροῦ
648 802 792 866 διέλαθεν
814 802 864 882 όν,
896 802 969 884 ήκω
993 801 1229 885 διηγησόμενος.
1275 801 1365 872 ὅπως

244 903 303 985 μὲν
330 902 387 967 οὖν
410 904 429 968 δ
451 905 691 989 κουροπαλότης
713 905 809 969 Λέων
831 905 851 968 ό
878 904 997 976 Φωκᾶς
1023 904 1078 969 καί
1104 904 1123 969 δ
1150 904 1270 969 ἐκείνου
1297 903 1365 974 υίδς
1412 915 1415 920 ’

246 1004 265 1067 ό
287 1003 477 1089 Νικηφόρος
503 1007 743 1088 κατακριθέντες
770 1007 966 1090 έκτόῳλωστν
989 1007 1050 1071 σι’τκ
1072 1007 1287 1090 ἐστερήθησαν
1309 1011 1402 1070 τοῦΙ)
1418 1011 1459 1066 1v
1474 1014 1522 1068 101

246 1108 362 1189 φωτός,
394 1108 500 1191 λάθρᾳ
528 1115 620 1173 τοῦτο
646 1116 701 1173 τοῦ
724 1110 878 1192 βασιλέως
900 1111 971 1193 περὶ
993 1111 1100 1174 αὐτῶν
1122 1110 1363 1193 ἐπισκήψαντος,

203 1216 235 1270 11
246 1211 307 1295 ἤδη
340 1211 504 1296 ἱστόρηται.
551 1215 673 1296 ἔχοντες
701 1209 730 1276 δ’
760 1215 802 1276 ἔτι
832 1211 869 1275 τό
902 1213 1024 1277 ἑαυτῶν
1054 1212 1204 1295 όλώβητα
1236 1213 1363 1295 ὄμματα

246 1314 306 1378 οὐκ
330 1315 464 1396 ἠγάπων
487 1315 672 1398 σωζόμενοι,
697 1314 775 1379 ἀλλὰ
797 1321 835 1399 τῇ
856 1315 996 1398 βασιλείᾳ
1018 1313 1071 1378 καὶ
1090 1313 1183 1378 πόλιν
1197 1314 1364 1378 ἐπιθέσθαι

247 1416 439 1500 διεμελέτων,
468 1416 604 1488 πολλοὺς
626 1422 691 1482 τῶν
711 1418 783 1498 περὶ
805 1418 861 1501 τὴν
882 1416 973 1480 πόλιν
994 1416 1048 1480 καὶ
1069 1415 1107 1480 τό
1129 1417 1268 1500 βασίλεια
1290 1418 1363 1480 ἑαυ-

203 1525 309 1591 181οῖς
331 1520 592 1603 ὁμοφρονοῦντας
614 1520 811 1604 κτησόμενοι.
856 1515 922 1583 ἀλλ’
939 1519 1158 1602 ἕφωρόθησόν
1175 1543 1207 1583 τε
1221 1519 1276 1583 καὶ
1290 1543 1363 1583 συν-
1376 1526 1411 1579 10

245 1623 430 1705 εσχέθησαν,
463 1622 533 1694 ἑνὸς
559 1627 623 1686 τῶν
645 1627 842 1706 συνωμοτῶν
863 1621 899 1686 τδ
920 1623 1079 1705 μελέτημα
1100 1623 1363 1705 καταγγείλαντος.

158 1730 185 1784 D
202 1731 235 1785 19
245 1726 348 1789 οὐκέτι
360 1731 437 1807 γοῦν
448 1726 690 1809 φιλανθρωπίας
701 1726 846 1808 ἠξίωντο,
862 1722 928 1789 ἀλλ’
941 1725 1144 1807 ἀσυμπαθῶς
1154 1725 1227 1796 τοὺς
1238 1725 1363 1808 ὀφθαλ-

243 1827 325 1910 μοὺς
348 1829 589 1911 ἐξωρύχθησαν,
621 1828 675 1892 καί
701 1833 793 1892 τοῦτο
819 1828 906 1898 τέλος
932 1828 1038 1898 αὐτοῖς
1064 1834 1118 1911 τῆς
1145 1827 1288 1911 εὐτυχίας
1309 1827 1364 1892 καὶ

244 1936 300 1993 τοῦ
322 1931 393 2012 περὶ
415 1931 471 2014 τὴν
493 1931 650 2013 βασιλείαν
673 1931 793 2012 ἐγένετο
816 1932 944 2013 ἔρωτος.

213 2031 235 2096 5
329 2033 537 2116 Ἀποκατέστη
554 2034 657 2097 τοίνυν
671 2032 706 2097 τό
723 2038 788 2096 τῶν
800 2032 971 2115 Ῥωμαίων
994 2038 1153 2116 σκῆπτρον
1174 2038 1239 2105 τοῖς
1259 2034 1362 2117 τούτῳ
1372 2037 1407 2094 15

244 2133 324 2198 κατὰ
356 2136 445 2216 γένος
476 2136 683 2218 προσήκουσι,
714 2143 760 2218 τῷ
790 2136 944 2219 Βασιλείῳ
976 2137 1030 2200 καὶ
1060 2143 1107 2218 τῷ
1133 2135 1362 2219 Κωνσταντίνῳ

244 2239 336 2320 φημί,
370 2234 418 2300 ὧν
440 2237 459 2302 δ
481 2238 540 2320 μέν
567 2237 706 2302 εἰκοστὸν
729 2241 805 2322 ἤνυε
826 2245 881 2322 τῆς
904 2239 1024 2322 ἡλικίας
1046 2239 1195 2320 ἐνιαυτόν,
1227 2239 1246 2301 ό
1270 2239 1305 2303 δέ
1327 2263 1362 2322 ye

217 2339 480 2413 οΚωνστωτῖνος
503 2341 776 2408 ἑπτακαιδέκατον.
821 2342 887 2407 ἀλλ’
905 2339 990 2407 οὗτοι
1004 2340 1063 2426 μὲν
1077 2339 1114 2405 τό
1132 2345 1187 2425 τῆς
1206 2341 1363 2425 βασιλείας

244 2565 262 2619 3
284 2567 321 2619 δ’τι
343 2565 422 2625 αὖθις
444 2568 461 2620 δ
485 2569 583 2627 donoc
606 2569 685 2622 Λέων
707 2568 752 2622 καλ
774 2570 790 2622 δ
813 2566 869 2627 υίδς
891 2566 972 2621 αότοῦ
994 2566 1155 2635 Νικηφόρος
1176 2564 1361 2635 μελετήσαντες

244 2636 383 2691 ἐπιθέσθαι
404 2646 436 2706 τῇ
452 2639 571 2707 βασιλείᾳ
589 2639 783 2708 ίτυφλώδησαν
802 2637 824 2694 O
928 2637 963 2692 15
979 2638 1097 2707 βασιλεία
1114 2644 1160 2691 τοῦ
1177 2656 1361 2706 πορφυρογιν-

243 2708 324 2777 νήτου
342 2709 481 2763 Βασιλείου
502 2717 548 2763 τοῦ
567 2713 626 2764 υίοῦ
641 2712 779 2779 Ῥωμσνοῦ
797 2717 842 2765 τοῦ
856 2710 963 2763 παιδίου
977 2707 1012 2777 A,
1030 2709 1150 2779 βασιλεία
1163 2709 1303 2765 Βασιλείαν
1315 2709 1362 2763 καί

245 2778 445 2834 Κωνσταντίνου
463 2779 496 2849 Β,
517 2783 635 2851 βασιλεία
653 2782 791 2837 Βασιλείσυ
810 2788 855 2837 τοῦ
873 2780 1124 2851 πορφυρσγεννήτου
1143 2778 1195 2836 OD

298 2994 399 3063 Ξπρδς
413 3012 469 3051 0111.
483 2996 511 3049 D
582 3005 620 3065 τῷ
637 2996 722 3123 guisez
736 2994 862 3066 prDt'‚
880 3010 910 3049 v.
923 2994 963 3049 ad
975 2992 1075 3050 XVIII
1092 2992 1166 3060 25,'i
1238 2995 1256 3049 3
1274 2992 1314 3062 γε]
1325 3014 1360 3062 ps

298 3066 396 3135 BEwp
468 3067 487 3121 4
504 3066 551 3121 σόν
571 3084 626 3122 om.
732 3067 785 3122 4.5
803 3067 849 3121 καί
861 3066 1037 3137 νικηφόροςδ
1048 3065 1088 3119 έκ.
1101 3064 1198 3125 vitro
1269 3066 1287 3119 6
1305 3066 1361 3119 τού·

297 3159 342 3192 του
362 3138 389 3191 Ι)
485 3137 577 3207 Τίσι]
598 3156 624 3208 p.
644 3138 705 3206 525,
726 3139 767 3193 12.
862 3140 881 3193 8
898 3139 943 3193 καί
963 3154 1019 3193 om.
1033 3135 1061 3190 D
1155 3136 1188 3190 11
1206 3142 1362 3206 συνσμστιδν

298 3208 378 3263 DEw
472 3211 698 3279 προςαγγείλαντος
717 3209 744 3263 τό
762 3211 894 3279 μελέτημα
913 3209 937 3264 0
1010 3206 1173 3264 15Το111111
1192 3209 1250 3263 hoc
1268 3214 1361 3278 caput

298 3297 337 3335 cx
350 3226 422 3335 XIX
441 3282 596 3337 codicibus
615 3281 708 3335 edidit
724 3282 810 3336 B·W
824 3282 897 3352 Βητ.
910 3279 1057 3336 Zeitscbr.
1076 3296 1104 3333 e.
1125 3279 1195 3334 1892
1213 3296 1242 3350 p.
1260 3280 1360 3334 mss

297 3353 351 3408 594
360 3368 398 3407 ss.
471 3354 557 3406 τοίνυν
575 3351 665 3421 ΑΒνι,
685 3368 742 3407 0111.
763 3351 801 3423 p*
873 3359 949 3407 τοῦτο
967 3352 995 3405 D
1068 3352 1102 3406 17
1120 3352 1240 3407 τίκσστον
1258 3351 1294 3423 p*

244 3573 297 3633 cst,
317 3566 443 3635 imperio
457 3566 619 3623 heredibus
632 3568 736 3623 relicto
750 3566 861 3623 Basilio
875 3573 905 3623 et
918 3565 1125 3635 constantino,
1144 3566 1272 3622 Romani
1284 3566 1361 3635 filiis,

245 3652 312 3692 eum
332 3652 429 3693 arrnos
447 3654 501 3693 sex
521 3640 706 3709 totidemque
725 3656 843 3695 menses
861 3644 1029 3709 regnasset

201 3706 234 3761 lb
333 3708 396 3763 Iam
417 3727 490 3765 vero
509 3717 610 3774 restat,
629 3718 662 3765 ut
681 3710 710 3764 id
725 3726 924 3780 exponamus.
943 3710 1025 3778 quod
1039 3724 1138 3779 poeno
1151 3709 1233 3764 obliti
1248 3722 1361 3763 sumus.

200 3780 234 3832 16
244 3780 319 3834 Nom
340 3782 593 3850 quemadmodum
618 3782 797 3851 curopalate
815 3780 878 3835 Leo
897 3781 1015 3835 Phocoe
1034 3782 1162 3849 eiusque
1179 3780 1258 3835 iilius
1277 3778 1361 3835 Nice·

244 3852 366 3921 pbormr,
394 3854 455 3907 ieta
474 3854 504 3907 in
524 3868 576 3908 eos
595 3852 781 3908 excaecandi
800 3853 959 3917 sententis,
983 3866 1097 3905 arcano
1116 3852 1198 3921 regis
1217 3851 1360 3905 mundato

201 3922 233 3976 17
244 3924 348 3979 oculos
368 3925 584 3990 conservarint,
606 3926 665 3979 iam
685 3924 890 3993 exposuimus.
928 3922 995 3986 Qua
1013 3923 1194 3978 liberalitate
1212 3938 1274 3977 non
1293 3938 1360 3976 con·

243 3996 317 4049 tenti
337 4010 405 4048 cum
426 4011 553 4063 regnum
573 3996 673 4050 denuo
694 3996 866 4064 coepissent
883 3994 1037 4060 effectore,
1065 3993 1165 4048 multis
1189 4000 1219 4048 et
1243 3994 1362 4049 civibus

199 4063 234 4117 18
244 4071 274 4120 et
292 4066 398 4121 euticie
417 4067 473 4121 sibi
493 4067 665 4133 conciliatis,
685 4080 785 4135 eoque
803 4065 928 4119 consilio
948 4079 967 4118 e
987 4066 1118 4135 quodum
1138 4081 1177 4119 ex
1196 4066 1362 4121 coniuratis

200 4136 234 4189 19
244 4137 366 4205 proditu
389 4138 567 4207 deprehensi
592 4143 700 4205 essent,
728 4138 794 4193 sine
816 4136 879 4191 ulla
903 4136 1063 4191 clementio
1082 4137 1198 4191 effossis
1217 4136 1313 4191 oculis
1331 4144 1362 4189 et

244 4208 395 4263 felicitatis
413 4224 487 4261 suae
506 4216 537 4263 ct
555 4210 727 4264 ambitionis
746 4209 836 4263 tinem
857 4209 1051 4263 invenerunt.

333 4280 358 4334 5.
396 4278 444 4335 Sic
469 4280 673 4335 Romanorum
695 4279 854 4349 imperium
878 4280 915 4333 iis
938 4280 1111 4335 restitutum
1135 4284 1189 4345 est,
1216 4278 1256 4332 nd
1284 4292 1361 4346 quos

245 4350 420 4406 hereditatis
445 4352 511 4405 iure
540 4351 719 4421 pertinebat,
747 4350 879 4405 anrnro
904 4366 947 4405 ur
972 4349 1202 4417 consummo,
1231 4363 1360 4419 quorum

217 4420 294 4479 uide
312 4421 386 4491 XX„
414 4422 628 4479 Constantinus
649 4421 741 4479 XVII.
769 4423 877 4479 aetatis
906 4438 1021 4477 anuum
1048 4420 1169 4492 egebat
1207 4421 1265 4485 Qui
1292 4433 1361 4475 cum
