3050 4775
230 434 285 496 ειο
501 431 1079 511 ιουιιι.εειν.κνιιιε,νο-ι,ε.

230 623 284 687 καί
306 624 338 686 εί
354 624 432 696 τινές
453 646 517 687 που
539 626 604 687 τῶν
626 622 720 705 ἑῴων
741 620 1013 706 περιελείφθησαν,
1036 621 1081 705 μὴ
1103 622 1350 705 συναπαχθεῖσαι

192 731 277 809 Βτῴ
299 724 473 809 Κομνηνῴ,
506 726 617 809 ἒφιστᾷ
639 726 760 797 τούτοις
783 724 954 810 στρατηγὸν
977 725 1195 809 αὐτοκράτορα
1218 724 1272 789 τὸν
1295 726 1348 789 ὁο-

229 830 377 912 μέστικον
398 834 452 912 τῆς
475 829 628 913 ἀνατολῆς
649 827 703 893 τὸν
726 830 874 911 ἐκτομίαν
901 826 1084 911 Θεόόαιρον,
1109 826 1162 892 τὸν
1184 834 1239 911 τῆς
1261 830 1349 911 βασι-

230 931 337 1016 λίσσης
363 930 538 1015 Θεοόώρας
560 932 752 1014 θεράποντα,
785 931 938 1006 συζεύξας
965 931 1053 1013 αύτῷ
1079 931 1274 1015 συνάρχοντα
1297 930 1350 994 καί

231 1032 285 1098 τὸν
315 1034 486 1118 μάγιστρον
513 1034 650 1117 Ἀαρών,
685 1034 840 1117 σύγγονον
874 1034 948 1097 ὄντα
980 1040 1035 1117 τῆς
1067 1034 1274 1117 συνοικούσης
1304 1041 1377 1117 τῴῦ

187 1137 406 1220 21Κσμνηνῴ.
453 1138 487 1200 οἳ
511 1142 575 1208 τοῖς
604 1136 750 1208 ἐναντίοις
779 1137 1183 1219 ἀντιστρατοπεόευσάμενοι
1215 1160 1350 1219 συγκρο-

230 1244 317 1303 τοῦσι
343 1238 398 1303 καὶ
423 1240 564 1323 πόλεμον
585 1240 665 1303 κατά
687 1262 754 1303 τινα
777 1239 874 1303 τόπον
891 1238 998 1322 Ἆιόην
1020 1245 1084 1310 τοῖς
1106 1240 1270 1322 ἐγχωρίοις
1292 1262 1349 1303 κα-

230 1342 395 1425 λούμενον,
427 1341 481 1406 καλ
509 1340 545 1405 τὸ
572 1340 632 1425 μὲν
654 1342 822 1425 εὐώνυμον
843 1342 941 1424 κέρας
963 1345 1027 1406 τῶν
1048 1341 1219 1425 βασιλικῶν
1242 1344 1351 1426 ἥττησε

230 1444 266 1509 τό
294 1442 396 1519 όεξιὸν
422 1447 519 1528 κε’ρας
546 1443 581 1509 τὸ
610 1444 682 1527 περὶ
709 1443 764 1509 τὸν
794 1442 962 1528 Κομνηνὸν
988 1444 1042 1508 καί
1073 1444 1127 1510 τὸν
1158 1445 1348 1529 ἐφεστηκότα

187 1549 333 1630 22τούτῳ
352 1547 518 1632 Ῥωμανὸν
540 1547 594 1612 τόν
616 1546 766 1631 Σκληρὸν
789 1549 918 1631 συνέσχε
941 1549 1054 1622 ζῶντα.
1100 1546 1135 1611 τὸ
1163 1547 1199 1613 όέ
1226 1572 1260 1631 γε
1286 1552 1350 1611 τῶν
1361 1554 1395 1607 10

231 1649 380 1715 ἐναντίων
413 1650 590 1734 εὐώνυμον,
624 1647 664 1714 ού
696 1657 852 1735 κατῆρχεν
884 1650 902 1715 ό
931 1650 1147 1734 Κεκαυμὲνος,
1180 1650 1216 1715 τὸ
1250 1649 1350 1724 όεξιὸν

72 1758 222 1816 PllittA
231 1754 384 1837 ἐτρέψατο
399 1757 463 1817 τῶν
481 1753 652 1836 βασιλικῶν
674 1753 729 1817 καὶ
751 1755 795 1824 εἰς
818 1752 894 1819 αὐτὸ
917 1752 952 1817 τὸ
976 1753 1186 1837 στρατόπεδον
1209 1752 1351 1836 εἰσῆλθεν

187 1864 222 1919 2³
232 1857 337 1921 αὐτῶν
355 1856 409 1921 καί
423 1854 479 1928 τὰς
490 1854 613 1939 ’σκηνὰς
629 1856 771 1941 διέρρηξε
787 1856 840 1921 καί
862 1858 972 1939 ἔρριψε
994 1855 1074 1919 κατά
1091 1862 1158 1940 γῆς.
1174 1861 1265 1919 τοῦτο
1287 1862 1350 1926 τοῖς

231 1958 302 2044 περί
324 1958 379 2025 τὸν
393 1958 565 2043 Κομνηνόν
587 1960 710 2043 θάρσος
732 1960 780 2031 ὡς
801 1960 932 2043 μάλιστα
949 1960 1118 2043 ἐνεποίησε,
1141 1964 1204 2030 τοῖς
1223 1956 1251 2021 δ’
1269 1959 1349 2022 άντι-

187 2070 223 2124 ‘24
231 2064 403 2146 πολεμοῦσι
430 2064 582 2147 κατέβαλε
608 2062 645 2127 τά
673 2065 862 2148 φρονήματα
885 2062 940 2128 καὶ
962 2063 1088 2147 φεύγειν
1110 2064 1259 2127 ἀνέπεισε.
1305 2064 1349 2145 γί-
1361 2068 1395 2122 15

232 2190 314 2231 νεται
341 2166 445 2231 τοίνυν
470 2170 535 2230 τῶν
562 2166 733 2250 βασιλικῶν
761 2166 862 2251 φόνος
890 2166 999 2249 πολύς,
1031 2166 1071 2230 οὐ
1102 2170 1219 2231 κοινῶν
1250 2166 1351 2249 μόνον

233 2274 439 2353 στρατιωτῶν,
462 2268 539 2333 ἀλλὰ
555 2268 609 2333 καὶ
624 2273 837 2353 στραταρχῶν,
853 2268 906 2333 καλ
921 2269 1045 2339 πλείους
1061 2268 1095 2333 δὲ
1111 2269 1349 2353 ἐζωγρήθησαν.
1361 2272 1388 2327 D
1404 2272 1446 2329 lv
1462 2276 1517 2331 188

188 2372 287 2437 ἓόκαλ
309 2373 329 2457 ἡ
352 2373 421 2457 νίκη
446 2371 631 2456 ἀναφανδόν
653 2378 701 2456 τῷ
721 2373 887 2455 Κομνηνιβ
910 2371 1078 2455 ἐπεμειδία.

201 2475 223 2540 3
317 2475 423 2541 ’Τοῦτο
437 2475 558 2559 μαθὼν
568 2476 588 2539 ό
599 2474 743 2559 βασιλεὺς
754 2475 884 2558 Μιχαὴλ
900 2475 1074 2557 ἀπεγνώκει
1089 2475 1126 2538 τά
1142 2482 1197 2540 τοῦ
1208 2475 1350 2560 πολέμου

232 2578 285 2643 καλ
312 2578 368 2661 τὴν
395 2578 497 2662 ἀρχὴν
524 2579 706 2643 ἀποθέσθαι
734 2578 895 2661 ἠβούλετο,
929 2575 1005 2641 ἀλλὰ
1034 2583 1098 2650 τοῖς
1128 2577 1200 2661 περὶ
1232 2579 1397 2644 ἕκτῖνονὲθ

235 2773 252 2827 6
270 2773 309 2826 ότι
328 2772 505 2843 συμβαλόντες
524 2773 655 2842 τοῖςπερὶ
674 2772 718 2828 τόν
737 2771 878 2843 Κομνηνόν
897 2774 925 2827 σί
940 2771 1073 2844 βασιλικοί
1092 2771 1243 2843 ἡττήθησαν
1262 2771 1284 2830 C

287 2966 303 3018 1
321 2965 547 3036 περιελείφθησαν
565 2963 692 3036 prDi‚
710 2965 927 3036 περιελήφθησαν
945 2965 971 3019 Α
1102 2967 1302 3036 συναπαχθῆνσι
1324 2965 1350 3018 D

285 3037 303 3090 2
321 3043 389 3107 post
408 3038 552 3108 στρατηγὸν
571 3038 641 3092 add.
659 3039 841 3106 αὐτοκράτορα
860 3037 934 3108 Itwp
954 3037 1040 3098 Cedr.
1053 3036 1194 3107 (Scyiitz.)
1210 3037 1236 3090 11
1252 3054 1277 3107 p.
1289 3037 1349 3104 627,

285 3108 328 3176 21,
348 3124 405 3162 om.
419 3107 489 3162 Alii
560 3109 720 3164 ὖσύνοικον
733 3109 760 3161 D
833 3109 1198 3178 6ῙστριιτοπεόευσάμενσιΕ
1270 3109 1349 3163 ’ίκαλ

286 3179 380 3233 ontl)
446 3181 584 3250 λεγόμενον
595 3179 667 3248 παρὰ
679 3187 732 3234 τῶν
744 3180 884 3248 ε’·γχσιρίιον
898 3179 924 3233 Ι)
990 3181 1129 3250 ἕχχιυρίαις
1143 3181 1178 3251 p*
1245 3180 1305 3234 9κ.
1320 3179 1349 3232 τό

284 3251 349 3319 ΑΙ),
368 3273 394 3306 κ.
414 3259 467 3305 τῶν
486 3253 559 3322 pr
639 3253 672 3305 13
691 3253 814 3320 όιέρρηξε
833 3249 959 3321 prDt',
978 3253 1107 3322 διέρρηφε
1125 3251 1152 3305 Α
1226 3251 1349 3306 1681116

286 3325 373 3377 τοίνυν
391 3323 461 3378 add.
480 3323 511 3378 δὲ
528 3323 556 3376 Ι)
629 3325 663 3378 18
680 3324 871 3393 προςνενὲμητσ
892 3323 938 3379 BC

231 3521 256 3575 si
270 3534 350 3590 quae
363 3535 402 3574 ex
416 3519 612 3574 orientalibus
625 3535 644 3574 a
657 3519 716 3575 flde
729 3536 791 3574 non
802 3519 1010 3587 discesserant,
1025 3519 1132 3575 ducem
1142 3535 1211 3574 cum
1221 3519 1260 3574 im
1284 3521 1347 3575 ενίσ

231 3591 514 3661 praefecitOriontis
524 3591 922 3647 domesticumTheodm-um
932 3592 1106 3661 spadonem,
1118 3592 1244 3662 reginae
1281 3591 1349 3647 heo-

232 3663 326 3717 dorae
344 3664 521 3730 ministrum,
541 3662 685 3716 adiuncto
705 3663 824 3732 collega
843 3665 987 3733 magistro
1006 3662 1137 3729 Anione,
1166 3663 1261 3717 fratre
1279 3679 1348 3718 con·

186 3733 220 3788 21
231 3734 313 3803 iugis
334 3733 488 3789 Comneni.
526 3733 583 3797 Qui
606 3736 712 3788 castris
735 3741 842 3789 eontra
865 3734 965 3790 hostes
989 3735 1101 3804 positis,
1130 3735 1205 3802 loco,
1234 3737 1285 3804 qui
1308 3735 1348 3788 ab

231 3805 336 3860 ineolis
364 3805 466 3860 Hades
493 3805 672 3874 appellatur,
703 3806 851 3875 proelium
878 3807 1062 3872 commisere,
1095 3807 1148 3860 ubi
1178 3821 1197 3860 a
1228 3807 1347 3860 sinistro

231 3891 327 3931 cornu
346 3878 499 3947 regiorum
520 3875 661 3930 dextrum
674 3875 907 3932 Comneniorum
928 3877 1121 3947 profligatum
1141 3883 1186 3932 est-
1206 3879 1301 3946 etqui
1320 3879 1348 3932 ei

186 3948 372 4018 fflpraeerat
398 3947 553 4002 Romanus
580 3946 700 4004 Selenis
728 3951 817 4003 vivus
845 3955 959 4018 captus.
1007 3947 1066 4004 Sed
1095 3964 1190 4004 cornu
1219 3950 1348 4003 hostium

231 4021 394 4085 sinistrum,
419 4021 466 4073 cui
488 4018 696 4075 Ceeaumonus
716 4026 864 4089 praeerat,
891 4019 998 4075 dextro
1019 4021 1173 4090 regiorum
1192 4021 1222 4074 in
1242 4022 1349 4090 fugam

231 4105 329 4158 verso,
348 4093 379 4144 in
398 4097 499 4144 castra
517 4105 615 4160 usque
633 4093 806 4160 penetravit
825 4095 854 4145 et
873 4093 1003 4146 tentoria
1022 4091 1174 4160 discerpta
1191 4093 1349 4146 subvertit.

186 4161 222 4217 23
231 4161 317 4227 Quae
334 4178 383 4216 res
400 4167 434 4217 ut
448 4162 681 4218 comneniorum
700 4164 816 4216 animos
836 4163 1030 4217 vehementer
1043 4165 1137 4230 auxit,
1157 4165 1199 4217 sie
1219 4164 1347 4218 hostium

186 4234 222 4288 24
231 4234 308 4288 adeo
337 4234 455 4301 deiecit,
482 4243 518 4287 ut
540 4234 635 4304 fugae
658 4233 902 4299 semanimem,
930 4235 961 4287 in
985 4249 1046 4303 qua
1064 4235 1150 4288 multi
1169 4237 1249 4290 caesi
1268 4244 1347 4303 sunt,

230 4321 292 4360 non
320 4307 456 4376 gregarii
483 4310 600 4359 tautum
627 4305 744 4371 milites,
772 4306 826 4359 sed
846 4304 938 4359 duces
956 4307 1055 4374 etiam,
1083 4307 1221 4376 pluribus
1243 4307 1347 4376 captis,

186 4375 384 4433 2500mnen0
404 4377 533 4431 victoria
550 4377 673 4430 minime
692 4376 786 4431 dubia
805 4377 908 4446 potito.

319 4449 344 4503 3.
382 4448 425 4503 Eo
445 4448 568 4518 cognito
587 4463 642 4502 rex
661 4445 787 4502 Michati
803 4447 962 4520 desperato
983 4449 1061 4506 bello
1079 4450 1237 4523 imperium
1257 4449 1346 4522 depo·
