3050 4775
274 364 309 429 ii)
582 358 718 429 ZONAR.
738 360 837 427 nrm.
857 360 930 426 xm
947 365 973 439 s,
991 354 1088 425 i-ib.

273 556 455 639 συνίστορας
478 555 566 638 αὐτῷ
588 559 643 619 τοῦ
666 558 799 637 σκοποῦ,
823 552 897 625 τοὺς
915 552 1018 617 δὲκαὶ
1033 551 1279 636 ἀμετόχουςτοῦ
1294 550 1389 636 σκέμ-

245 666 381 741 sartor.
427 658 480 721 καῖ
502 658 660 741 παρέτεινε
681 657 735 722 τόν
757 657 855 721 πότον
881 658 943 727 ἕως
970 657 1113 740 ἑσπέρας.
1159 654 1329 729 ἐξαναστὰς
1356 654 1391 719 δέ

271 766 327 823 τοῦ
350 760 527 843 συμποσίου
550 760 664 843 αἴφνης
687 760 729 831 είς
751 758 805 823 τδν
828 764 964 823 κοιτῶνα
988 759 1152 841 εἰσέδραμε
1174 759 1227 822 καῖ
1252 756 1390 840 πρόεισιν

272 862 394 927 ἐκεῖθεν
415 862 493 944 μετὰ
516 861 620 945 βραχὺ
643 863 676 925 ἐν
699 862 833 945 σχήματι
854 861 1010 944 βασιλείας
1033 859 1090 925 σὺν
1105 859 1300 943 δορυφόροις
1313 860 1389 923 πολ-

204 965 347 1047 04λοῖς,
370 966 389 1029 ὃ
412 964 484 1035 τοὺς
506 964 551 1047 μὴ
575 964 751 1034 συνειδότας
767 965 855 1046 cinai
870 964 926 1046 τὴν
940 966 1055 1045 πρᾶξιν
1070 964 1226 1045 ἐτάραξεν.
1273 964 1418 1032 ίκεῖνοςδ

273 1068 307 1132 δὲ·
331 1067 503 1151 διαλεχθείς
526 1072 589 1138 τοῖς
614 1072 750 1147 παροῦσι
779 1066 852 1137 τοὺς
878 1067 937 1148 μέν
964 1067 1064 1129 ἔπεισε
1092 1065 1265 1128 συνθέσθαι
1293 1066 1389 1145 αὐτῷ,

245 1171 372 1241 ὃένίους
396 1170 431 1233 δέ
454 1194 487 1253 γε
510 1170 563 1233 καὶ
586 1168 740 1253 ἐβιάσατο.
787 1170 841 1232 καῖ
863 1168 1124 1251 συμπαραλαβὼν
1152 1166 1267 1238 αὐτοὺς
1293 1167 1429 1237 εδθὺςΙ)
1444 1178 1520 1233 llll

272 1276 315 1347 είς
337 1273 373 1335 τὰ
396 1273 534 1357 βασίλεια
561 1273 661 1335 ἄπεισι
687 1272 741 1334 καὶ
769 1271 922 1353 διανομὰς
949 1272 1123 1354 χρημάτων
1148 1270 1298 1353 πεποίητο
1324 1276 1389 1341 ταῖς

271 1400 303 1439 τε
324 1376 436 1445 πύλαις
458 1381 512 1459 τῆς
533 1374 657 1445 πόλεως
680 1374 827 1457 ἐπέστησε
849 1375 1004 1456 φύλακας,
1029 1374 1232 1443 ἐνιαίθέντας
1253 1379 1317 1443 τοῖς
1330 1373 1389 1455 μὲν

271 1480 398 1542 εἰσιοῦσι
420 1478 475 1561 τὴν
498 1476 620 1541 εἴσοδον
643 1482 828 1560 συγχωρεῖν,
853 1477 963 1549 έξιένσι
987 1476 1021 1540 δὲ
1038 1476 1160 1559 μηδένα
1175 1482 1388 1559 παραχωρεῖν,
1401 1483 1438 1536 10

244 1582 319 1648 οἴνα
342 1581 387 1664 μὴ
411 1582 492 1651 τέως
515 1578 549 1641 τὸ
576 1578 720 1662 τόλμημα
751 1580 912 1662 κηρυχθῇ.
957 1580 1011 1642 καί
1039 1579 1149 1642 αὐτίκα
1178 1578 1290 1642 στέλλει
1317 1577 1390 1649 τοὺς

270 1682 324 1747 τδν
339 1682 530 1747 Κώνσταντα
554 1682 790 1764 ἀναιρήσοντας,
812 1681 886 1763 πρίν
909 1684 928 1764 ἢ
953 1682 1039 1763 γνοίη
1062 1680 1098 1744 τὸ
1121 1681 1275 1764 τόλμημα.
1320 1680 1390 1744 δδὲ

245 1786 341 1866 ῖπερῖ
368 1786 475 1868 θήραν
504 1786 668 1868 ἠσχόίητο.
714 1785 769 1847 καὶ
798 1784 858 1865 γὰρ
887 1784 1034 1866 έμεμήνει
1060 1784 1131 1864 περί
1159 1782 1195 1845 τὰ
1223 1785 1388 1866 κυνηγέσια

271 1888 324 1951 καῖ
346 1894 441 1952 ταῦτα
465 1888 618 1971 ἀρθρίτιδι
640 1887 868 1970 προσπαλαίων
891 1886 1034 1969 διηνεκεῖ,
1058 1889 1097 1968 ἣν
1119 1888 1153 1960 ἐξ
1170 1886 1297 1968 ἡδονῶν
1312 1885 1387 1969 ἀμε-

202 1992 356 2073 1)8τρίας
379 1991 525 2073 ἐνόσησεν
548 1990 731 2060 ἀκολάστως
758 1990 860 2073 βιούς·
889 1992 908 2072 ἢ
931 1989 985 2052 καί
1008 1989 1043 2051 έν
1063 1991 1262 2073 προσχήματι
1284 1989 1389 2072 θήρας
1401 1997 1437 2051 15

270 2094 313 2163 εἰς
339 2094 416 2163 ὕλας
444 2094 645 2176 έγκατεδύπο
671 2092 748 2175 μετὰ
779 2098 843 2156 τῶν
871 2092 943 2173 περὶ
971 2090 1067 2155 σίντὸν
1094 2092 1309 2173 μειρακίσκων
1336 2091 1389 2154 καῖ

270 2196 452 2279 νεανίσκων,
486 2198 519 2259 οἳ
547 2196 657 2277 ἐκείνῳ
686 2196 736 2259 διὰ
770 2196 885 2266 κάλλος
914 2194 1112 2275 συνελέγοντο
1144 2194 1198 2257 καί
1229 2194 1389 2276 ᾠκείωντο

270 2298 519 2371 έκαίλωπίζοντό
545 2322 578 2362 τε
604 2299 840 2381 περιεργότερον
865 2298 920 2362 καί
946 2297 1059 2379 λίχνοις
1086 2295 1166 2379 ἦσαν
1198 2296 1388 2379 ὀφθαλμοῖς,

270 2400 439 2472 ἀκολασίας
462 2401 658 2485 έμπύρευμα,
681 2401 819 2484 κάκείνη)
835 2401 1013 2485 έτόγχανον,
1037 2399 1084 2471 ὡς
1098 2400 1225 2484 λέγεται,
1249 2399 1387 2464 παιδικά.

324 2651 339 2703 1
358 2649 439 2706 αὐτοῦ
459 2657 497 2705 τῶ
515 2657 608 2706 σκοπῶ
628 2650 660 2719 Ε,
680 2667 707 2704 v.
727 2649 801 2705 xm
819 2651 845 2719 8,
864 2651 898 2706 31
977 2650 995 2704 3
1013 2656 1085 2704 anta
1103 2649 1202 2719 αἴφνης
1221 2660 1340 2704 erasum
1359 2646 1388 2710 ίξ

323 2723 354 2776 in
373 2722 397 2775 B
534 2723 550 2776 4
568 2723 700 2794 βασιλείας
720 2720 847 2793 prDi,
867 2738 923 2777 om.
943 2721 971 2775 A
1109 2721 1142 2774 11
1164 2719 1294 2790 τολμηθὲν
1313 2719 1386 2790 pr

324 2847 357 2902 12
375 2847 454 2917 πρινὴ
474 2845 500 2901 A
587 2847 621 2900 14
639 2795 748 2916 σἰρθρίῖί
767 2847 789 2900 Β
808 2849 833 2901 δι
853 2847 891 2902 ab
911 2846 948 2900 al.
967 2863 1055 2913 man„
1074 2845 1191 2914 ἆθρίτιδι
1211 2845 1235 2899 Ε
1322 2864 1386 2912 προ-

321 2919 440 2974 πσλσίων
459 2918 495 2988 Ι),
515 2935 590 2974 coir.
610 2919 662 2976 Dw
735 2921 856 2989 ἀμέτρων
875 2917 902 2972 D
984 2919 1018 2972 15
1038 2919 1165 2986 ε’νόμησον
1184 2916 1220 2985 D,
1240 2931 1316 2970 corr.
1335 2915 1386 2972 Du

323 2991 357 3045 15
369 2989 484 3062 βίουςΙ)
559 2991 591 3045 16
604 2991 691 3046 αὐτῶν
705 2990 780 3062 pr
856 2990 888 3043 17
901 2994 969 3060 post
981 2988 1089 3043 oiadd.
1102 2987 1187 3042 καίΕ
1260 2989 1294 3041 18
1306 2988 1387 3057 όφαλ·

320 3071 380 3132 μοῖς
401 3061 423 3118 C

268 3303 378 3366 rantes,
399 3297 471 3367 quid
492 3296 652 3352 moliretur.
690 3293 840 3350 Produxit
859 3293 1033 3350 convivium
1052 3307 1150 3362 nsque
1164 3291 1203 3346 ad
1217 3307 1384 3362 vesperam.

241 3369 346 3429 3Tum
365 3385 433 3424 cum
453 3369 634 3424 surrexisset
653 3383 669 3422 e
689 3368 839 3434 convivio,
868 3381 998 3436 propere
1027 3365 1200 3419 cubiculum
1227 3365 1384 3434 ingressus

268 3441 371 3511 paullo
391 3447 458 3510 post
477 3441 583 3494 babitu
600 3440 685 3510 regio
699 3453 768 3493 cum
781 3439 882 3492 multis
895 3437 1074 3492 satellitibus
1087 3436 1167 3490 illinc
1181 3435 1385 3506 progreditur.

240 3513 354 3577 diluas
373 3527 421 3566 res
440 3513 566 3580 ignaros
585 3511 658 3580 quid
671 3511 762 3564 animi
777 3509 903 3564 haberet
916 3509 1131 3563 consternavit.
1168 3505 1228 3562 Sed
1248 3508 1386 3560 oratioue

269 3585 308 3638 ad
328 3599 380 3638 eos
400 3584 451 3652 qui
471 3583 600 3636 aderant
619 3582 731 3650 habita,
760 3581 835 3634 alios
854 3581 956 3634 verbis
974 3581 1005 3633 in
1025 3595 1096 3633 suas
1116 3584 1218 3648 partes
1240 3577 1385 3643 traduxit,

241 3656 343 3714 salios
362 3655 453 3709 ctiam
472 3655 511 3707 vi.
549 3653 631 3716 Quos
650 3667 718 3708 cum
738 3668 841 3706 secum
860 3652 1005 3718 duxisset,
1034 3650 1113 3704 illico
1133 3651 1164 3703 in
1183 3649 1299 3719 regiam
1322 3650 1386 3702 abit

269 3733 299 3782 ct
319 3727 479 3796 pecuniam
498 3725 719 3795 dilargiebatur
739 3729 768 3777 ct
788 3724 882 3792 portis
903 3723 1044 3776 custodes
1063 3721 1202 3776 adhibuit
1220 3723 1318 3774 iussos
1343 3721 1386 3773 in·

268 3799 419 3853 trantibus
443 3799 598 3851 introitum
622 3795 799 3862 concedere,
829 3795 882 3849 sed
906 3795 1020 3848 exitum
1043 3793 1117 3846 nulli
1137 3792 1318 3862 permittere,
1346 3807 1386 3845 nc

242 3871 385 3928 distensa
404 3868 534 3922 audacia
553 3869 754 3921 nuntiaretur.
792 3864 897 3921 Statim
917 3866 1014 3931 mittit,
1034 3865 1086 3933 qui
1105 3862 1313 3918 Constantium
1333 3863 1386 3916 tol-

241 3942 373 4008 ilersnt,
403 3945 566 4008 antequam
595 3944 697 3994 nosset
725 3937 895 3992 audaciam.
937 3937 1009 3990 Erat
1034 3936 1083 3990 ille
1107 3934 1271 3990 venatione
1299 3949 1385 3987 occu·

268 4018 366 4083 patus.
405 4011 521 4065 Etenim
547 4011 632 4064 rabie
656 4010 818 4063 tenebatur
843 4007 975 4062 venandi
999 4007 1100 4076 idque,
1129 4021 1198 4060 cum
1223 4020 1292 4059 cnm
1317 4006 1386 4058 arti·

268 4085 363 4138 calari
383 4083 489 4136 morbo
505 4088 658 4152 pugnaret
678 4085 835 4150 perpetua,
855 4095 915 4148 quo
929 4095 968 4134 ex
982 4079 1140 4133 libidinum
1153 4078 1386 4146 intemperantia

241 4160 427 4224 scorrcptus
450 4161 516 4208 erat
540 4170 577 4207 ac
601 4154 664 4206 vita
688 4153 848 4220 dissoluta3
876 4152 1044 4207 autetiam
1068 4165 1121 4218 per
1144 4149 1275 4217 speciem
1295 4163 1385 4202 vena-

268 4229 358 4281 tionis
377 4228 408 4279 in
428 4225 519 4279 silvas
539 4239 605 4279 sesa
628 4224 761 4278 abdebat
784 4238 852 4278 cum
876 4225 938 4278 suis
963 4223 1064 4291 pueris
1088 4228 1118 4274 et
1144 4219 1385 4286 adolescentulis,

269 4313 345 4368 quos
365 4298 404 4351 ob
424 4298 551 4352 formam
571 4296 757 4366 conquisitos
777 4301 807 4351 et
825 4294 1014 4349 familiariter
1032 4306 1134 4346 accunt
1160 4293 1336 4347 coniunctos
1355 4298 1387 4345 et

269 4371 356 4426 nimis
376 4367 573 4426 immoderata
593 4369 690 4425 cultos
709 4368 738 4427 in
761 4366 876 4424 deliciis
895 4365 1037 4420 habuisse
1056 4363 1175 4434 dicitur,
1200 4378 1268 4420 cunr
1288 4361 1387 4418 aridis
