3050 4775
237 441 291 505 576
519 439 657 505 ZONAR.
675 440 774 503 EPIT.
794 443 878 503 XVII
897 444 939 515 11,
959 438 1072 502 12-22.

238 637 306 713 ρσῖς
326 631 517 713 ἐπιτίθενται,
541 630 595 695 καλ
616 631 747 701 τούτους
770 630 1014 713 διαχρησάμενοι
1035 629 1124 692 αὐτοὶ
1146 634 1210 693 τῶν
1232 629 1356 693 πόλεων

195 741 230 794 13
239 735 401 816 γεγόνασιν
427 734 591 816 ἐγκρατεῖς.
639 734 657 796 δ
682 734 716 797 δὲ
738 738 793 796 τοῦ
818 732 929 795 Χάλεπ
958 731 1097 814 ἀρχηγὸς
1119 732 1173 795 καλ
1196 731 1356 814 ἐκδρομὰς

238 836 428 918 ποιούμενος
450 842 588 918 συνεχεῖς
609 837 707 917 αὐτήν
728 860 761 898 τε
776 836 831 917 τήν
846 834 1032 916 Ἀντιόχειαν
1048 834 1101 896 καῖ
1117 834 1176 897 ὅσα
1199 833 1355 917 πρόσοικα
1366 838 1394 891 D
1412 838 1456 893 lv
1476 842 1501 893 1:

195 939 316 1021 14ῖθνη
345 944 410 1002 τῶν
431 938 552 1019 Σύρων
578 944 619 1021 γῇ
641 937 694 1001 καί
716 944 780 1007 τοῖς
799 936 966 1019 Ῥωμαίοις
988 936 1115 1020 ὑπήκοα
1139 937 1280 1020 ἐληίζετο.
1327 933 1356 1018 ᾦ

201 1041 564 1122 Βάντιπαραταξάμενος
592 1041 611 1103 δ
637 1047 691 1122 τῆς
709 1040 895 1122 Ἀντιοχείας
923 1039 1010 1120 δοόξ,
1043 1040 1085 1101 ἔτι
1112 1038 1273 1121 περιόντος
1301 1044 1383 1101 τοῦδ

239 1143 473 1225 αὐτοκράτορος
488 1144 738 1225 Κωνστσντίνου,
762 1144 902 1225 αἰσχρῶς
917 1142 1047 1225 ἡττήθη,
1071 1140 1211 1211 καὶτοὺς
1233 1142 1357 1210 πλείους

238 1250 303 1307 τῶν
331 1245 388 1308 σὺν
416 1247 504 1327 αὐτῷ
532 1246 762 1328 ἀποβεβληκὼς
790 1245 880 1327 μόλις
908 1245 1054 1328 ἠδυνήθη
1087 1250 1197 1327 φυγεῖν
1229 1244 1355 1313 ἐκεῖνος.

196 1354 229 1408 lb
238 1352 348 1411 τοῦτον
363 1348 382 1410 ό
397 1346 561 1431 Ῥωμανδς
576 1348 771 1431 ἀφελόμενος
785 1347 842 1429 τήν
858 1346 959 1429 ἀρχήν
981 1348 1215 1429 προεχειρίσατο
1237 1347 1356 1428 ἕτερον·

239 1451 405 1534 ἐξώρμησε
437 1451 471 1514 δὲ
503 1451 658 1532 κάκεῖνος,
690 1450 744 1513 καί
776 1450 895 1513 ἀπιόντι
926 1450 1072 1532 προσίασι
1103 1450 1247 1532 πρέσβεις
1277 1448 1355 1531 μετά

240 1553 358 1635 δώρων
384 1554 563 1617 πολυτελῶν
589 1551 672 1634 πρὸς
698 1558 753 1616 τοῦ
781 1550 959 1615 Χαλεπίτου
987 1552 1219 1634 ἀπεσταλμένοι,
1252 1553 1402 1615 σίτου-10

238 1657 337 1737 μένου
360 1657 550 1738 συγγνώμης
571 1662 673 1737 τυχεῖν
695 1655 749 1717 καί
775 1654 831 1738 τήν
860 1654 1002 1718 δουλείαν
1031 1654 1272 1717 ἀνανεώσασθαι
1303 1654 1356 1717 καί

239 1758 414 1821 ἀποδοῦναι
437 1758 491 1829 τὰς
514 1759 674 1841 εἰσφοράς,
699 1760 790 1839 αἴπερ
814 1758 924 1839 ἔτυχον
939 1758 1153 1841 ὑστερήσασαι,
1176 1756 1230 1821 καλ
1244 1758 1357 1827 ταύτας

196 1870 229 1923 16
240 1860 369 1942 ἐτησίαις
391 1861 544 1943 εἰσφέρειν
560 1859 626 1942 μετ’
645 1860 889 1942 εὐγνωμοσύνης
905 1860 948 1930 εἰς
963 1860 998 1924 τδ
1014 1860 1108 1923 ἐπιόν.
1155 1860 1174 1923 ό
1190 1860 1234 1941 δέ,
1258 1860 1356 1923 καίτοι

238 1962 366 2025 πολλῶν
386 1962 441 2025 καὶ
464 1964 657 2045 στρατηγίαις
680 1963 844 2044 ἐπιφανῶν
866 1962 1108 2045 ἀποτρεπόντων
1131 1963 1219 2044 αὐτῷ
1240 1962 1296 2045 τήν
1314 1963 1357 2033 εἷς

238 2063 274 2127 τδ
302 2064 415 2145 πρόσω
443 2064 549 2146 φορὰν
576 2065 624 2134 ῶς
651 2065 841 2147 ἀσύμφορον
869 2065 921 2129 καῖ
949 2066 1134 2128 σπείσασθαι
1161 2065 1401 2148 συμβουλευ-Ιῖ)

155 2235 159 2241 ,
240 2167 351 2247 όντων,
385 2167 445 2229 οὐκ
477 2167 633 2249 ἀνείργετο
664 2173 719 2250 τῆς
750 2168 863 2249 ὁρμῆς,
897 2168 973 2230 ἀλλὰ
1006 2168 1086 2249 ῥᾷον
1113 2175 1264 2250 κρατῆσαι
1292 2172 1356 2229 τῶν

80 2270 419 2352 Ρ11231ΑἈγαρηνῶν
451 2270 639 2352 ἐφαντάζετο
670 2271 724 2333 καὶ
754 2276 846 2333 τοῦτο
878 2269 1111 2351 κατωρθωκὼς
1141 2272 1222 2353 μέγα
1250 2294 1276 2332 τι
1302 2270 1356 2333 καὶ

195 2372 418 2455 17δπέρογιιον
440 2373 520 2454 ᾤετο
544 2373 647 2454 ἑαυτῷ
668 2373 933 2456 περιποιήσασθαι
961 2372 1192 2456 σεμνολόγημα.
1238 2374 1357 2436 ἄπεισιν

197 2487 230 2540 18
240 2474 297 2539 οὖν
320 2476 353 2538 ἐν
375 2475 479 2557 Συρίᾳ
505 2476 559 2539 καλ
585 2475 729 2557 βάλλεται
756 2476 894 2559 χάρακα.
934 2476 1068 2558 Ἄραβες
1096 2476 1140 2557 δέ,
1173 2475 1360 2538 αι’πόσιιευοί

239 2663 257 2715 8
281 2663 320 2714 ὅτι
343 2661 494 2728 ἐστράτευσε
517 2659 585 2715 κατὰ
609 2667 655 2715 τοῦ
678 2661 779 2729 Χάλεπ,
809 2661 854 2716 καί
877 2662 1032 2730 προσῆλθον
1052 2661 1213 2730 (προσῆλθεν
1232 2659 1265 2724 Ο)
1284 2660 1356 2729 adipi

237 2733 361 2803 πρέσβεις
381 2734 514 2803 (πρεσβεία
534 2731 567 2799 C)
587 2731 635 2787 Ol]
653 2733 761 2802 εἰρήνην
780 2734 895 2800 αἰτοῦσα,
914 2734 930 2786 δ
948 2731 977 2787 δὲ
996 2733 1046 2786 οὐκ
1065 2733 1200 2786 ἐσπείσατο
1219 2731 1242 2787 C

294 2912 308 2966 l
328 2911 546 2981 διαχειρισάμενοι
560 2908 706 2980 DEwth'
777 2911 794 2964 2
813 2909 843 2965 δὲ
856 2911 947 2965 om.E
1019 2911 1064 2965 καῖ
1081 2909 1172 2964 0111.Β
1243 2911 1261 2964 3
1278 2911 1357 2978 πρόσ-

293 2983 363 3051 orna]
382 2985 474 3051 πρόςοι
493 2983 538 3037 καί
557 2983 580 3036 Ε
687 2982 705 3035 4
725 2982 788 3052 τῶν]
808 2991 839 3052 τῇ
858 2981 976 3052 prDt'
1089 2982 1105 3036 6
1124 2989 1311 3042 κωνσταντῖνος
1330 2981 1357 3034 Ι)

295 3057 329 3108 10
339 3055 445 3107 πολλῶν
455 3053 479 3108 Ο
541 3052 690 3122 ἐσταλμένοι
704 3054 768 3123 w*p
781 3055 882 3108 invitis
893 3053 946 3108 AB
1017 3055 1163 3122 dispelleret
1174 3052 1358 3124 BSDEwth'

295 3127 328 3179 1‘2
346 3126 441 3194 ὑστερή
453 3127 550 3180 σιισθαι
561 3125 589 3178 D
659 3126 691 3178 13
710 3126 835 3193 αιίησίως
846 3125 911 3193 (sic)
922 3124 949 3178 A
1021 3125 1128 3180 τοῦπιόν
1138 3124 1194 3194 BC,
1213 3124 1320 3178 τούπισν
1331 3125 1357 3176 Ι)

295 3198 328 3252 15
348 3197 384 3265 τὸ]
406 3197 436 3251 τὰ
446 3194 592 3266 DEwth‘
648 3198 682 3250 16
700 3196 831 3266 άνείργετο
842 3195 950 3265 ΑΒΟττ,
970 3195 1083 3265 άνείγετο
1097 3197 1127 3262 Ο,
1146 3197 1278 3265 άντίρχπο
1292 3195 1357 3265 w*p

240 3378 306 3432 reni
319 3376 350 3429 id
363 3381 482 3445 tempus
501 3374 692 3430 commodum
713 3391 780 3430 esse
799 3376 856 3430 rati
876 3390 913 3430 eu
936 3375 1133 3444 exsequendi,
1153 3389 1232 3443 quoe
1251 3375 1358 3428 animis

197 3448 402 3518 illegitimam,
431 3447 528 3501 cessis
547 3447 706 3516 praesidiis
724 3447 818 3502 urbes
838 3453 996 3516 occupent.
1034 3446 1157 3516 Chelcpi
1181 3461 1254 3500 vero
1273 3447 1358 3500 urbis

241 3521 382 3590 princeps
401 3523 431 3572 et
451 3519 675 3572 continentibus
695 3519 927 3572 excursionibus
947 3524 976 3572 et
995 3517 1242 3588 populationibus
1261 3517 1357 3586 ipsam

240 3590 432 3644 Antiochiam
460 3589 597 3658 eliasque
621 3591 763 3643 finitimas
788 3587 894 3658 Syriae
920 3594 1028 3658 gentes
1053 3588 1208 3643 Romanae
1236 3588 1358 3643 ditionis

198 3662 389 3726 14vexsbst3
418 3677 437 3714 a
456 3676 516 3729 quo
537 3661 600 3713 dux
619 3658 835 3727 AntiocheuuS,
862 3659 1058 3716 Constantino
1078 3659 1167 3714 modo
1188 3662 1358 3731 superstite,

199 3734 231 3786 15
241 3734 370 3802 turpiter
398 3733 504 3797 victus,
532 3732 684 3800 plerisque
712 3747 837 3786 suorum
867 3733 992 3798 emissis,
1021 3733 1073 3786 vix
1103 3731 1262 3801 effugeret.
1303 3731 1358 3786 Cui

241 3805 395 3858 Romanus
412 3818 586 3857 successore
600 3802 671 3856 dato
691 3805 755 3872 ipse
770 3818 892 3872 quoque
905 3803 944 3856 ed
957 3803 1068 3857 bellum
1082 3803 1150 3870 ivit3
1170 3817 1237 3857 cum
1257 3809 1358 3858 autem

241 3878 272 3930 iu
285 3877 393 3930 itinere
404 3873 578 3942 Chalepitee
591 3875 683 3944 legati
699 3890 767 3928 cum
781 3875 957 3928 muneribus
971 3875 1091 3944 magnis
1104 3876 1131 3928 ei
1149 3875 1358 3941 occurrissent,

241 3948 361 4001 veniam
382 3953 519 4015 petentes
537 3961 575 4000 uc
592 3947 747 4000 servitutis
767 3947 996 3999 renovationem
1016 3952 1046 3999 et
1070 3947 1245 4014 pensionem
1267 3948 1359 4000 tribu·

241 4024 340 4072 torum
366 4033 427 4070 non
450 4017 625 4084 solutorum,
654 4032 734 4085 quse
758 4018 789 4070 in
814 4021 968 4085 posterum
991 4019 1082 4071 etiam
1106 4018 1358 4085 quotannis'cum

198 4089 231 4144 16
242 4091 323 4144 boue
341 4089 442 4158 gretia
462 4088 590 4142 daturus
610 4094 696 4154 esset,
716 4087 900 4157 pollicentes,
921 4090 1060 4157 quumvis
1072 4089 1174 4142 multis
1193 4088 1358 4143 illustribus

242 4161 370 4215 ducibus
399 4161 437 4212 eb
463 4159 606 4214 ulteriore
634 4173 799 4229 progressu
828 4163 981 4228 tamquam
1010 4161 1107 4214 inutili
1136 4160 1358 4215 deterrentibus

241 4246 409 4302 pacemque
427 4231 635 4298 suadentibus,
654 4246 709 4284 rex
729 4237 830 4284 tumen
851 4231 965 4300 coeptis
983 4246 1045 4285 non
1059 4231 1181 4297 destitit,
1199 4231 1359 4302 Agerenos

240 4304 330 4357 focile
349 4318 381 4357 se
395 4304 547 4356 victurum
566 4307 651 4356 retus
670 4308 699 4356 et
711 4317 746 4356 re
759 4302 837 4356 bene
851 4309 938 4370 geste
951 4316 1097 4372 magnum
1110 4318 1146 4356 ec
1166 4303 1359 4357 memorabile

197 4377 351 4430 linomen
371 4380 614 4428 consecuturum.
651 4373 837 4442 Progressus
856 4375 950 4441 igitur
971 4375 1001 4427 in
1016 4373 1134 4443 Syriam
1153 4374 1266 4428 vellum
1281 4390 1359 4428 com·

197 4448 231 4502 18
241 4448 345 4502 munit.
383 4445 441 4502 Scd
455 4444 580 4515 Arabos
600 4446 735 4501 hominos
748 4445 882 4516 expediti
897 4452 989 4516 etque
1002 4445 1143 4514 audaces,
1163 4447 1193 4500 iu
1212 4446 1359 4500 celeribus
