3050 4775
248 386 283 449 ιε
554 381 689 441 zonnn.
709 388 808 450 spru.
827 391 900 448 xm
918 389 943 465 ε,
963 389 1059 451 ε-σι.

246 577 485 641 Κωνστσντίνου
500 580 629 662 μαθών,
653 578 828 662 στράταιμα
847 574 915 641 κατ’
940 580 1037 643 αὐτοῦ
1059 580 1174 662 πέμπει
1195 578 1249 643 καὶ
1271 603 1363 664 στρα·

245 683 368 765 τηγούς,
396 682 450 747 καί
477 681 572 753 αὐτὸς
595 682 671 747 ὅσον
693 683 755 766 ἤδη
779 681 857 765 μετὰ
879 682 1021 754 πλείονος
1044 688 1186 765 στρατιᾶς
1209 684 1365 766 ἐπιστῆναι

201 782 515 869 10ἐπαγγειλάμενος.
562 788 592 851 ol
615 792 691 870 γοῦν
713 786 911 868 πεμφθέντες
934 784 1024 867 ἐγγὺς
1045 792 1102 851 τοῦ
1125 786 1364 851 Κωνσταντίνου

245 888 406 973 γενόμενοι
440 888 554 973 λόχους
588 890 754 964 καθίζουσι
788 888 842 951 καί
876 888 1087 971 συμβαλόντες
1118 891 1207 973 αὐτῷ
1238 889 1364 973 φεύγειν

201 989 231 1044 1¹
245 993 455 1074 ὑπεκρίνοντο.
501 996 566 1056 τῶν
598 992 632 1057 <il
663 997 719 1055 τοῦ
754 990 991 1055 Κωνστοντίνου
1024 992 1208 1057 διωκόντων
1239 986 1390 1067 annoni

246 1094 410 1169 ἐξόπισθεν
439 1096 544 1160 αὐτῶν
571 1096 603 1160 οἱ
628 1096 783 1178 λοχῶντες
811 1095 971 1177 γενόμενοι
1002 1095 1082 1160 κατὰ
1114 1098 1227 1161 νώτων
1259 1098 1364 1168 αὐτοῖς

90 1194 114 1251 Ρ
125 1194 154 1250 11
165 1194 437 1281 ῙῖᾹέπιτίθειται,
471 1198 524 1262 καί
552 1201 583 1263 ol
608 1200 777 1280 φεύγοντες
809 1198 1045 1282 ἐπιστραφέντες
1075 1201 1173 1282 με’σον
1199 1201 1364 1283 περιέσχον

245 1302 373 1372 αὐτούς·
402 1302 456 1365 καί
482 1300 562 1365 πολὺ
589 1308 643 1386 τῆς
671 1308 726 1365 τοῦ
753 1300 992 1366 Κωνσταντίνου
1021 1303 1194 1385 διέφθαρτο
1222 1309 1365 1385 στρατιᾶς

201 1402 390 1475 1ἳιιάιιεῖνος
413 1403 514 1476 αὐτός.
559 1411 615 1469 τοῦ
639 1404 699 1488 γὰρ
724 1406 821 1469 ἵππου
847 1405 1025 1486 τρωθέντος
1053 1406 1141 1487 αὐτῷ
1167 1404 1221 1469 καὶ
1250 1404 1301 1469 dui
1328 1403 1363 1469 τό

244 1513 369 1591 τραῦμα
393 1507 610 1591 σφαδάζοντος
632 1507 686 1571 καί
709 1508 967 1590 ἀνασκιρτῶντος,
991 1508 1174 1573 ἐκπέιιτωκε
1196 1515 1251 1593 τῆς
1269 1508 1364 1590 ἐόρσς
1376 1503 1410 1557 1⁰

201 1608 264 1674 136
282 1612 519 1680 Κωνσταντῖνος
541 1610 595 1673 καί
618 1611 759 1693 ἀνῃρέθη
782 1609 882 1673 πολλὰ
905 1610 1075 1692 δεξάμενος
1097 1610 1269 1693 τραύματα,
1293 1612 1364 1675 οὔτε

244 1714 350 1797 τυχῶν
371 1721 426 1797 τῆς
449 1714 588 1796 ἐφέσεως
614 1712 668 1777 καὶ
695 1712 793 1797 αὐτὴν
819 1712 1076 1796 προσζημιωθελς
1103 1712 1159 1797 τὴν
1187 1714 1283 1796 ζωήν,
1310 1712 1364 1777 καί

245 1816 291 1880 ὅτι
314 1816 435 1881 ἀδίκων
456 1816 543 1899 ἦρξε,
566 1815 619 1879 καί
642 1816 698 1898 τὴν
721 1816 838 1879 οἰκείαν
859 1821 914 1899 τῆς
932 1815 1033 1899 ἀρχῆς
1047 1821 1163 1897 μοῖραν
1178 1816 1361 1898 ἀποβαλών.

202 1917 299 1983 14καί
331 1920 437 2001 γέγονε
469 1918 521 1981 καὶ
553 1924 607 2002 τῆς
634 1918 778 1999 ἑσπερίου
807 1918 928 2000 λήξεως
956 1917 1132 1999 ἐπικράτεια
1159 1914 1215 2000 ὑφ’
1244 1918 1289 1981 ἑνί
1315 1926 1363 2000 τῴ

201 2020 236 2077 15
246 2019 427 2085 Κώνστσντι
454 2020 578 2103 βασιλεῖ.
624 2018 686 2083 εἶτα
714 2022 859 2091 κάκεῖνος
887 2022 931 2091 είς
956 2020 1146 2091 ἀλλοκότους
1169 2020 1362 2090 ἐκκυλισθεὶς
1373 2016 1408 2071 15

246 2124 366 2205 ἔρωτας
389 2122 442 2186 καὶ
461 2122 720 2207 ἐκόεόιητημένην
735 2124 832 2206 ζωήν,
856 2121 918 2186 ὑπὸ
934 2122 1130 2205 Μογνεντίου
1146 2123 1360 2206 ἐπεβουλεύθη

202 2226 235 2281 16
245 2224 299 2287 καί
314 2223 435 2295 ἀθλίως
450 2226 602 2308 ἀπώλετο,
628 2225 832 2307 Μαγνενιίου,
855 2227 893 2288 δν
908 2226 1026 2296 ἐκεῖνος
1048 2227 1083 2289 ἐκ
1106 2225 1246 2295 στάσεως
1269 2248 1361 2307 στρα-

245 2334 388 2413 τιωτικῆς
418 2330 589 2410 περιέσωσε
620 2327 850 2412 κινδυνεύοντα,
882 2329 944 2412 ῆόη
973 2332 1038 2393 τῶν
1066 2332 1264 2411 στρατιωτῶν
1292 2322 1360 2392 κατ’

246 2541 281 2596 15
299 2543 338 2594 ότι
356 2544 372 2595 ό
389 2543 515 2602 Κώνστος
532 2542 577 2597 καί
595 2549 640 2613 τῆς
658 2540 807 2612 ἀόελφικῆς
825 2541 953 2610 ἐκράτησε
970 2543 1074 2610 μοίρας,
1103 2541 1149 2595 καί
1172 2540 1224 2596 out
1243 2542 1361 2610 Μαγνεν·

245 2613 302 2668 τίον
320 2613 439 2684 ἀνῃρέθη
459 2612 506 2669 ΟΕ

299 2823 316 2876 2
335 2831 445 2891 προτοῦ
465 2821 585 2892 prDt'
675 2821 692 2876 5
710 2822 885 2890 ἀπεκρίναντο
904 2823 927 2876 E
1021 2823 1037 2876 6
1057 2830 1126 2892 post
1145 2824 1275 2891 λοχῶντες
1295 2822 1363 2876 add.

299 2894 394 2953 αὐτοὺς
412 2895 490 2964 pr
563 2895 579 2949 7
596 2895 677 2962 μέσον
697 2910 753 2948 om.
774 2894 798 2947 B
870 2895 887 2948 9
906 2895 986 2948 αὐτοῦ
1005 2894 1091 2963 pr‚
1110 2911 1138 2948 ν.
1152 2895 1192 2948 ad
1205 2895 1277 2949 XIII
1294 2895 1319 2961 5,
1330 2894 1363 2948 31

301 2967 335 3020 10
354 2967 558 3034 ἀιασκιρτῶντος
579 2966 601 3020 Ε
720 2965 753 3020 12
771 2967 817 3020 καί
836 2965 918 3035 αὐτὴν
937 2997 970 3004 -
989 2966 1037 3036 τὴν
1055 2967 1129 3035 ζωὴν
1147 2971 1214 3034 post
1232 2968 1364 3033 τραύματα

299 3053 342 3091 vs.
362 3037 395 3090 11
415 3037 488 3108 pr
616 3037 650 3091 14
668 3038 772 3106 γέγονεν
791 3038 807 3107 ἡ
828 3036 947 3106 prDi
1067 3047 1105 3105 τῷ
1124 3035 1229 3106 Auni,
1247 3037 1297 3106 μὲν
1317 3053 1362 3106 wp

300 3109 341 3163 15.
362 3109 396 3162 16
414 3111 514 3179 ἔρωτας
533 3109 699 3168 ἐκκυλισθιίς
719 3108 741 3164 C
814 3110 848 3164 17
866 3109 966 3170 ἐκεῖνος
986 3125 1042 3164 om.
1061 3109 1089 3162 D

246 3324 332 3394 gullo
352 3323 445 3378 duces
465 3339 533 3378 oum
552 3323 690 3377 exercitu
709 3329 816 3378 eontra
836 3338 905 3377 eum
924 3325 1013 3377 mittit
1036 3323 1186 3394 pollicitus
1210 3339 1242 3379 se
1265 3325 1363 3394 Ipsum

203 3389 237 3444 10
247 3411 315 3449 oum
338 3395 453 3450 malore
477 3395 614 3449 exercitu
638 3409 704 3448 esse
727 3400 912 3449 secuturum.
949 3393 1030 3449 illssi
1049 3396 1152 3464 igitur,
1181 3410 1249 3449 cum
1268 3409 1364 3464 prope

246 3466 285 3520 ad
305 3465 535 3522 Constantinum
561 3467 767 3533 accessissent,
796 3464 921 3520 iusidias
949 3470 1067 3535 ponunt
1095 3481 1262 3536 pugnaque
1290 3467 1364 3520 initu

203 3532 233 3586 11
247 3537 351 3607 lugam
371 3537 521 3591 simulent.
560 3537 650 3603 Quos,
680 3536 751 3590 dum
778 3535 967 3591 Constantini
994 3537 1102 3593 mllites
1130 3542 1364 3607 persequuntur,

246 3613 276 3663 et
294 3609 315 3662 ii
335 3610 386 3678 qui
406 3610 435 3662 ln
453 3609 570 3663 Insidiis
585 3608 722 3662 collocati
736 3609 859 3662 fuerant
872 3624 890 3662 a
903 3613 991 3679 tergo
1004 3609 1155 3663 invadunt
1168 3615 1198 3663 et
1210 3609 1364 3678 fugientes

246 3683 385 3734 conversi
419 3681 698 3747 clrcumvenerunt3
732 3680 775 3733 ita
807 3695 920 3749 magna
954 3695 1024 3749 purs
1053 3679 1242 3735 Constantini
1274 3680 1365 3750 periit

202 3747 398 3806 12exeroitus
418 3759 510 3821 atque
530 3752 619 3805 etiam
639 3749 688 3804 illo
707 3751 781 3820 ipse.
818 3750 894 3805 Num
914 3766 993 3821 equo
1013 3751 1173 3806 vulnerato
1193 3757 1280 3805 etex
1301 3751 1365 3805 vul-

245 3837 319 3877 nere
338 3823 462 3878 efferato
483 3828 575 3891 etque
595 3821 767 3876 exsultante
786 3821 859 3876 sellu
878 3837 1026 3878 exeussus
1036 3823 1251 3877 Constantinus
1264 3823 1364 3877 multis

202 3889 236 3943 13
247 3893 423 3948 vulneribus
443 3895 575 3963 aoeeptIs
594 3895 773 3948 interfectus
792 3898 844 3959 est,
870 3908 971 3962 neque
990 3896 1053 3948 voti
1073 3909 1196 3962 compos
1215 3896 1315 3948 faetus
1334 3899 1365 3948 et

245 3965 370 4034 insuper
393 3971 489 4020 morte
512 3966 665 4030 multatus,
694 3962 787 4032 idque
806 3966 879 4033 quia
902 3965 1033 4019 iniuriae
1058 3966 1159 4019 fuerat
1182 3970 1299 4033 ariston,
1328 3981 1365 4019 ae

202 4032 302 4090 llsua
321 4038 408 4106 regni
428 4042 515 4104 parte
534 4037 680 4106 privatus.
718 4033 818 4103 Atque
838 4037 922 4091 venit
941 4037 1031 4090 etlam
1054 4036 1250 4092 occidentalis
1269 4038 1365 4106 partis

202 4104 236 4158 15
246 4123 374 4177 reguum
400 4107 439 4160 ad
463 4123 558 4161 unum
583 4106 778 4162 Constantem
801 4122 915 4176 regem.
953 4107 1029 4161 Tum
1057 4108 1107 4162 ille
1135 4123 1266 4177 quoque,
1295 4123 1364 4162 cum

245 4180 276 4232 in
300 4183 508 4233 monstruosos
532 4177 688 4232 incidisset
712 4193 831 4231 umores
854 4195 890 4232 no
915 4178 1092 4233 dissolutam
1117 4180 1219 4247 vitam,
1247 4179 1364 4233 insidiis

202 4249 412 4320 restagnante
430 4251 539 4304 misere
559 4250 660 4319 periit3
690 4263 779 4316 qutun
799 4248 1006 4319 Magnentium
1029 4249 1080 4304 ille
1103 4266 1140 4303 ex
1162 4251 1294 4304 tumultu
1312 4252 1364 4304 mi·

246 4321 330 4374 litum
355 4323 509 4390 eripuerat
537 4322 766 4390 periclitantem,
795 4337 863 4375 curn
890 4323 951 4375 ianr
979 4322 1087 4376 milites
1116 4321 1265 4376 adversus
1294 4337 1364 4376 oum

246 4393 436 4452 strinxissent
455 4392 573 4464 gladios
593 4407 629 4448 ac
648 4391 811 4465 perfodere
830 4408 899 4448 eum
918 4400 1019 4449 essent
1037 4395 1144 4464 parati.
