3050 4775
264 373 316 434 ια
530 369 1116 449 zoom.sp1o.x11123,4o-24‚s.

174 565 198 620 B
217 567 249 622 41
260 562 320 644 μὲν
341 563 425 626 πάνυ
448 561 506 626 σὺν
527 569 574 644 τῷ
595 562 697 645 πατρί,
722 561 795 632 τοὺς
819 557 847 624 δ’
871 561 984 632 ἄλλους
1007 557 1083 626 καθ’
1108 562 1227 626 ἑαυτόν.
1274 559 1329 645 τὴν
1352 555 1380 626 δ’

261 667 360 729 αίτίαν
381 671 436 749 τῆς
458 665 555 728 αὐτοῦ
577 665 717 747 τελευτῆς
740 665 772 728 σί
792 664 851 746 μὲν
873 664 968 727 νόσον
991 665 1148 746 γεγονέναι
1171 665 1276 746 φασίν,
1300 666 1332 727 οῖ
1352 660 1381 727 δ’

261 769 295 830 ἓν
317 768 407 850 θήρᾳ
429 769 460 831 οἱ
482 767 639 831 ἐλαύνοντι
663 773 830 848 συμπεσεῖν
852 766 906 830 τὸν
929 769 1023 829 donov
1046 766 1212 849 ἱστόρησαν
1235 767 1288 830 καὶ
1303 767 1381 849 πλη-

215 873 378 952 42γέντων
406 871 495 952 αὐτῷ
520 871 653 952 καιρίων
679 875 790 952 μερῶν
817 868 884 952 μετ’
915 869 1018 950 ὀλίγον
1044 869 1162 932 θανεῖν.
1208 869 1248 952 ἦν
1271 870 1305 932 δὲ
1328 870 1380 934 λο-

262 979 350 1054 γικῆς
372 972 514 1043 παιδείας
536 973 596 1036 οὐκ
619 972 816 1055 ἀνομίλητος,
844 971 920 1035 ἀλλὰ
943 971 997 1035 καὶ
1018 977 1084 1035 τῶν
1105 972 1211 1036 ἄλλων
1232 975 1408 1055 passm-5

261 1074 330 1145 κὼς
351 1075 587 1157 μαθηματικῶν
608 1075 729 1158 βίβλων
751 1075 805 1138 καὶ
827 1081 882 1158 τῆς
904 1074 1113 1157 ἀστρονομίας
1135 1074 1231 1156 αὐτῆς
1249 1075 1380 1155 ἀπεγεύ-

216 1183 252 1238 43
261 1194 352 1240 σατο·
386 1178 524 1241 ἱππεύειν
555 1177 608 1240 καί
635 1178 770 1250 τοξεύειν
799 1179 842 1248 εἰς
864 1178 965 1261 ἄκρον
987 1179 1115 1260 ἤσκητο,
1147 1178 1200 1240 καὶ
1222 1177 1303 1259 πρὸς
1325 1178 1381 1260 τὴν

215 1280 421 1364 44γροφικὴν
443 1279 478 1344 δὲ
500 1280 554 1343 καί
575 1279 632 1363 τὴν
653 1279 824 1363 πλαστικὴν
847 1280 958 1354 δεξιῶς
980 1278 1069 1362 εἶχεν.
1116 1279 1252 1362 ἐπιεικὴς
1275 1280 1310 1343 δὲ
1327 1279 1381 1343 τόν

260 1384 378 1464 τρόπον
401 1383 568 1465 γενόμενος
588 1383 769 1465 μαλθακῶς
790 1382 872 1466 πρὸς
889 1384 1093 1465 μεταχείρισιν
1107 1383 1303 1464 πραγμάτων
1319 1383 1380 1446 διέ-

260 1503 356 1549 κειτο·
385 1485 462 1549 ὅθεν
484 1485 539 1548 καί
561 1486 592 1549 οἱ
612 1480 688 1568 παρ’
713 1485 802 1567 αὐτῷ
826 1485 1010 1568 δυνηθέντες
1034 1484 1172 1566 ἐκτομίαι
1194 1484 1293 1547 πολλὰ
1316 1491 1380 1550 τῶν
1393 1494 1427 1548 10

261 1589 299 1651 οὐ
324 1588 460 1651 δεόντων
482 1586 674 1669 εἰργάσαντο,
697 1587 717 1651 ό
737 1585 893 1671 Ἀντίοχος
915 1587 969 1651 καί
990 1583 1056 1670 μετ’
1081 1588 1199 1650 ἐκεῖνον
1219 1587 1380 1670 Ἀμόντιος

261 1691 314 1753 καί
336 1692 506 1761 τελευταῖος
528 1688 725 1772 Χροσόφιος.

181 1800 204 1855 C
216 1798 252 1854 45
352 1792 402 1855 Ἐν
428 1798 492 1862 τοῖς
520 1793 646 1875 χρόνοις
674 1793 708 1855 δὲ
736 1793 847 1857 τούτου
869 1798 925 1857 τοῦ
948 1793 1110 1876 βασιλέως,
1142 1792 1296 1873 Πρόκλου
1324 1799 1379 1857 τοῦ

260 1897 455 1978 πατριάρχου
471 1894 681 1965 λιτανεύοντος
701 1895 758 1958 σὺν
780 1903 827 1976 τῴ
849 1895 961 1979 κλήρῳ
983 1895 1037 1959 καὶ
1053 1895 1191 1977 ’πλείστῳ
1213 1896 1301 1978 μέρει
1323 1901 1379 1960 τοῦ

215 2005 251 2060 46
259 1998 405 2082 πλήθους
426 2004 481 2079 τῆς
502 1997 636 2073 πόλεως,
665 1999 760 2080 ἄφνω
787 1997 912 2062 παιδίαν
934 1999 1051 2080 αἴρεται
1073 1998 1220 2078 ἐναέριον.
1265 2004 1320 2060 τοῦ
1345 1997 1424 2060 ‹itu›

260 2103 339 2165 λαοῦ
351 2100 581 2182 θαμβοσμόνοο
593 2098 646 2162 καὶ
658 2100 707 2163 ἐπὶ
722 2101 864 2164 πλεῖστον
878 2102 1020 2183 βοῶντος
1034 2100 1070 2165 τὸ
1081 2100 1203 2182 “Κύριε
1215 2101 1377 2184 ε’λίησον”,

113 2201 354 2273 θίΙΙΙὸδαῦθις
382 2203 546 2284 κατάγεται
571 2201 608 2266 τὸ
633 2203 768 2284 παιδίον,
801 2203 891 2285 λέγον
912 2204 1076 2286 μυηθῆναι
1097 2203 1143 2285 μὴ
1168 2203 1231 2266 δεῖν
1253 2205 1378 2285 προοτί·

260 2306 377 2370 θεοθαι
399 2312 445 2386 τῷ
474 2304 632 2389 Τρισαγίῳ
654 2305 689 2368 τὸ
712 2306 754 2368 “ό
777 2307 974 2389 σταυρωθεὶς
997 2303 1035 2370 δι’
1059 2307 1178 2389 ἡμᾶς”.

260 2500 278 2555 4
296 2501 350 2561 οίος
369 2500 402 2570 ἢν
420 2501 437 2553 ό
456 2500 596 2559 Θεοδόσιος
615 2499 663 2555 ΟΕ
735 2501 770 2555 13
789 2503 933 2571 σημείωσαι
951 2499 985 2569 Λ,
1003 2501 1062 2570 περὶ
1081 2509 1127 2556 τοῦ
1146 2502 1304 2571 ἁρπαγέντος
1321 2523 1379 2557 παι·

261 2573 320 2627 δίον
338 2572 367 2625 ἕν
384 2580 422 2640 τῷ
441 2572 498 2641 ἀέρι
519 2572 543 2625 Ε

314 2748 432 2819 ἳνόσον]
447 2766 475 2803 v.
486 2749 640 2817 Ioannem,
660 2751 752 2806 Nikiu
766 2751 870 2822 oppidi
884 2752 1068 2823 episcopum,
1088 2753 1104 2806 l.
1117 2768 1141 2805 e.
1155 2770 1183 2823 p.
1193 2753 1247 2808 472
1318 2754 1343 2808 5.
1361 2754 1378 2808 6

313 2821 486 2891 μετεσχηκὼς
496 2822 694 2890 μαθηματικῶν
702 2825 804 2894 βίβλων
815 2824 936 2895 (βιβλίων
945 2824 980 2887 Ε)
994 2823 1054 2891 ΑΕ,
1072 2826 1268 2892 μαθηματικῶν
1276 2826 1378 2895 βίβλων

312 2893 840 3035 διῗιῖδῖδκδδεψῖαἶίηδίςαῗίρδδρ
878 2966 907 3020 τε
925 2895 1052 3029 duffii
1070 2896 1189 3021 wip}
1208 2968 1253 3021 και
1271 2898 1291 3021 2⁷ae
1309 2902 1377 3021 ¹3⁰⁸:

313 3057 394 3107 γρεφ.
414 3036 444 3090 τι
463 3005 523 3104 Ae',
551 3007 619 3090 ιιιί
635 3038 681 3092 και
700 3038 767 3106 πρὸς
786 3059 807 3091 ι.
827 3058 907 3107 γραφ.
928 3037 952 3092 ο
981 3040 1022 3101 (τῃ
1043 3037 1065 3093 ο
1083 3008 1163 3092 inim
1182 3039 1247 3092 ται
1266 2988 1377 3093 efflui

313 3115 359 3164 esi
372 3107 540 3179 supposita)
556 3124 613 3177 wp,
631 3110 751 3178 καὶπρὸς
762 3129 783 3163 τ.
798 3130 878 3177 γραφ.
893 3111 1002 3164 omisso
1016 3111 1045 3163 δὲ
1058 3109 1100 3163 Dis
1172 3112 1189 3164 8
1203 3109 1270 3179 εἶχε·
1290 3112 1335 3164 καί
1348 3110 1375 3163 D

314 3182 347 3234 14
365 3182 485 3233 πλείστου
504 3179 526 3234 C
600 3180 633 3234 17
651 3182 734 3250 λέγων
753 3180 880 3251 BDilwp
951 3181 1088 3249 μυηθῆναι
1109 3197 1165 3235 oni.
1186 3180 1208 3237 C

213 3379 247 3436 41
259 3379 348 3434 solus.
389 3376 519 3434 Causam
544 3384 646 3434 autem
671 3379 736 3433 eius
766 3378 865 3432 obitus
894 3378 944 3431 aiii
974 3378 1112 3432 morbum
1141 3380 1235 3434 fuisse
1263 3380 1375 3447 dieunt,

259 3451 308 3505 aiii
332 3452 361 3503 in
387 3452 528 3505 venando
555 3466 623 3505 oum
646 3466 724 3519 equo
750 3451 875 3521 lapsum,
904 3450 1046 3503 vitalibus
1070 3450 1245 3517 vulneratis,
1273 3452 1375 3521 paullo

212 3524 249 3579 42
259 3530 328 3592 post
345 3536 412 3577 esee
429 3529 580 3577 mortuum
603 3526 816 3576 narraverunt.
854 3521 926 3575 Erat
945 3521 1100 3575 rationalis
1119 3521 1296 3591 discipliuae
1314 3538 1375 3578 non

258 3608 369 3664 expers
387 3594 440 3648 sed
461 3609 528 3648 oum
542 3596 571 3647 in
587 3594 694 3648 ceteris
707 3594 791 3646 libris
804 3592 1022 3647 mathematicis
1035 3599 1183 3657 versutus
1203 3600 1265 3648 tum
1280 3595 1375 3664 ipsam

212 3669 249 3722 43
258 3666 473 3719 astronomiam
493 3666 681 3734 degustavit3
709 3664 867 3733 equitandi
887 3669 916 3717 et
935 3664 1100 3732 sagittandi
1119 3679 1268 3719 summum
1288 3682 1375 3720 usum

258 3737 398 3804 habebat,
419 3742 578 3806 praeterea
598 3735 752 3806 pingendo
772 3740 802 3789 et
816 3734 958 3804 tingendo
973 3734 1132 3789 dexterum
1146 3752 1178 3789 se
1192 3739 1375 3805 praestabat.

213 3808 331 3864 dicum
356 3816 467 3874 eutem,
495 3822 556 3876 qua
580 3813 645 3861 erat
666 3811 797 3861 naturae
815 3806 971 3872 modestia,
1000 3806 1040 3859 ad
1059 3822 1107 3860 res
1126 3807 1278 3876 gerondas
1297 3816 1376 3863 esset

258 3880 361 3946 mollis,
380 3877 548 3934 Antiochus
567 3884 597 3933 et
615 3884 684 3948 post
698 3878 781 3932 ilium
795 3878 953 3931 Amantius
967 3892 1003 3931 ee
1017 3878 1148 3947 donique
1162 3878 1374 3951 chrysophius,

258 3951 390 4006 eunuchi
409 3949 492 4020 apud
511 3966 581 4005 eum
599 3955 746 4019 potentes,
767 3950 861 4003 multe
879 3948 991 4003 iniuste
1010 3956 1147 4018 egerunt.

212 4025 249 4077 45
347 4021 446 4075 Huius
465 4022 547 4091 regis
565 4022 759 4091 temporibus,
780 4034 848 4074 eum
868 4019 994 4074 Proelus
1014 4022 1187 4090 patriarcha
1207 4037 1274 4076 oum
1294 4024 1373 4078 clero

258 4098 289 4149 et
307 4095 440 4146 maxima
459 4098 545 4163 parte
565 4092 763 4147 multitudinis
781 4092 920 4146 urbanae
938 4091 1073 4145 litaniam
1098 4093 1220 4160 feceret,
1249 4102 1374 4164 repente

212 4166 383 4221 isseffertur
401 4179 479 4234 puer
497 4164 640 4218 sublimis.
677 4162 794 4233 Populo
815 4164 1028 4233 obstupefacto
1041 4168 1071 4217 et
1084 4178 1139 4232 per
1158 4164 1284 4219 muitum
1304 4174 1374 4221 tem—

258 4238 340 4307 poris
360 4236 510 4290 clamante
532 4235 596 4289 illa:
620 4235 739 4304 “Kyrie
763 4234 907 4302 eleison”,
936 4249 1042 4289 rursus
1066 4234 1227 4289 deducitur
1249 4252 1326 4305 puer
1344 4244 1374 4293 et

258 4308 314 4362 sibi
333 4312 530 4377 praeceptum
552 4322 618 4361 esse
637 4306 729 4375 addit,
748 4321 789 4360 ne
807 4312 909 4361 essent
922 4305 1063 4361 addenda
1078 4307 1195 4361 cantico
1210 4314 1255 4363 ter
1268 4316 1373 4365 saneto

257 4379 320 4437 iiio:
339 4378 419 4445 “Qui
440 4379 523 4435 eruci
542 4378 651 4433 affixus
669 4385 715 4435 est
733 4392 788 4449 pro
808 4376 924 4434 nobis.”
