3050 4775
246 375 300 435 122
469 377 606 440 zonis.
624 379 724 438 nrm.
743 381 816 442 xm
835 381 877 452 λδ,
896 380 1037 442 36-ΧΝ
1057 381 1082 452 1,
1101 383 1143 439 12.

201 565 237 621 37
245 563 319 650 βρίᾳ
341 563 439 630 τελῶν
461 566 607 649 ἄρχοντα.
652 566 705 631 καί
728 568 759 631 οἱ
780 567 839 650 μὲν
861 567 897 632 ἐκ
925 565 1065 651 Θρᾳκῶν
1091 565 1127 632 τὸ
1155 567 1243 651 γένος
1266 566 1364 632 ἕλκειν

245 666 341 734 αὐτὸν
363 669 514 755 λέγουσιν,
537 669 623 736 ἄλλοι
646 670 682 738 ἀὲ
704 671 740 740 ίκ
763 669 882 740 Δακῶν
902 675 968 738 τῶν
991 672 1024 738 ἐν
1042 671 1207 759 Ἰλλυριοῖς.

696 871 909 883 -ι--ι--ιμ--ι

512 1029 646 1099 LIBEII
669 1029 873 1114 QVARTVS
898 1029 1098 1099 DECIMVS.

73 1204 233 1270 wninl
326 1209 412 1294 Ἄρτι
435 1209 470 1275 ἀί
492 1212 699 1284 καταστάντος
721 1217 777 1278 τοῦ
793 1209 931 1284 Λέοντὸς
954 1211 1188 1295 αὐτοκράτορος
1210 1209 1363 1294 dnonas

245 1311 381 1377 ἐπέκειτο
413 1314 533 1396 βιάζων
565 1313 660 1380 anta
688 1314 835 1398 Καίσαρα
867 1320 994 1397 ποιῆσαι
1025 1313 1161 1397 θάτερον
1193 1317 1257 1378 τῶν
1284 1315 1364 1379 υίῶν

217 1415 342 1479 tostos
364 1415 444 1480 κατὰ
466 1418 523 1500 τὴν
545 1417 719 1500 ὑπόσχεσιν.
766 1417 1023 1501 ἀναβαλλομένου
1047 1413 1075 1481 δ’
1100 1417 1198 1482 αὐτοῦ
1213 1416 1390 1498 άἌσπαρ5

242 1525 298 1602 τῆς
319 1519 480 1604 βασιλικῆς
502 1519 688 1603 ἁλουργίδας
710 1520 876 1604 άψάμενος
898 1521 960 1603 ἔφη
984 1519 1142 1603 “βασιλεῦ,
1175 1519 1229 1585 τὸν
1251 1519 1365 1603 ταύτην

244 1621 467 1706 ἀμπεχόμενον
487 1622 664 1706 ψεύδεσθαι
679 1624 719 1688 οὗ
734 1623 878 1707 χρεών”·
901 1623 955 1688 καί
971 1625 1007 1694 ὃς
1022 1623 1260 1706 ἀνθυπὴνεγκεν
1275 1620 1363 1686 “ἀλλ’

172 1723 195 1782 0
217 1724 320 1789 'erosos
342 1726 506 1808 βιάζεσθαι
528 1726 582 1790 καλ
605 1727 737 1810 ἄγεσθαι
757 1726 804 1798 ῶς
819 1726 1057 1809 ἀνάράποάον.”
1099 1727 1193 1809 μέχρι
1209 1725 1244 1790 ἀὲ
1258 1725 1365 1794 τέλους

244 1827 380 1910 ἀντέχειν
401 1828 447 1911 μὴ
471 1829 538 1900 ολάς
559 1853 591 1892 τε
613 1830 670 1904 ῶν,
693 1831 789 1894 εἴκων
812 1829 933 1913 ἀνάγκῃ
952 1830 1097 1911 Καίσαρα
1114 1835 1198 1892 ποιεῖ
1217 1827 1280 1892 ἀπὸ
1303 1851 1364 1891 πα-

243 1931 362 2011 τρικῶν
393 1930 448 1995 τὸν
478 1938 534 1996 τοῦ
560 1932 720 2014 Ἄσπαρος
750 1932 857 2006 παῒάα,
888 1931 1119 2015 Ἀρὸαβουρίου
1153 1931 1186 1995 δὲ
1219 1930 1411 2013 distortam

217 2032 335 2096 Ιλτοῦτο
358 2033 411 2096 καλ
437 2041 475 2117 τῇ
502 2035 667 2119 συγκλήτῳ
695 2034 802 2108 ἔδοξεν
829 2035 1012 2117 ἀποθύμιον
1034 2034 1088 2098 καί
1109 2033 1163 2098 τὸν
1187 2033 1289 2117 δῆμον
1310 2039 1365 2116 τῆς

218 2135 368 2206 δπόλεως
395 2137 438 2207 είς
465 2138 569 2201 στάσιν
598 2137 744 2221 ἐκίνησεν.
792 2137 948 2201 totototo
976 2135 1036 2219 γὰρ
1065 2136 1110 2220 μὴ
1141 2138 1184 2208 είς
1211 2135 1247 2200 τὸ
1276 2135 1365 2218 γένος

243 2245 300 2303 τοῦ
315 2239 476 2322 Ἄσπαρος
496 2241 694 2322 περιστάντος
715 2246 772 2304 τοῦ
795 2239 932 2322 κράτους
953 2237 1133 2323 παρρησίας
1153 2236 1247 2309 αὖθις
1268 2237 1364 2321 λαβό-

243 2364 332 2426 μενοι
355 2343 386 2408 ολ
400 2341 553 2426 Ἀρειανοί
574 2343 700 2408 πλείονα
723 2342 809 2408 κακὰ
831 2347 896 2407 τῶν
917 2344 1083 2427 προτέρων
1105 2343 1148 2414 εἰς
1169 2340 1243 2413 τοὺς
1265 2340 1364 2425 ὀρθο-

244 2536 263 2591 3
279 2537 399 2607 βασιλεία
416 2536 530 2597 [Itonos
548 2546 594 2593 τοῦ
611 2539 726 2607 μεγάλου
745 2536 851 2593 Ach
941 2538 958 2593 b
976 2540 1123 2606 σημείωσαι
1141 2534 1194 2591 ΑΕ
1285 2535 1302 2589 9
1320 2555 1365 2605 ση-

243 2610 355 2677 μείωσσι
374 2609 398 2663 E
474 2610 509 2663 10
526 2612 564 2663 ὅτι
583 2609 627 2663 τὸν
645 2610 703 2665 σῶν
720 2618 767 2665 τοῦ
781 2610 909 2679 Ἄσπαρος
927 2611 943 2664 ά
958 2609 1038 2665 Δίων
1055 2610 1161 2678 ἐποίησε
1180 2608 1301 2677 Καίσαρα
1319 2608 1365 2662 καί

244 2682 283 2733 ὅτι
302 2681 318 2732 ά
335 2681 420 2750 δῆμος
437 2681 572 2736 ἐστασίασε
590 2680 635 2736 διὰ
653 2689 737 2747 τοῦτο,
765 2681 811 2737 καί
830 2683 867 2735 ὅτι
887 2681 924 2741 ῶς
942 2680 1156 2751 ἐπιβουλεύοντας
1174 2680 1247 2748 αὐτῷ
1265 2678 1366 2734 ἀνεῖλεν

244 2751 356 2807 άΔὲων
374 2752 418 2807 τάν
430 2753 547 2821 Ἄσπαρα
567 2753 613 2807 καί
632 2752 676 2808 τάν
693 2752 752 2807 olor
770 2752 851 2809 αὕτσῢ
866 2752 1055 2823 Ἇράαβοιίριον
1075 2750 1098 2808 C

299 2932 313 2985 1
334 2930 425 3002 τελῶν]
445 2934 550 3002 σχολῶν
568 2937 623 2988 aut
640 2938 809 3001 στρατιωτῶν
828 2933 905 2987 coni.
929 2932 980 2987 Wo
1060 2931 1084 2985 1.
1103 2929 1121 2985 2
1139 2928 1218 2985 αὐτὸν
1236 2930 1322 2984 ἕλκειν
1341 2930 1365 2984 Ε

299 3002 407 3059 Nitor
425 3002 487 3071 ΑΕ,
505 3005 533 3057 οί
550 3002 623 3074 pr
708 3004 822 3073 ίλλυροΐς
841 3001 868 3056 D
958 3002 975 3057 6
995 3002 1150 3071 ἀλουργῒάος
1168 2999 1254 3071 pr,
1274 3002 1366 3070 ἀλουρ·

297 3076 370 3144 γίάος
387 3073 446 3144 ΑΟ,
475 3075 630 3144 ἁλουργίδας
648 3073 725 3143 RDi,
752 3091 780 3129 v.
800 3074 869 3130 XIV
888 3074 914 3142 5,
933 3073 976 3129 35.
997 3074 1040 3139 10,
1058 3074 1102 3129 32.
1131 3072 1214 3127 XVII
1234 3073 1276 3139 lt,
1295 3072 1331 3127 40

299 3147 316 3201 ‘I
333 3146 495 3217 ἀπεχόμενον
515 3145 551 3214 D,
571 3163 647 3201 corr.
668 3146 719 3205 Dar
822 3146 853 3201 οὗ
873 3148 918 3201 καὶ
936 3146 1037 3215 χρεῶν·
1058 3147 1087 3205 ὃς
1106 3143 1171 3214 w*p
1191 3145 1293 3199 Invitis
1312 3141 1366 3197 AR

299 3218 316 3271 9
334 3218 386 3272 ἀπὸ
396 3221 536 3286 πατρικίου
547 3217 628 3272 ARW
639 3222 700 3272 tres
710 3218 741 3283 Ρ,
761 3218 816 3272 ἀντὶ
827 3219 967 3286 πατρικίου
979 3232 1059 3271 unus
1070 3215 1102 3285 P,
1122 3218 1269 3283 Πατρίκιον
1288 3216 1364 3271 coni.

298 3289 379 3355 Βιιες
407 3291 559 3344 erravisse
583 3290 704 3344 videtur
724 3289 857 3344 Zonaras
888 3295 926 3354 (v.
947 3290 1025 3344 B-IV
1043 3292 1200 3343 comment.
1220 3286 1364 3342 Fleckeis.

299 3377 327 3431 p.
348 3359 407 3414 134.
428 3360 487 3414 142.
508 3360 620 3425 14888.)
693 3361 725 3414 11
745 3361 894 3428 ἀποθύμιον
912 3361 988 3425 ἔδοξε
1008 3361 1080 3429 pr
1155 3359 1188 3413 13
1206 3358 1322 3427 ἄσπορος
1342 3358 1365 3411 Ε

200 3534 296 3663 millii
321 3553 390 3593 enm
412 3539 579 3594 eThracis
604 3553 703 3608 genus
731 3554 819 3594 suum
849 3540 961 3593 duoero
989 3538 1101 3605 dieunt,
1130 3538 1179 3592 alii
1209 3552 1249 3592 ex
1268 3538 1365 3591 Dacia

300 3624 373 3664 rica.

280 3626 299 3679 y
335 3682 358 3734 1.
395 3682 531 3736 Lsossn
554 3682 711 3751 imperinm
732 3682 821 3736 modo
841 3682 985 3751 adeptum
1005 3678 1104 3751 Aspar
1124 3682 1365 3750 flagitatIonibus

244 3753 385 3822 urgebat,
413 3759 448 3807 ut
472 3754 599 3808 atterum
625 3753 754 3807 filiorum
781 3768 905 3807 snorum
926 3751 1085 3808 Caesarem
1112 3753 1235 3819 iaceret,
1264 3768 1365 3821 qnem-

217 3818 408 3878 2admodnm
438 3824 630 3892 promisisset.
681 3822 754 3878 Cum
788 3830 890 3879 antem
923 3829 1131 3889 enumeretur,
1166 3824 1264 3893 Aspar
1296 3839 1365 3893 pur·

245 3910 323 3964 pura
345 3896 432 3964 regia
455 3896 605 3964 prehensa
623 3894 734 3948 “Rex’'
750 3896 849 3963 inquit
869 3895 949 3949 “hae
974 3902 1058 3948 veste
1082 3895 1222 3949 indutum
1245 3896 1365 3949 mentiri

244 3982 306 4020 non
326 3982 457 4035 aequum
465 3966 487 4020 ¹³.
526 3966 581 4022 Cui
600 3966 650 4020 ille
668 3966 789 4019 “Etiam
808 3968 877 4035 cogi
885 3964 901 3985 ’³
918 3968 1018 4035 inquit
1035 3967 1087 4020 “et
1109 3968 1204 4020 instar
1224 3966 1365 4035 manoIpii

217 4034 323 4091 3trohi
342 4054 402 4092 non
423 4037 585 4107 aequum'’.
623 4036 682 4092 Sed
703 4052 771 4091 eum
791 4038 913 4092 tandem
933 4039 1072 4092 resistere
1094 4052 1155 4091 non
1180 4042 1290 4106 posset,
1321 4052 1365 4091 oe·

245 4108 320 4163 dens
339 4110 512 4164 necessitati
532 4108 693 4163 Caesarem
713 4108 786 4162 saeIt
805 4124 843 4163 ex
864 4110 991 4179 patricio
1007 4110 1132 4177 Asparis
1150 4109 1252 4175 filium,
1272 4108 1364 4161 Arda-

218 4176 325 4233 4burii
350 4181 483 4234 fratrem.
526 4180 611 4244 Quae
635 4195 683 4233 res
706 4195 808 4248 neque
831 4182 949 4234 senatui
975 4181 1033 4234 tuit
1060 4185 1150 4249 grata
1178 4184 1208 4233 et
1236 4180 1366 4234 multitu·

218 4250 346 4305 odinem
365 4252 514 4305 urbanam
536 4252 575 4305 ad
594 4251 772 4305 seditionem
792 4252 918 4321 impulit.
955 4250 1147 4305 Verebantur
1166 4252 1254 4318 enim,
1274 4251 1366 4305 need

244 4330 367 4392 gentem
381 4322 506 4392 Asparis
525 4324 672 4378 translato
692 4323 828 4390 imperio,
845 4322 950 4376 Ariani
969 4324 1063 4377 libere
1083 4321 1203 4377 dicendi
1216 4326 1367 4391 potestate

245 4394 354 4453 lterum
373 4400 499 4465 accepta
518 4394 658 4466 pluribus
676 4394 762 4449 malis
787 4408 878 4465 qnam
903 4399 973 4450 ante
999 4393 1185 4450 orthodoxos
1204 4393 1366 4451 afficerent.
