3050 4775
342 398 618 457 VALENTIANVS
637 401 651 455 Ι
669 399 905 456 IMPERATOR.
942 398 1103 456 VALENS.
1249 401 1284 456 75

161 593 210 668 τῷ
224 587 346 669 βασιλεῖ
361 583 608 666 Οὐαλεντινιανῴ
626 584 750 648 ἀδικίαν
773 585 988 665 έπεγκαλοῦσα
1012 591 1058 666 τῷ
1080 584 1283 667 πραιποσίτῳ.

161 691 335 771 ἐρευνήσας
362 693 439 769 γοῦν
462 686 481 749 ὁ
503 687 711 768 αὐτοκράτωρ
738 687 793 750 καὶ
819 686 912 768 γνοὺς
942 687 988 769 μὴ
1021 687 1197 769 ψεύδεσθαι
1229 686 1284 769 τὴν
1297 681 1328 734 ¹6

162 798 307 874 γυναῖκα,
329 791 626 872 προσκαλεσάμενος
652 788 706 852 τδν
733 790 936 871 πραιπόσιτον
968 790 1162 872 θεραπεῦσαι
1194 791 1282 853 κεκέ-

161 896 255 958 λευκε
276 900 315 977 τῆ
337 893 459 975 γυναικί
480 893 516 956 τὸ
539 893 688 975 ἀδίκημα.
733 893 878 962 κάκεῖνος
901 898 939 976 τῇ
961 893 1120 975 παρρησίᾳ
1143 899 1180 975 τῆ
1203 891 1285 973 πρὸς
1295 887 1328 942 ¹7

132 996 218 1061 brba
248 997 376 1079 βασιλέα
410 997 547 1077 θαρρῶν
581 995 695 1059 οὐδένα
730 996 825 1076 λόγον
856 997 947 1059 ἔθετο
978 1002 1033 1078 τῆς
1064 996 1283 1077 ἀδικουμένης.

160 1100 344 1183 προσῆλθεν
366 1097 423 1162 οὐν
444 1098 498 1162 καί
521 1096 616 1168 αὐθις
642 1105 689 1179 τῷ
715 1100 874 1180 βασιλεῖῆ
899 1099 989 1182 γονή·
1022 1098 1075 1162 καί
1103 1100 1139 1168 ὃς
1164 1094 1329 1180 μαθὼν18

160 1203 276 1284 μήτινα
298 1203 415 1266 θέσθαι
436 1202 589 1284 φροντίδα
612 1207 666 1285 τῆς
690 1201 839 1283 γιναικδς
860 1201 914 1264 τὸν
935 1201 1148 1282 πραιπόσιτον,
1173 1196 1317 1264 αὐτίκαο

161 1311 280 1387 γσμνοῒ
297 1305 356 1387 μέν
377 1307 495 1369 ἐκεῖνον
521 1310 577 1367 τοῦ
606 1306 794 1386 ἀξιώματος,
828 1305 944 1368 κελεύει
971 1303 1006 1367 δὲ
1030 1305 1159 1368 δεθέντα
1183 1305 1216 1366 ἕν
1238 1310 1285 1382 τῷ

161 1408 292 1490 θεάτρῳ
306 1409 523 1491 περιαχθῆναι,
539 1407 665 1488 ἀγῶνος
679 1408 810 1470 ἷππικοῦ
827 1407 993 1488 ἀγομένου,
1018 1407 1172 1489 κηρύκων
1187 1408 1284 1470 αὐτοῦ

116 1513 153 1565 10
160 1511 370 1592 προαγθπων
391 1510 446 1573 καί
467 1509 503 1573 τὸ
526 1511 569 1580 εἰς
590 1510 647 1592 τήν
671 1516 802 1590 γυναῖκα
825 1511 979 1592 βοώντων
1002 1511 1141 1591 ἀδίκημα
1161 1509 1284 1572 καὶτοῦ

161 1613 326 1695 βασιλικοῦ
348 1612 559 1694 κελεύσματος
573 1613 629 1695 τήν
643 1614 827 1695 παρακοήν
852 1613 905 1676 καί
920 1612 997 1694 μετὰ
1013 1613 1069 1695 τήν
1083 1611 1285 1694 περιαγωγὴν

162 1714 217 1778 καί
244 1714 281 1778 τὸ
308 1716 458 1798 κήρυγμα
492 1715 558 1779 έκεῒ
585 1713 732 1797 παρευθύ
764 1717 923 1798 καυθῆναι
956 1716 1058 1778 αὐτόν.
1105 1714 1159 1778 καί
1185 1714 1204 1777 δ
1226 1713 1285 1795 μὲν
1298 1711 1329 1764 ¹9

162 1823 304 1881 τοιοῦτον
326 1819 440 1898 εὕρατο
462 1819 562 1888 τέλος·
585 1819 605 1900 ῆ
630 1818 665 1881 δὲ
686 1824 772 1881 πᾶσα
797 1819 916 1882 ἐκείνου
932 1819 1093 1899 περιουσία
1110 1823 1147 1901 τῇ
1164 1815 1285 1899 γυναικί

163 1920 215 1984 διὰ
238 1921 395 2003 βασιλείου
418 1921 672 2003 παρακεχώρητο
695 1920 888 2003 γράμματος.

117 2027 153 2080 15
247 2021 394 2096 ’Estne
417 2023 452 2087 δὲ
475 2024 494 2087 δ
513 2021 657 2105 βασιλεὺς
673 2020 765 2092 οὐιος
785 2023 818 2085 έν
832 2021 866 2084 Γ
861 2023 977 2092 αλλίαις
994 2023 1120 2104 διάγων,
1144 2021 1283 2084 anaiad-
1295 2020 1330 2073 20

163 2149 222 2196 σας
243 2125 361 2208 χρόνου
383 2132 525 2208 μακροῦ·
549 2125 625 2208 έβίω
650 2123 710 2206 γὰρ
734 2126 785 2208 ἔτη
805 2124 886 2206 πρὸς
901 2113 1062 2207 τέσσαρσιν
1078 2124 1284 2206 ὀγδοήκοντα,

162 2228 276 2292 ἕνδεκα
307 2229 429 2292 τούτων
459 2229 645 2311 βασιλεύσας
676 2227 836 2298 ἐνιαυτοὺς
864 2227 917 2292 καὶ
943 2227 997 2292 τὸν
1019 2227 1088 2291 υἱὸν
1111 2227 1144 2290 Γ
1139 2225 1286 2309 ρατιανδν

161 2337 218 2414 τῆς
240 2331 397 2413 βασιλείας
419 2335 484 2395 τῶν
506 2331 660 2412 ἑσπερίων
684 2329 834 2414 διάδοχον
857 2329 1096 2402 καταλελοιπώς.

258 2432 383 2516 Οὐάλης
407 2434 441 2497 δὲ
463 2438 528 2497 τῶν
549 2432 789 2516 ἀρειανιζύντων
808 2434 1004 2516 ὑπερμαχῶν
1020 2434 1066 2504 ὡς
1081 2434 1285 2516 ὁμογνώμων
1297 2424 1337 2489 16
1355 2430 1382 2485 D

115 2540 154 2593 ‘20
163 2538 270 2607 αὐτοῖς
295 2536 368 2607 τοὺς
396 2536 595 2619 ὀρθοδόξσνς
622 2537 736 2600 ἐδίωκε
763 2536 817 2600 καὶ
848 2535 947 2600 πολλὰ
981 2536 1149 2619 ἐπήνεγκεν
1181 2538 1285 2607 αὐτοῖς

161 2714 180 2767 3
198 2713 259 2780 περὶ
273 2714 400 2768 Ῥοδανοῦ
419 2714 465 2768 καὶ
483 2716 555 2773 ὅπως
576 2722 668 2768 τοῦτον
685 2712 829 2768 ἀδικοῦντα
847 2713 972 2767 ἐκόλασεν
991 2716 1041 2775 (σε
1052 2714 1086 2777 Ε)
1103 2714 1284 2770 Οὐαλεντινια·

160 2786 208 2845 κός
226 2784 275 2840 GE
349 2784 382 2839 15
400 2784 504 2855 τελευτή
526 2784 786 2841 Οὐαλενιινιανοῦῦ
860 2784 893 2839 19
911 2785 1031 2854 βασιλεία
1051 2786 1195 2845 Οὐάλεντος
1213 2788 1283 2855 αἱρε-

162 2865 238 2911 τικοῦ
258 2858 321 2924 (σίρ.
342 2872 399 2911 om.
420 2856 484 2922 DE)
503 2855 584 2911 ΑΒΕ

218 3019 233 3071 1
252 3018 402 3085 ἐγκαλοῦσα
420 3018 444 3072 Ε
539 3022 694 3086 προποσίτῳ
712 3019 762 3088 B„
784 3034 860 3073 corr.
880 3019 940 3071 alia
959 3017 1101 3085 (Woisn)
1121 3032 1236 3084 manue,
1257 3036 1284 3073 v.

220 3088 411 3156 X11115,14
491 3090 575 3144 ἳούν
591 3090 695 3159 DEwp
778 3090 946 3159 6προςῆλθε
964 3090 1072 3159 γοῦνΕ
1153 3090 1285 3145 Ἰθέσθαι

219 3165 292 3215 aute
311 3160 407 3216 αὐτίκα
424 3160 502 3231 pr

160 3336 253 3401 mine,
282 3336 365 3405 apud
388 3351 493 3406 regem
511 3334 756 3391 Valentinianum
783 3336 940 3391 cuiusdam
965 3338 1096 3391 iniuriae
1124 3342 1285 3393 accusatus

162 3411 217 3461 cst
264 3406 448 3470 Quaestione
476 3407 570 3476 igitur
594 3408 698 3462 habita
721 3410 886 3477 imperator
912 3423 979 3461 cum
1004 3410 1199 3477 comperisset
1224 3425 1285 3464 non
1297 3400 1330 3454 16

161 3478 284 3532 mentiri
309 3479 461 3544 feminam,
490 3480 666 3532 arcessitum
693 3482 898 3549 praepositum
927 3480 1105 3534 satisfacere
1132 3482 1218 3535 iussit
1246 3482 1285 3535 ie-

162 3549 265 3603 miuae
284 3548 323 3603 de
342 3550 460 3602 iniuria.
498 3548 604 3618 Neque
623 3556 723 3603 tamen
743 3551 793 3603 ille
812 3552 912 3619 pratia
931 3552 1013 3619 regis
1027 3552 1123 3605 fretus
1136 3552 1227 3605 ullam
1241 3542 1330 3604 rra-17

162 3621 277 3675 tionem
296 3619 403 3675 habuit
421 3621 552 3674 feminae
571 3621 680 3675 laesae.
718 3619 801 3676 Adiit
825 3623 919 3691 igitur
945 3623 1035 3676 etiam
1060 3623 1161 3677 denuo
1181 3637 1286 3687 regern
1297 3614 1331 3665 18

162 3692 290 3757 femina3
318 3692 367 3745 hic
393 3706 462 3744 curn
486 3699 590 3746 nosset
612 3693 726 3746 nuliam
750 3692 924 3749 adhibuisse
948 3696 1134 3748 curationem
1156 3694 1287 3748 feminae

163 3764 381 3832 praepositum,
408 3763 488 3817 illico
517 3764 599 3817 iilum
629 3763 778 3833 dignitate
804 3765 955 3834 privatum
983 3766 1068 3820 iubet
1095 3766 1229 3818 vinctum
1255 3765 1285 3818 in

162 3834 284 3889 theatro
304 3834 489 3889 circumduci
503 3834 582 3889 ludis
596 3834 795 3903 Circensibus,
816 3837 1019 3903 praeconibus
1034 3836 1287 3907 praecedentibus

163 3911 195 3959 et
212 3906 356 3959 iniuriam
375 3910 481 3960 contra
500 3907 643 3961 seminam
663 3908 772 3961 factam
794 3913 823 3961 ct
842 3907 919 3975 regii
939 3909 1011 3961 iussi
1032 3909 1286 3976 contemptionem

162 3982 282 4047 etpost
301 3978 588 4032 circumductionem
610 3979 741 4031 edictum
761 3992 883 4047 quoque
908 3978 1114 4043 clamantibus,
1144 3993 1241 4047 equo
1262 3979 1286 4031 is

162 4048 222 4102 illic
236 4050 337 4103 statim
351 4050 389 4103 sit
402 4049 635 4103 comburendus.
673 4049 729 4111 Qui
744 4050 865 4117 quidem
885 4050 937 4103 tali
957 4050 1014 4103 fuit
1033 4051 1126 4115 exitu,
1146 4050 1286 4104 omuibus
1298 4043 1331 4095 19

162 4121 245 4175 iliius
263 4122 374 4189 opibus
392 4120 524 4174 feminae
542 4136 597 4185 per
615 4121 733 4189 regiam
753 4122 904 4175 concessis
923 4121 1088 4189 epistolam.

252 4192 334 4246 Obiit
352 4205 406 4244 rex
423 4191 454 4243 in
474 4188 578 4244 Galliis
598 4190 723 4255 degens,
752 4193 815 4245 vita
834 4191 972 4258 longiore
995 4208 1069 4245 usus
1098 4192 1186 4259 (vixit
1206 4186 1331 4245 enim90

163 4277 261 4316 aunos
279 4260 440 4325 LXXXIV,
466 4262 610 4330 regnavit
628 4262 682 4329 xi)
707 4263 812 4317 relicto
835 4262 894 4316 iiiio
914 4261 1069 4331 Gratiano,
1098 4264 1186 4331 regni
1210 4264 1285 4315 occi-

163 4332 295 4388 dentalis
311 4347 496 4387 successore.

252 4404 297 4459 16.
333 4403 453 4471 Veiens,
480 4402 663 4460 Ariaumum
693 4404 835 4459 defensor
864 4408 893 4458 ot
921 4418 1070 4471 assensor,
1099 4401 1285 4457 orthodoxos
