3050 4775
140 401 340 463 CHOSROES
353 400 514 463 REGNVM
527 400 768 462 necterent.
804 402 892 463 EIVS
904 400 1169 463 VATICINATIO.
1207 402 1259 462 189

140 587 219 651 κατὰ
243 586 316 658 τοὺς
338 588 469 670 ἀστέρας
491 589 645 672 κινῆσεως
667 588 838 651 κάντεῦθεν
861 590 1018 671 αὐχοῦντα
1042 590 1204 671 γινώσκειν
1221 588 1258 651 τὰ

139 690 301 772 μελλοντα,
334 690 431 773 φάναι
457 690 509 753 “ei
531 691 576 773 μὴ
600 690 664 754 ὑπὸ
686 696 751 754 τῶν
772 691 970 774 πραγμάτων
992 691 1259 774 έτυραννοάμεθα,

36 793 201 855 111295οὐκ
223 795 263 855 ἂν
286 792 476 874 ἒθάρσηοας,
509 794 667 874 στρατηγέ,
700 792 755 856 τὸν
779 794 880 875 μέγαν
902 793 1029 874 βασιλέα
1052 793 1175 875 βάλλειν
1198 799 1260 863 τοῖς

141 896 338 976 σκώμμασιν.
384 895 428 957 ὅτι
459 894 492 957 δὲ
519 901 583 963 τοῖς
613 900 749 977 παροῦσι
780 896 862 977 μέγα
895 901 1030 977 φρονεῖς,
1062 896 1202 957 ἄκουσον
1232 894 1262 957 τί
1268 904 1305 959 44

113 997 219 1079 ἔιδῆτα
247 1002 310 1067 τοῖς
336 997 423 1067 θεοῖς
450 998 482 1067 ἐς
508 997 637 1078 ὕστερον
658 997 867 1079 μεμελέτηται.
913 997 1192 1079 άντικαταρρεύσει,
1224 995 1259 1059 εὖ

142 1099 216 1179 ἴσθι,
241 1099 273 1169 ές
294 1098 366 1169 τοὺς
378 1098 553 1181 Ῥωμαίους
575 1099 659 1181 ὑμᾶς
683 1100 776 1163 δεινά.
823 1100 921 1173 ἕξεται
944 1099 978 1162 δέ
1001 1098 1036 1162 τὸ
1052 1099 1260 1182 Βαβυλώνιον
1268 1110 1304 1164 45

141 1201 243 1283 φῦλον
269 1208 323 1283 τῆς
342 1200 521 1284 Ῥωμαϊκῆς
547 1203 658 1284 χώρας
685 1200 805 1284 τριττῆν
832 1200 1071 1283 κυκλοφορικὴν
1094 1200 1293 1284 ἑβδομάδαΒ

142 1304 229 1367 ἐτῶν.
273 1303 351 1385 μετά
375 1302 410 1367 δὲ
432 1310 522 1367 τοῦτο
544 1306 720 1387 πεμπταῖον
735 1304 901 1387 ἑβδομάδα
917 1304 996 1367 ἐτῶν
1008 1303 1157 1385 Ῥωμαῖαι
1171 1303 1304 1385 Πέρ-46

142 1430 200 1476 σας
229 1406 515 1489 δουλαγωγήσετε.”
558 1407 679 1471 τούτων
706 1407 741 1471 δὲ
770 1407 985 1489 διηνυσμένων
1010 1406 1066 1488 τὴν
1088 1407 1261 1489 άνέσιτερον

99 1516 132 1567 10
144 1510 265 1591 ἡμέραν
287 1509 459 1592 ἐνδημῆσαι
482 1508 676 1591 ἀνθρώποις.
723 1508 800 1572 ἀλλὰ
823 1514 918 1571 ταῦτα
941 1508 1000 1589 μὲν
1022 1509 1126 1591 ταύτῃ.

228 1608 269 1674 Ὁ
291 1610 326 1674 δὲ
348 1611 555 1693 αὐτοκράτωρ
578 1610 759 1692 Μαυρίκως
781 1611 835 1674 τὸν
857 1611 927 1674 υἱὸν
950 1609 1122 1675 Θεοδόσιον
1145 1611 1303 1693 άνηγό-4ἵ

142 1736 234 1794 ρευσε
262 1712 389 1795 βασιλέα
417 1710 496 1776 κατὰ
518 1714 553 1777 τὸ
575 1713 683 1795 πάσχα
706 1714 879 1795 στεφθέντα
902 1712 965 1775 ὑπὸ
987 1718 1043 1776 τοῦ
1065 1714 1259 1795 πατριάρχου

138 1813 300 1877 Ἰωάννου.
345 1814 474 1877 καὶτὸν
501 1814 578 1878 ναὸν
603 1820 668 1879 τῶν
696 1816 796 1897 ἁγίων
826 1816 1056 1898 τεσσαράκοντα
1086 1815 1305 1897 μαρτύρων48

142 1916 257 1999 πρῴην
279 1916 435 1999 ἀρχθέντα
462 1918 619 1991 κτίζεσθαι
645 1918 732 2000 παρὰ
762 1918 917 2000 Τιβερίου,
949 1918 1040 2001 ἀτελῆ
1064 1917 1098 1980 δὲ
1120 1917 1260 1980 καταλει-

101 2026 133 2079 li)
143 2019 275 2101 φθέντα,
293 2018 386 2089 αὐτὸς
401 2019 629 2102 ἀνεπλήρωσεν.
658 2020 784 2103 εἰρήνης
799 2019 833 2082 δὲ
849 2020 1009 2101 γεγονυίας
1023 2019 1105 2101 πρὸς
1119 2018 1259 2101 Πέρσας,
1269 2036 1305 2088 49

142 2120 198 2193 τὰς
227 2120 373 2204 δυνάμεις
400 2120 433 2195 ἐξ
459 2120 543 2203 ἑῴας
566 2122 615 2185 ε’ττλ
637 2121 693 2205 τῆν
720 2120 852 2205 Θρᾴκην
882 2123 1051 2205 μετήνεγκε
1081 2120 1135 2185 καὶ
1166 2120 1261 2191 αὐτὸς

142 2316 159 2368 6
178 2316 326 2383 σημείωοαι
345 2315 419 2379 ξίνον
438 2314 462 2369 Β
536 2315 567 2369 11
587 2316 625 2369 ὅτι
643 2315 686 2371 τὸν
705 2315 762 2369 υίὸν
777 2316 955 2385 δΜαυρίκιος
975 2320 1014 2379 (v.
1027 2315 1066 2369 ad
1079 2314 1148 2369 XIV
1163 2315 1204 2384 11,
1214 2314 1260 2380 20)

142 2389 239 2456 ἔστεφε
258 2386 377 2457 (ἔστεψεν
398 2386 439 2452 C).
457 2389 517 2458 τιερί
536 2395 580 2442 τοῦ
598 2396 664 2444 ναοῦ
683 2395 735 2442 τῶν
755 2389 838 2458 ἁγίων
856 2389 1049 2458 τεσσαράκοντα
1069 2389 1105 2455 (μ’
1124 2384 1157 2453 C)
1177 2386 1225 2444 OE

196 2566 214 2620 4
232 2566 392 2634 σκώμμασιν
410 2565 521 2636 Apr,
541 2567 680 2636 σκώμασιν
699 2567 760 2636 DE,
782 2584 810 2621 v.
829 2567 869 2620 ad
888 2583 916 2637 p.
937 2567 996 2634 188,
1017 2567 1050 2621 16
1125 2566 1143 2620 6
1161 2565 1188 2625 er
1206 2565 1261 2620 AR

197 2637 363 2707 Theophyl.
382 2636 490 2693 Simoc.
510 2655 539 2708 p.
557 2638 618 2708 234,
639 2639 681 2705 12,
699 2640 736 2698 εἰς
755 2636 880 2709 EwpDi,
900 2654 928 2693 v.
949 2637 989 2691 ad
1006 2637 1076 2692 XIV
1095 2637 1137 2706 12,
1158 2637 1193 2691 14

232 2714 303 2763 ante
323 2707 394 2766 δανὰ
413 2708 483 2762 add.
501 2709 532 2762 τὰ
551 2709 628 2780 pr
700 2710 800 2778 8μειὰ
813 2709 886 2764 δὲ-
900 2709 967 2764 ι’τῶν
981 2708 1071 2764 cmc
1142 2708 1259 2763 ταῦταΒ

231 2781 377 2848 πεμπταίαν
395 2779 505 2850 Allan
524 2783 655 2850 πεμπτέον
673 2781 705 2850 Β,
724 2783 845 2850 τιίμιιτην
863 2780 891 2834 D
963 2781 980 2834 9
999 2782 1098 2834 τούτων
1111 2780 1142 2835 δὲ
1160 2779 1260 2835 dee.B

197 2851 247 2904 fol.
265 2851 319 2905 ³60
416 2853 598 2920 διηνυσμένων
617 2855 674 2907 ine.
693 2851 717 2906 B
736 2854 788 2907 l'ol.
806 2853 860 2907 354
957 2851 982 2905 9.
1004 2853 1037 2905 10
1055 2850 1101 2920 τῆν
1119 2852 1261 2920 άνέστιερον

196 2923 296 2992 ἡμέραν
313 2922 459 2992 ἐνδημῆσαι
478 2923 633 2998 ἀνθρώποις
651 2923 686 2991 Α,
715 2923 762 2994 τῆν
784 2925 927 2992 άνέστιεραν
948 2923 1049 2992 ἡμέραν
1067 2924 1190 2991 ἐνδημεῖν
1208 2931 1260 2982 τοῖς

195 2994 349 3061 ἀνθρώπως
369 2993 534 3063 'Plreophyl
554 2995 661 3048 Simoc.
681 3011 708 3064 p.
728 2995 789 3063 234,
802 2997 843 3062 17,
863 2995 949 3050 Cedr.
968 2995 982 3048 l
1002 3011 1030 3064 p.
1049 2995 1163 3061 696,19,
1182 2995 1199 3064 ἡ
1217 2995 1260 3047 ἀν-

195 3066 304 3133 έστιερος
331 3065 416 3133 ἡμέρα
440 3066 582 3134 ἐνδημῆσαι
610 3066 762 3133 ἀνθρώποις
786 3065 819 3134 Ο,
847 3066 1022 3135 ἡάνέστιερος
1045 3065 1199 3133 ἀνθρώποις
1220 3066 1260 3119 έν·

196 3138 308 3206 δημῆαει
327 3137 412 3205 ῆμέρα
430 3137 502 3206 Ewp
599 3139 633 3191 10
651 3136 716 3191 ἀλλὰ
735 3153 792 3192 om.
813 3137 836 3192 Ο
928 3143 996 3207 post
1013 3137 1062 3205 μὲν
1081 3137 1150 3190 add.
1169 3137 1216 3190 οτίν
1235 3135 1260 3190 O

196 3210 238 3262 ll.
259 3207 293 3262 12
310 3207 470 3276 ἀνηγόρευσε
487 3209 595 3279 βασιλέα
614 3209 657 3262 τὸν
675 3209 731 3262 vids
749 3210 889 3263 θεοδόσιον
908 3207 932 3262 Ο
1041 3208 1075 3261 14
1093 3207 1145 3262 ὑπὸ
1164 3209 1188 3262 0

197 3281 230 3334 15
248 3287 382 3350 γεγονυῖας
401 3280 472 3350 Ewp

138 3474 256 3544 peritus
275 3480 355 3528 esset
374 3478 466 3542 atque
481 3474 652 3528 suturarum
672 3487 773 3528 rerum
786 3473 989 3543 praescientia
1007 3472 1198 3543 gloriaretur,
1219 3471 1261 3526 di-

139 3547 237 3600 xisse:
271 3543 352 3600 “Nisi
381 3546 509 3614 tempori
537 3544 731 3599 serviendum
759 3551 847 3612 esset,
875 3559 937 3598 non
956 3559 1049 3598 ausus
1068 3558 1157 3606 esses,
1187 3543 1259 3610 dux,

138 3631 287 3686 magnum
306 3631 411 3686 regem
430 3615 544 3670 salibus
563 3617 722 3671 incessere.
747 3614 825 3680 Quia
844 3630 919 3670 vero
939 3617 1030 3670 rebus
1049 3615 1305 3684 praesentlbns44

140 3689 305 3754 insolescis,
324 3687 405 3755 audi,
425 3687 497 3756 quid
512 3687 542 3740 in
557 3689 692 3741 futurum
704 3687 745 3740 dii
756 3688 974 3741 constituerint.
1003 3685 1083 3741 Scito
1094 3701 1143 3739 res
1153 3685 1259 3740 adver·

140 3775 191 3813 sas
208 3759 248 3812 ad
261 3774 317 3813 vos
330 3758 482 3812 Romanos
495 3773 562 3812 esse
574 3757 725 3812 redituras
738 3763 769 3811 et
781 3766 904 3827 gentem
917 3757 1134 3826 Babylonicam
1148 3757 1185 3810 tri
1209 3757 1257 3810 lici
1268 3763 1303 3816 45

140 3845 291 3885 annorum
302 3831 474 3898 septenario
486 3830 615 3882 circuitu
625 3828 792 3883 Romanam
803 3829 952 3883 dicionem
965 3829 1166 3882 obtenturam.
1186 3773 1259 3881 Boot
1268 3833 1303 3886 46

140 3901 336 3955 illudentem
356 3915 410 3954 vos
429 3899 556 3954 Romani
585 3902 723 3968 quintum
747 3901 952 3970 septenarium
980 3914 1130 3953 annorum
1150 3899 1259 3952 Persas

139 3974 289 4026 servitute
308 3971 478 4041 premetis.''
513 3970 554 4026 Iis
582 3973 712 4040 peractis
741 3973 820 4026 diem
848 3973 913 4025 sine
941 3986 1069 4041 vespere
1088 3971 1259 4024 hominibus

140 4044 326 4098 illucescere.
345 4041 430 4096 Haec
449 4043 507 4096 ille.

230 4114 399 4184 Imperator
408 4119 510 4168 autem
520 4113 684 4168 Mauricius
694 4113 788 4167 filium
798 4114 1002 4170 Theodosium
1011 4113 1144 4182 appellat
1154 4126 1258 4180 regem
1268 4115 1303 4169 47

139 4202 272 4258 eumque
287 4185 599 4256 patriarchaloanncs
616 4186 646 4239 in
666 4186 811 4254 paschate
821 4185 991 4240 diademate
1011 4190 1107 4238 ornat.
1144 4183 1258 4238 Aedem
1268 4188 1304 4240 48

139 4260 347 4330 quadraginin
365 4261 531 4328 martyrum
549 4257 721 4312 incohatam
738 4257 854 4328 pridem
873 4273 892 4310 a
905 4256 1026 4309 Tiberio
1046 4255 1176 4308 necdum
1194 4269 1259 4323 per·

140 4337 251 4386 lectam
271 4329 411 4386 absolvit.
448 4330 528 4384 Pace
547 4343 616 4383 cum
634 4328 735 4384 Persis
754 4329 843 4396 facta,
873 4327 1009 4397 legiones
1028 4343 1067 4381 ex
1087 4327 1210 4381 Oriente
1227 4328 1303 4382 iuli)

138 4404 301 4458 Thraciam
321 4403 477 4458 revocavit
496 4408 526 4456 et
544 4403 609 4472 ipse
619 4399 789 4472 Byzantina
808 4407 889 4456 terra
908 4413 1050 4469 egressus
1070 4398 1137 4453 loca
1155 4416 1174 4454 a
1193 4399 1258 4454 bar-
