3050 4775
265 440 319 500 sae
542 438 678 500 zoara.
696 438 797 499 arm.
815 439 870 498 xv
889 442 932 513 rs,
950 434 1065 511 as-uo,
1084 436 1111 497 ε.

266 628 315 692 ἵνα
337 624 383 709 μὴ
408 626 617 709 όιαγνωσθείη
641 627 689 690 ὢν
711 624 869 710 βασιλεύς·
894 630 1064 709 συμπαρῆν
1087 624 1122 689 όέ
1145 624 1176 687 ολ
1197 622 1252 687 καί
1274 621 1387 689 όΘεό-

222 730 367 800 asama.
415 729 434 793 6
458 728 493 792 όὲ
513 727 657 811 μοναχός
679 730 807 811 ἐκεῖνος,
841 727 892 791 oio
921 728 1020 812 όῆθεν
1047 728 1247 811 προμυηθελς
1274 727 1310 791 έκ
1332 731 1389 791 τοῦ

266 831 444 914 πνεύματος
473 830 509 895 τό
536 830 758 913 πλαττόμενον,
791 831 837 902 ὡς
864 831 991 914 βασιλέα
1018 836 1167 913 προσεῖπε
1191 828 1245 893 τόν
1267 828 1389 894 Λέοντα

266 934 320 997 καί
341 933 409 1017 ’μὴ
434 933 551 1015 κρύπτε
574 934 660 997 σου”
682 934 762 1016 φησί
781 932 839 997 “zi
863 934 988 1016 ἀξίωμα
1011 928 1087 1016 μηδ’
1106 933 1228 996 ἀπατᾶν
1245 932 1319 997 θέλε
1334 931 1390 1015 τὴν

222 1038 362 1119 3οἡμῶν
394 1035 595 1118 οὗθενότητα.
641 1036 707 1099 ίσθι
735 1036 769 1100 όὲ
795 1035 841 1119 μὴ
869 1035 941 1117 περὶ
965 1034 1001 1099 τὸ
1024 1036 1119 1118 σέβας
1141 1034 1253 1116 ὀρθῶς
1276 1034 1417 1098 maneth

267 1162 373 1221 μενος,
398 1138 464 1201 ἀλλ’
480 1138 626 1219 ἄντικρυς
645 1137 885 1221 είόωλολατριῖιν
907 1137 961 1201 καί
983 1135 1078 1209 αὐτὸς
1100 1136 1154 1199 καί
1176 1137 1261 1199 ἅπαν
1284 1159 1332 1201 σοι
1354 1136 1390 1201 τὸ

181 1246 257 1301 1331
267 1240 423 1323 ὑπήκοον.
469 1240 499 1303 εί
517 1240 577 1322 μὲν
600 1238 657 1303 οὖν
678 1243 887 1323 περιαιρήσεις
909 1238 945 1302 τό
969 1238 1084 1303 είόωλα
1112 1242 1176 1303 τῶν
1204 1238 1388 1323 ἐκκλησιῶν,

269 1344 353 1405 ἔσται
376 1364 425 1405 σοι
448 1342 501 1405 καλ
524 1342 544 1424 ἡ
569 1341 637 1425 ζωὴ
661 1342 715 1405 καί
737 1343 757 1425 ἡ
780 1342 918 1426 βασιλεία
941 1341 1094 1425 πολυετής
1114 1366 1147 1405 τε
1169 1341 1223 1405 καί
1245 1340 1389 1425 εὐτυχής·

267 1446 297 1507 εί
317 1444 352 1509 όέ
373 1444 418 1527 μὴ
444 1450 545 1517 τοῦτο,
580 1440 646 1507 ἀλλ’
670 1444 772 1519 ἔλπιζε
794 1450 918 1527 ταχεῖαν
940 1444 996 1527 τὴν
1019 1445 1160 1527 στέρησιν
1182 1442 1236 1507 καί
1258 1444 1389 1527 ἀμφοῖν,

223 1546 322 1610 32καλ
342 1545 425 1628 πρός
446 1547 541 1630 ταότη
566 1570 601 1610 σε
623 1547 766 1618 κολάσεις
796 1548 918 1611 αἰώνιοι
946 1547 1169 1621 όιαόέξονται.”
1213 1546 1309 1610 καλό
1330 1546 1435 1629 μὲνῐο

268 1651 372 1733 εἴρηκε
394 1656 505 1712 ταῦτα’
551 1649 570 1713 6
594 1648 628 1713 θλ
650 1649 747 1713 Λέων
775 1650 947 1733 θαυμάσας
972 1648 1026 1713 τὸν
1047 1648 1191 1733 μοναχὸν
1212 1655 1267 1733 τῆς
1290 1649 1390 1732 όῆθεν

266 1753 482 1835 προγνώσεως
505 1750 594 1835 (οὐδὲ
616 1751 677 1835 γὰρ
700 1754 782 1834 ἔγνω
805 1758 861 1817 τοῦ
888 1751 1048 1817 Θεοόότου
1070 1751 1106 1817 τό
1132 1749 1297 1835 πόρευμα),
1320 1752 1389 1836 ἥλω

267 1860 332 1933 τοῖς
353 1854 473 1918 ἐκείνου
497 1854 601 1935 λόγοις
624 1855 676 1918 καλ
699 1854 779 1918 κατὰ
800 1860 865 1919 τῶν
880 1856 979 1919 θείων
994 1854 1232 1938 έκτυπωμάτων
1247 1854 1388 1938 σφοόρό-

267 1980 343 2021 τατα
366 1958 503 2029 ἔπνευσε,
527 1957 659 2040 δόγματι
680 1958 803 2022 τούτων
824 1958 982 2022 πάντοθεν
1004 1958 1189 2041 καθαίρεσιν
1205 1980 1388 2040 καταψηφι-

223 2060 413 2143 33σάμενος.
459 2059 554 2141 ἤθελε
575 2061 681 2142 μέντοι
708 2060 762 2123 καί
791 2059 845 2124 τόν
871 2061 1066 2144 πατριάρχην
1093 2060 1173 2143 ἔχειν
1199 2059 1433 2143 όμόηιηφον·15

235 2163 286 2227 Οό
310 2162 345 2226 oi
367 2162 421 2225 καί
443 2162 601 2245 ἀντέλεγεν
623 2164 763 2245 ἰσχυρῶς
786 2163 840 2227 καί
862 2164 973 2246 ἀσεβὲς
995 2162 1140 2247 έξήλεγχε
1161 2161 1197 2227 τὸ
1216 2162 1320 2246 όόγμα
1335 2163 1389 2227 καί

266 2265 370 2348 λόγοις
392 2264 446 2329 καί
469 2265 664 2349 γράμμασιν·
690 2265 709 2329 6
731 2265 893 2337 θειότατος
915 2262 1008 2336 οὗτος
1030 2264 1070 2348 ἦν
1092 2264 1300 2349 Νικηφόρος,
1339 2264 1425 2329 όιὸΙ)
1440 2274 1488 2330 III
1519 2282 1525 2296 ·

222 2368 321 2433 34καλ
342 2369 514 2454 ὑπερορίαν
536 2369 633 2433 αὐτοῦ
656 2368 844 2453 κατακρίνει.
889 2370 1006 2452 λέγεται
1029 2368 1064 2434 όὲ
1082 2368 1317 2452 προαισθέσθαι
1331 2372 1388 2432 τοῦ

266 2471 404 2543 Λέοντος
430 2470 466 2535 τό
493 2471 695 2554 κακότροπον
721 2472 740 2535 6
763 2472 907 2556 ἀοίόιμος
929 2471 1120 2556 Νικηφόρος
1145 2471 1199 2535 καί
1228 2471 1276 2542 ὡς
1304 2472 1387 2536 ἔσται

268 2664 302 2720 1’λ
320 2666 358 2718 ότι
376 2664 539 2735 ἀντιλέγοντα
557 2665 630 2734 αὐτῷ
647 2665 708 2734 περί
726 2672 781 2722 τῶν
799 2667 882 2736 ἁγίων
894 2667 1007 2722 είκόνων
1020 2665 1064 2722 τόν
1081 2667 1157 2722 θεῖον
1168 2665 1332 2736 Νικηφόρον
1343 2665 1388 2720 τόν

265 2737 430 2806 πατριάρχην
449 2739 597 2806 (πατρίκιον
615 2737 650 2803 Ε)
668 2739 795 2807 ἐξώρισεν
813 2739 861 2794 ΟΕ

322 2915 340 2970 3
358 2922 404 2971 τοῦ
421 2915 598 2984 πλαττομένου
617 2915 669 2974 Dw
771 2917 833 2971 Bra
851 2915 897 2971 καί
915 2915 1027 2986 εὐτυχής
1046 2931 1102 2972 om.
1122 2914 1146 2970 B
1248 2915 1266 2970 9
1283 2917 1389 2986 ταχείαν

321 2986 422 3058 Apr
486 2991 606 3056 στέρησιν
624 2987 687 3056 ΑΒ,
705 2989 838 3042 ἔκπτωσιν
857 2987 930 3060 pr
995 2988 1028 3043 12
1046 2987 1118 3057 οὐδὲ]
1138 2987 1171 3042 αὖ
1189 2987 1217 3041 D
1271 2987 1305 3043 17
1323 2987 1388 3056 πρά·

319 3080 414 3127 γμααιν
432 3058 460 3111 Ι)
538 3061 572 3113 18
589 3061 717 3129 ὑπερορίᾳ
736 3059 809 3130 pr
891 3059 973 3114 αὐτοῦ
991 3076 1048 3114 om.
1068 3059 1141 3148 pr
1223 3064 1291 3130 post
1309 3079 1387 3113 κατα·

319 3133 403 3199 κρίνει
416 3130 485 3185 add.
499 3130 544 3185 τόν
556 3132 661 3185 δίκαιον
674 3131 748 3201 pr
803 3131 837 3186 19
855 3131 884 3186 τό
903 3129 1081 3200 κακότροπον]
1101 3153 1132 3186 τα
1144 3131 1280 3194 κακόόοξα
1293 3131 1348 3200 ἤθη
1362 3130 1387 3184 Ε

323 3203 374 3256 Wo
393 3202 443 3256 lat.
515 3203 560 3256 καὶ
580 3219 636 3256 om.
657 3202 730 3273 pr

220 3375 304 3430 29ne
324 3381 551 3445 agnosceretur,
570 3375 728 3432 Theodoto
752 3378 924 3431 eomitante.
960 3374 1000 3431 At
1023 3375 1072 3432 ille
1094 3375 1269 3442 monachus,
1294 3379 1329 3431 ut
1346 3378 1386 3431 ab

263 3447 313 3500 illo
333 3449 441 3516 spiritu
461 3447 499 3502 de
524 3453 691 3502 commento
714 3448 858 3517 imbutus,
886 3447 1021 3503 Leonem
1044 3463 1099 3519 pro
1124 3463 1199 3518 rege
1223 3447 1336 3503 salutat
1357 3453 1388 3504 et

264 3517 355 3572 “Ne''
374 3519 472 3588 inquit
489 3519 701 3573 “maiestatem
720 3525 805 3573 tuam
825 3519 971 3574 celaveris
990 3535 1027 3574 ao
1046 3520 1108 3574 noli
1128 3519 1233 3574 fallere
1251 3523 1388 3574 nostram

220 3589 256 3642 30
265 3589 418 3644 vilitatem.
452 3589 513 3645 Sed
536 3591 610 3644 scito
636 3595 666 3645 te
689 3590 727 3644 de
750 3591 899 3660 reiigione
923 3606 1082 3662 perperam
1106 3592 1218 3646 sentire
1242 3596 1271 3645 et
1296 3590 1388 3661 piane

265 3661 495 3715 simulacrorum
514 3661 661 3715 cultorem
681 3677 747 3716 esse
766 3667 797 3717 et
815 3669 846 3716 te
866 3668 895 3717 et
915 3679 1019 3718 omnes
1038 3677 1099 3732 eos,
1124 3663 1176 3732 qui
1194 3662 1250 3717 tibi
1268 3667 1386 3732 parent.

218 3731 252 3785 31
265 3731 379 3794 Quodsi
400 3747 439 3785 ex
458 3732 592 3787 ecclesiis
611 3733 772 3787 simulacra
791 3734 956 3803 sustuleris,
985 3739 1015 3788 et
1038 3735 1102 3788 vita
1125 3739 1155 3788 et
1179 3747 1309 3804 regnum
1331 3733 1387 3787 tibi

264 3802 441 3856 diuturnum
461 3805 518 3857 erit
537 3809 567 3858 et
579 3805 782 3874 fortunatum3
801 3807 847 3859 sin
861 3806 970 3871 minus,
989 3807 1064 3861 seito
1078 3812 1109 3860 te
1121 3806 1208 3860 brevi
1222 3809 1387 3874 utrumque

219 3873 445 3927 iiiamissurum
468 3889 504 3928 ao
522 3879 682 3945 praeterea
702 3883 827 3931 aeterna
845 3877 995 3947 supplicia
1014 3875 1213 3932 subiturum.”
1248 3875 1302 3930 His
1321 3875 1386 3930 Leo

263 3946 375 3999 auditis
403 3947 529 3999 miratus
557 3947 738 4000 monachum
772 3950 810 4003 oh
843 3949 1080 4018 praedictionem
1111 3949 1225 4018 utique,
1258 3949 1385 4017 ignarus

264 4017 495 4071 machinationis
514 4017 672 4086 Theodoti,
700 4019 802 4073 verbis
820 4020 899 4074 iliius
919 4025 1027 4090 eaptus
1046 4027 1140 4075 estet
1159 4025 1265 4074 eontra
1286 4033 1385 4074 sacro-

262 4094 383 4142 sanctas
396 4089 544 4158 imagines
557 4089 819 4146 vehementissime
838 4093 947 4147 saeviit
965 4107 1078 4161 easque
1092 4105 1196 4146 omnes
1208 4091 1271 4145 tolli
1285 4090 1384 4146 edicto

217 4160 252 4214 33
263 4161 357 4214 iussit.
389 4159 463 4215 Cum
477 4165 578 4214 autem
591 4160 795 4230 Nicephorum
810 4178 931 4232 quoque
944 4164 1148 4234 patriarcham
1162 4163 1383 4217 sanctissimum

262 4233 292 4284 in
313 4246 399 4284 suam
419 4233 600 4286 seutentiam
620 4233 712 4286 veltet
730 4234 914 4302 pertrahere,
934 4236 983 4289 ilie
996 4251 1070 4289 vero
1084 4236 1195 4289 acriter
1207 4234 1384 4288 adversare-

261 4307 312 4356 tur
340 4304 466 4372 eiusque
495 4302 627 4358 edictum
653 4309 683 4358 et
706 4306 845 4358 oratione
864 4309 894 4359 et
912 4307 1031 4376 scriptis
1049 4306 1212 4376 impietatis
1230 4313 1383 4374 argueret,

217 4373 360 4427 34rirum
390 4374 472 4428 itlnm
498 4375 623 4444 relegat.
669 4374 726 4439 Qui
755 4375 877 4443 quidem
907 4378 1128 4445 improbitatem
1157 4375 1269 4432 Leonis
1297 4391 1383 4446 prae-

262 4445 392 4500 sensisse
420 4446 518 4501 fertur
546 4462 677 4518 eumque
703 4446 880 4503 orthodoxis
906 4447 1065 4502 offensioni
1090 4450 1157 4502 iore
1181 4454 1212 4504 et
1237 4447 1383 4504 ecclesiae
