3050 4775
461 348 676 410 AGAPETVS.
704 351 992 410 PATRIARCHAF„
1231 356 1281 411 167

161 532 273 613 βαλὼν
304 532 368 597 ὐπὸ
395 534 520 617 ζήτησιν
546 535 602 617 τὴν
624 540 738 616 πρᾶξιν
759 537 935 619 καθίστησι.
980 536 1034 600 καὶ
1057 538 1200 601 ἀντεῖπον
1222 539 1307 620 μέν7

162 660 240 707 τινες
262 642 326 701 τῶν
349 638 522 719 ἀρχιερέων
544 646 591 721 τῴ
612 640 702 721 πόπᾳ
721 639 847 723 Ῥώμης
863 641 1036 723 Ἄγαπητῴ,
1060 647 1098 723 τῇ
1120 641 1281 723 βασιλίσσῃ

161 738 371 822 χαριζόμενοι,
403 736 479 820 παρ’
504 738 542 822 ἧς
564 740 617 803 καὶ
639 742 798 824 χρήμασιν
819 742 1067 825 ύπεφθόρησαν·
1100 742 1228 805 πάντων
1251 738 1280 804 δ’

162 843 281 912 ἐκεῖνος
303 848 340 925 τῇ
363 842 495 925 ἀληθείᾳ
516 848 702 926 συνηγορῶν
717 845 915 928 ύπερτέρησε.
953 845 1007 908 καὶ
1023 844 1208 927 όἌνθιμος
1226 850 1308 907 τού8

133 944 286 1026 ὐθρόναυ
301 951 356 1028 τῆς
370 944 733 1016 Κωνσταντινουπόλεοις
749 946 930 1029 έκβέβλητο,
954 948 1022 1017 ἔτας
1042 949 1078 1011 ἓν
1100 947 1283 1017 ἀπολαύσας

163 1048 270 1121 αὐτοῦ,
291 1053 346 1110 τοῦ
369 1047 524 1131 βασιλέως
546 1047 746 1118 αἰδεσθέντας
768 1048 823 1111 τὸν
845 1050 1014 1130 ἱερώτατον
1033 1050 1143 1112 πάπαν
1157 1049 1212 1112 καὶ
1226 1050 1314 1132 τὴνΟ

164 1150 321 1231 ἀλήθειαν.
367 1150 553 1233 ἀντεισήχθη
584 1151 618 1214 δὲ
646 1149 772 1233 Μηνᾶς,
805 1151 886 1233 ἀνὴρ
914 1152 1140 1234 εὐσεβέστατος,
1172 1154 1310 1235 αὐχῶν9

162 1252 222 1335 μέν
243 1254 377 1333 πατρίδα
405 1253 461 1336 τὴν
488 1259 556 1316 κατ’
580 1254 739 1336 Αἴγυπτον
764 1254 1004 1336 Ἀλεξάνδρειαν,
1036 1254 1137 1337 ἐκφύς
1160 1251 1188 1317 δ’
1213 1254 1283 1325 ἑνὸς

163 1360 228 1419 τῶν
251 1355 285 1419 ἐν
305 1356 401 1439 ταύτῃ
425 1356 597 1439 ἐπιφανῶν,
630 1356 812 1439 καλλύνων
840 1358 900 1420 οὐκ
927 1360 975 1420 ὢν
1001 1358 1197 1441 ἀνομίλητος,
1229 1357 1284 1420 καί

117 1464 155 1518 10
162 1458 294 1539 μάλιστά
318 1482 352 1540 γε
374 1463 438 1523 τῶν
460 1459 642 1541 θειοτέρων.
689 1460 774 1523 οὕτω
799 1459 834 1523 δὲ
848 1466 903 1543 τῆς
917 1460 1153 1543 ἀρχιερωσύνης
1168 1460 1284 1543 Μηνᾶς
1294 1464 1328 1519 10

163 1560 182 1623 ό
206 1561 294 1632 θεῖος
316 1561 420 1644 τυχὼν
444 1564 463 1645 ἢ
486 1560 606 1645 μᾶλλον
629 1562 748 1644 ἐκείνης
771 1562 983 1646 εὐτυχησάσης
1009 1563 1114 1645 αὐτόν,
1147 1563 1284 1627 σύνοδον

161 1664 297 1747 μερικὴν
312 1670 478 1747 συγκροτεῖ
490 1664 547 1729 οὐν
561 1673 610 1747 τῴ
629 1665 721 1747 πόπᾳ
737 1666 903 1749 Ἄγαπηιῴ
924 1666 978 1730 καὶ
1001 1666 1176 1749 δναθέματι
1197 1690 1283 1748 περι·

162 1767 268 1848 βάλλει
290 1768 437 1851 Σευῆρον
458 1768 513 1832 καὶ
535 1767 665 1851 Εὐτυχῆ
687 1768 741 1831 καί
764 1768 890 1850 Πέτρον
912 1768 966 1832 καὶ
987 1766 1042 1832 τόν
1062 1769 1283 1851 Ἁλικαρνασέα

164 1868 332 1934 Ἰουλιανόν
358 1870 412 1935 καὶ
441 1871 495 1935 τόν
511 1870 665 1953 Ἄνθιμον
688 1871 735 1942 ὡς
758 1872 886 1941 ἐκείνοις
909 1871 1087 1954 ὁμόφρονα.
1132 1873 1175 1935 ἔτι
1197 1868 1226 1934 δ’
1251 1872 1326 1934 on

118 1978 210 2055 15τῷ
232 1972 398 2057 Βυζαντίῳ
422 1973 541 2055 διάγων
563 1973 581 2036 ό
605 1973 772 2054 ίεριύιατος
793 1973 902 2043 πάντας
922 1972 1094 2057 Ἀχαπητδς
1115 1973 1284 2056 μετήλλαξε

162 2075 219 2158 τὴν
250 2075 346 2158 ζωήν.
392 2076 411 2139 ό
433 2076 538 2159 μέντοι
560 2074 677 2157 Μηνᾶς
700 2075 749 2138 ε’·πὶ
776 2076 853 2139 δέκα
881 2075 936 2138 καὶ
963 2078 999 2148 ἓξ
1029 2074 1085 2158 τὴν
1117 2076 1283 2159 ἐκκλησίαν
1296 2079 1328 2132 12

162 2178 303 2261 εὐσεβῶς
330 2177 443 2250 ίθύνας
471 2180 522 2261 ἔτη
549 2178 603 2241 τόν
625 2178 696 2259 βίον
718 2178 878 2243 κατέλυσε·
911 2178 965 2241 καί
996 2178 1123 2261 ἀνήχθη
1154 2179 1197 2249 εἰς
1228 2177 1320 2261 viij

164 2373 201 2426 10
216 2372 277 2442 περὶ
294 2380 340 2427 τοῦ
358 2372 522 2443 πατριάρχου
541 2374 625 2442 Μηνᾶ
643 2372 766 2442 καὶπερὶ
784 2380 896 2442 μερικῆς
919 2373 1034 2427 συνόδου
1057 2371 1103 2426 ὐπ’
1121 2373 1202 2428 αὐτού
1221 2372 1283 2438 (ύττό

161 2452 222 2585 χαι-ιχ
229 2444 328 2571 Εχοκὲί
346 2453 392 2499 τοῦ
403 2445 477 2499 πάντα
494 2447 601 2514 Ῥώμης
616 2445 759 2514 Ἀγαπητσῦ
772 2446 903 2515 συστάσης
922 2444 969 2500 ΟΕ
1034 2445 1068 2498 16
1085 2445 1146 2513 περὶ
1157 2466 1282 2514 πατρισρ·

218 2675 438 2732 5κωναταντίνου
454 2675 537 2746 pr,
555 2693 583 2730 V.
598 2677 637 2731 ad
652 2694 679 2746 p.
690 2677 778 2744 166,9
849 2677 903 2732 5.ss
918 2677 1068 2735 ἀπολαύσας
1080 2675 1174 2730 αὐτοῦ·
1192 2675 1283 2740 new,

217 2749 374 2816 δπαλαύσας,
394 2749 474 2802 αὐτοῦ
494 2745 557 2818 th'
687 2749 704 2802 6
722 2749 888 2808 αἰδεσθέντας
906 2747 1015 2818 AEwp‚
1035 2747 1239 2816 δυαωπηθέντος
1259 2749 1283 2802 Ο

219 2820 244 2872 7.
264 2820 306 2874 10.
326 2820 360 2874 16
377 2827 463 2889 μηνᾶς
472 2818 534 2885 AR,
552 2828 638 2890 μῆνας
657 2823 753 2890 primo
773 2821 848 2886 loeo,
868 2826 931 2873 tum
952 2824 1127 2873 constanter
1143 2827 1228 2888 μηνᾶς
1248 2835 1282 2886 w,

217 2898 301 2959 μῆνας
315 2896 490 2946 constanter
503 2891 537 2962 p*
605 2891 638 2945 12
656 2890 957 2960 συγκρατεῖμερικὴνΒ
1023 2891 1057 2944 13
1075 2893 1188 2960 σεβῆραν
1202 2891 1282 2959 Ewp,

219 2977 248 3015 v.
258 2961 298 3015 ad
309 2962 404 3032 ρ.166,
412 2963 447 3017 10
517 2963 692 3031 όλικσρνασέα
703 2961 764 3026 AR,
775 2963 951 3030 δλικαρνασέσ
961 2961 1061 3032 wap
1073 2964 1113 3029 (v.
1124 2961 1137 3015 I
1147 2978 1175 3031 p.
1186 2962 1247 3028 303,
1257 2961 1282 3028 4,

219 3031 353 3160 Τύθαχιλι.
373 3033 433 3104 lp.
453 3034 513 3102 217,
533 3035 558 3088 6.
578 3033 639 3102 222,
659 3035 713 3100 ll),
730 3034 930 3102 Ἁλικαρνασσέα
948 3031 991 3088 Dt'
1100 3033 1134 3086 14
1154 3032 1184 3104 δὲ
1203 3032 1229 3086 D

220 3105 261 3159 16.
282 3105 296 3159 l
334 3105 451 3175 εὐσεβῶς
470 3103 516 3175 τὴν
534 3105 678 3175 ἐκκλησίαν
696 3104 723 3158 Ι)

164 3289 283 3339 mutata
301 3283 451 3338 sententia
469 3295 533 3337 rem
552 3285 711 3354 proposuit
729 3283 971 3339 examinandam.
1008 3282 1054 3337 Ae
1081 3282 1218 3337 nonnulli
1246 3278 1310 3337 del

164 3354 348 3427 primoribus
367 3355 576 3410 sacerdotibus
589 3353 738 3424 Agapeto,
758 3371 798 3425 pa
821 3370 859 3409 se
868 3354 1013 3420 Romano,
1032 3356 1064 3407 in
1077 3355 1204 3424 reginae
1216 3369 1285 3423 gra-

165 3429 239 3482 tiam
259 3426 393 3482 oblocuti
412 3431 491 3493 sunt,
510 3426 549 3480 ab
570 3427 675 3481 eadem
696 3428 787 3480 etiam
800 3371 1020 3496 iargitionibus
1039 3425 1189 3495 eorrupii;
1208 3439 1284 3494 quos

165 3505 268 3553 tamen
291 3498 348 3566 ille,
376 3498 429 3566 qui
448 3498 606 3552 veritatem
627 3497 813 3564 detenderet,
842 3513 947 3552 omnes
975 3497 1140 3566 superavit
1177 3493 1311 3565 Itaque&

165 3569 326 3626 Anthimus
354 3567 427 3624 sede
447 3567 613 3638 Cpolitana,
642 3585 732 3638 quain
761 3584 876 3623 annum
896 3572 1069 3637 occuparat,
1098 3572 1144 3622 est
1162 3568 1284 3634 eiectus,

164 3655 240 3710 rega
254 3641 475 3696 sanctissimum
486 3655 595 3709 papam
616 3646 646 3694 et
663 3641 822 3694 veritatem
836 3641 983 3708 reverit03
1002 3643 1032 3694 et
1050 3640 1082 3692 in
1101 3640 1167 3694 eius
1185 3636 1311 3692 loeumil

165 3713 311 3768 suffectus
329 3711 443 3779 Menas,
470 3713 518 3764 vir
536 3727 671 3765 summae
694 3712 823 3780 pietatis,
849 3712 901 3779 qui
921 3711 1069 3779 originem
1097 3725 1136 3764 ex
1155 3707 1285 3763 Alexan-

165 3785 241 3850 dria,
278 3782 412 3854 Aegypti
431 3783 517 3850 urbe,
537 3782 624 3836 duxit
643 3782 749 3836 illustri
769 3797 883 3852 genere
908 3786 1000 3846 ortus,
1028 3782 1195 3836 litterarum
1222 3796 1284 3836 non

166 3870 286 3925 expers,
305 3869 461 3909 sacrarum
481 3855 621 3908 maxime.
660 3853 734 3910 Cum
754 3855 847 3923 igitur
861 3853 983 3906 divinus
992 3851 1099 3907 Menas
1118 3853 1176 3906 hoe
1194 3851 1284 3906 modo
1296 3849 1330 3902 1o

166 3925 376 3996 patriarchatu
396 3934 475 3980 esset
495 3925 608 3994 potitus
628 3925 676 3979 rel
697 3926 798 3994 potius
817 3939 885 3978 cum
906 3923 1131 3993 patriarchatus
1156 3939 1225 3978 eum
1245 3922 1286 3976 t'e-

166 3999 263 4052 lieiter
282 4003 361 4053 esset
379 3997 511 4061 sortitus,
532 3997 659 4053 concilio
701 3995 856 4050 articulari
875 4011 943 4048 eum
962 4010 1044 4065 papa
1057 3994 1197 4064 Agapeto
1217 4009 1285 4047 een-

166 4075 285 4136 voeato,
305 4067 462 4136 Severum,
485 4067 660 4138 Eutychen,
709 4071 816 4135 etrum,
844 4066 995 4121 Iulianum
1012 4066 1285 4130 Helices-russeum,

166 4139 412 4209 Authimumque,
438 4139 555 4193 illorum
576 4154 774 4206 assensorem,
803 4138 995 4193 anathemate
1014 4142 1107 4192 notat.
1145 4133 1329 4190 Ceterumll

166 4211 374 4266 arctissimus
402 4225 482 4280 papa
501 4209 661 4280 Agapetus
681 4209 766 4280 Cpoli
795 4210 959 4263 deliine-tus
987 4213 1040 4263 est.
1077 4207 1188 4272 Menas,
1218 4221 1285 4258 euni
1297 4205 1331 4256 12

167 4282 325 4338 eeclesiam
345 4298 399 4350 per
427 4297 524 4336 annos
543 4281 612 4336 XVI
641 4282 689 4351 pie
718 4282 929 4350 gubernasset,
959 4280 1041 4334 obiit.
1078 4279 1113 4332 Ei
1141 4276 1286 4332 suecessit

167 4354 344 4424 Eutychins,
363 4353 477 4408 Romae
496 4369 596 4408 novae
616 4353 798 4422 patriarcha,
818 4350 1006 4407 elecelesiae
1025 4356 1106 4404 recte
1125 4363 1286 4418 perennes
