3050 4775
307 381 587 439 COMENTIOLVS.
625 381 878 439 PHILIPPICVS.
916 382 1108 440 BARAMVS.
1216 384 1266 440 185

150 562 331 629 Θεοδόσιον.
381 564 565 635 Φιλιππικάς
594 564 628 628 δὲ
655 565 709 627 καὶ
735 566 828 629 πάλιν
854 564 933 628 κατὰ
959 565 1095 648 Περσῶν
1124 566 1266 648 ἕξεστρά-
1277 574 1311 627 18

146 690 235 730 τευσε
261 666 315 730 καὶ
341 666 378 730 τὸ
403 666 474 750 περὶ
500 666 596 731 αὐτὸν
624 667 843 750 στρατιωτικόν
872 669 1034 752 ἠρώτησεν
1056 670 1085 733 εί
1103 667 1367 751 πρόδυμοιΨΙλΙ
1377 674 1410 727 61

147 775 211 839 τοῖς
226 768 366 852 Πέρσαις
385 768 443 833 ελεν
464 770 674 853 μαχέσασθαι.
721 771 751 833 ol
774 770 810 833 δὲ
832 770 885 834 καί
907 771 1016 854 ὅρκοις
1037 770 1073 835 τὸ
1095 771 1268 854 πρόθυμον
1277 776 1311 832 19

148 871 255 933 αἰτῶν
271 872 444 954 ἐβεβαίουν.
490 872 537 943 ὡς
556 870 613 935 οὖν
635 873 808 955 συνέβαλον
829 880 893 944 τοῖς
915 874 1071 957 ἐναντίοις,
1094 876 1187 958 μέχρι
1208 876 1313 957 peso

120 983 230 1043 5τινος
252 975 391 1057 ἀντεῖχον
414 977 445 1039 οἱ
465 976 637 1058 βάρβαροι·
662 975 727 1038 ἐπεὶ
742 974 778 1039 δὲ
792 976 865 1047 τοὺς
880 978 994 1048 ἵππους
1008 978 1147 1061 πλήττειν
1162 978 1268 1041 αὐτῶν

149 1077 168 1139 δ
191 1076 362 1160 στρατηγὸς
384 1084 447 1148 τοῖς
470 1078 593 1149 οἰκείοις
613 1078 862 1160 παρεκελεύσατο
885 1080 939 1143 καί
960 1080 1069 1144 πολλοὶ
1082 1085 1148 1143 τῶν
1162 1081 1268 1144 ίτιπων

147 1179 351 1262 πληττόμενοι
374 1182 509 1263 ἔπιπτον,
538 1180 655 1264 έτράπη
679 1180 714 1244 τὸ
737 1180 912 1263 Περσικόν·
945 1182 998 1245 καί
1020 1182 1055 1247 τὸ
1077 1182 1136 1265 μίν
1157 1184 1310 1266 ήττητο21
1331 1186 1359 1240 Ι)

148 1288 308 1363 κραταιῶς
333 1284 386 1346 καί
412 1284 493 1347 πολὺ
520 1285 631 1347 τούτου
658 1285 757 1366 μέρος
790 1285 976 1367 διέιγδαρτο·
1009 1286 1039 1348 οἱ
1061 1285 1209 1368 Ῥωμαῖοι
1233 1285 1268 1348 δὲ

147 1384 305 1467 λαμπρῶς
327 1386 504 1469 νενικήκασι
526 1386 580 1450 καὶ
603 1388 724 1461 ζῶντας
746 1392 811 1450 τῶν
832 1387 992 1470 πολεμίων
1014 1386 1084 1470 περί
1104 1387 1268 1470 δισχιλίους

104 1498 139 1551 10
148 1487 329 1569 συνέλαβον.
374 1488 548 1572 Ὁρμίσδας
571 1489 605 1553 δὲ
628 1489 647 1552 ὁ
667 1494 731 1553 τῶν
746 1489 885 1571 Περσῶν
900 1488 1039 1572 ἀρχηγὸς
1054 1487 1174 1572 Βαρὰμ
1188 1513 1267 1571 προ·
1277 1496 1312 1550 22

147 1590 363 1673 χαρισάμενος
390 1590 561 1674 στρατηγὸν
588 1592 757 1674 συμβαλεῖν
780 1591 946 1673 Ῥωμαίοις
973 1592 1140 1656 ἐκέλευσεν.
1187 1592 1205 1654 ὁ
1234 1591 1268 1655 δὲ
1277 1599 1313 1653 23

147 1692 324 1774 συμβαλὼν
341 1694 477 1775 ἡττᾶται·
501 1696 519 1757 ὃ
536 1693 629 1777 γνοὺς
644 1693 817 1776 Ὁρμίσδας
832 1695 1008 1775 γυναικείαν
1024 1695 1141 1777 ἒσδήτα
1157 1694 1269 1757 στέλλει

148 1796 238 1877 αὐτῷ
260 1795 315 1859 καί
336 1796 393 1878 τὴν
414 1797 598 1880 στρατηγίαν
621 1797 762 1879 ἀφείλετο
786 1797 840 1859 καί
861 1804 908 1880 τῴ
927 1797 1156 1879 ὑποστρατήγῳ
1171 1797 1268 1860 αὐτοῦ

149 1898 201 1961 διὰ
226 1906 352 1983 γραφῆς
374 1900 541 1964 ἐνετείλατο
563 1900 617 1963 τὸν
631 1898 751 1981 Βαράμ
767 1899 893 1963 ἀνελεῖν.
939 1900 959 1963 ὁ
982 1899 1017 1963 δὲ
1040 1899 1074 1962 ol
1091 1906 1195 1963 κακοῦ
1219 1901 1268 1982 γέ-
1278 1906 1314 1961 24

104 2010 242 2083 15γονεν
272 2002 433 2085 ἐννοήσας,
466 2001 634 2085 γράμματα
668 2003 714 2073 ὡς
747 2004 781 2075 ἐξ
807 2002 980 2085 Ὁρμίσδου
1008 2002 1096 2085 αὐτῷ
1124 2003 1269 2066 σταλέντα

151 2177 186 2231 10
203 2178 264 2247 περὶ
282 2177 380 2247 Βαρὰμ
400 2186 445 2233 τοῦ
465 2180 528 2243 (τῶν
547 2178 582 2245 Ε)
601 2180 717 2247 Περσῶν
735 2186 880 2249 στρατηγοῦ
899 2177 947 2233 ΟΕ

206 2358 218 2410 1
243 2356 394 2428 Θεοδόσιον]
409 2356 455 2413 Ad
470 2357 545 2414 haec
559 2358 588 2415 C.
602 2356 635 2412 B.
648 2356 760 2414 Hasius
774 2356 941 2415 secandum
954 2356 985 2412 F.
999 2358 1146 2413 Haasium
1158 2358 1190 2414 in
1204 2358 1271 2414 cod.

205 2429 231 2483 A
249 2431 401 2501 ascripsit:
420 2431 476 2485 “In
494 2431 560 2484 cod.
573 2445 687 2501 graeco
701 2431 849 2485 Vaticano
862 2429 915 2484 152
930 2430 968 2484 de
987 2431 1073 2484 istius
1091 2431 1144 2484 filii
1162 2431 1270 2485 nativi·

205 2505 266 2556 tate
294 2502 370 2557 haec
397 2501 549 2572 Anonymi
576 2507 741 2556 narrantur
770 2503 820 2557 fol.
839 2501 888 2556 141
920 2506 1011 2567 recto,
1040 2503 1144 2556 neseio
1172 2517 1211 2556 an
1241 2507 1272 2556 et

207 2573 328 2629 aliunde
342 2577 428 2628 nola:
448 2575 632 2628 Κωνσταντίνα
651 2574 668 2641 ἢ
688 2573 786 2644 γαμετὴ
800 2575 956 2642 Μαυρικίου
976 2573 1111 2641 ίγόννησεν
1129 2575 1195 2640 υἱόν,
1213 2575 1273 2627 δνό

206 2646 357 2713 Μαυρίκιος
385 2646 540 2712 ἐπωνόμασε
561 2646 711 2712 Θεοδόσιον,
743 2646 781 2705 ὡς
808 2648 980 2713 πρωτότοκον
1007 2644 1089 2698 αὐτοῦ
1116 2646 1181 2698 υίόν.
1218 2652 1271 2698 τῶν

205 2715 252 2768 οὖν
273 2717 386 2786 βενέτιον
409 2719 562 2785 κραζόντων
578 2717 762 2770 Ἰουστινιανόν
783 2719 931 2784 καλεῖσθαι,
957 2718 985 2770 σί
1009 2715 1132 2784 πράσινοι
1159 2717 1271 2782 ἔκραζον

208 2788 350 2842 Θεοδόσιον
376 2787 454 2842 αὐτόν
481 2788 619 2842 καλεῖσθαι
649 2787 692 2841 διὰ
716 2788 745 2841 τό
766 2790 908 2844 θεοδόσιον
930 2788 974 2841 τόν
994 2787 1100 2857 βασιλέα
1123 2788 1272 2855 όρδόδοξον

205 2859 333 2926 γενέσθαι,
361 2860 406 2913 καὶ
427 2859 511 2914 πολλὰ
535 2860 578 2926 ἔτη
601 2861 688 2926 ζήσαι·
717 2861 831 2927 ἤρξαντο
857 2861 895 2930 [in
915 2875 1021 2928 apogr.
1041 2857 1145 2912 Haasli
1165 2858 1270 2926 ήξαντο]

204 2929 1271 3068 καίεταιννκιναιετανυιτντι.

204 3073 249 3126 καὶ
266 3073 356 3126 aiala
394 3073 506 3128 Eadem
527 3073 671 3142 leguntur
691 3073 755 3126 cod.
770 3072 1032 3128 veteratoriae
1046 3074 1159 3126 verso.”
1185 3072 1272 3126 Nunc

204 3143 245 3197 nil
264 3144 324 3198 lale
344 3148 428 3198 extat
447 3145 477 3197 in
492 3144 526 3198 A.
604 3144 787 3212 ἐξεστράτευσε
802 3142 929 3214 Ra’th',
948 3144 1145 3212 ἐξεστράτευσεν
1163 3141 1198 3212 Α,
1218 3143 1271 3196 sed

205 3231 233 3268 τ.
255 3215 294 3268 ad
314 3214 386 3268 XIII
406 3215 464 3281 λ,δ
559 3213 753 3284 λσυνέβαλλον
772 3216 796 3268 Ε
890 3216 1099 3283 θὸστρατηγὸς
1119 3231 1175 3268 om.
1196 3215 1218 3270 C

204 3287 221 3337 8
238 3287 320 3353 μέρος
339 3303 395 3340 om.
416 3286 440 3340 Ο
517 3287 542 3340 8.
562 3286 580 3339 9
598 3289 625 3340 ol
642 3287 671 3340 δὲ
688 3287 803 3354 papam
820 3288 950 3356 λαμπρῶς
969 3287 1021 3339 Ew
1039 3286 1158 3354 (λαπρῶς
1176 3286 1230 3351 α’)
1251 3302 1270 3356 p

204 3359 246 3411 10.
265 3357 476 3426 12όρμίσδαςΕ
551 3357 712 3427 1οδρχηγδς
725 3357 836 3428 Apr‚
856 3357 978 3427 βασιλεὺς
991 3357 1019 3410 D
1092 3355 1126 3410 14
1144 3356 1271 3426 oralia,

203 3431 232 3482 οἳ
248 3427 284 3497 D,
303 3431 361 3483 σίου
381 3427 412 3496 Β,
431 3430 488 3484 οἷον
507 3445 526 3500 p

148 3607 233 3661 tione
247 3608 327 3660 iacta
341 3607 489 3662 adversus
503 3608 612 3663 Persas
625 3608 734 3662 milites
749 3623 822 3662 suos
840 3613 1045 3678 percontatur,
1064 3623 1136 3662 num
1155 3607 1272 3661 alacres

148 3682 251 3734 essent
270 3677 310 3731 ad
335 3694 471 3750 pugnam
490 3679 654 3747 Persicam3
681 3680 719 3734 iis
737 3695 812 3734 vero
830 3680 921 3734 etiam
944 3678 1141 3734 iureiurando
1169 3678 1273 3732 alacri·
1282 3676 1317 3730 19

149 3756 244 3805 tatem
267 3764 353 3804 suam
381 3751 498 3805 testatis
522 3751 623 3806 hostes
642 3751 831 3821 aggreditur.
869 3751 937 3814 Qua
964 3752 1119 3820 inpugna
1148 3751 1204 3804 etsi
1232 3748 1317 3803 εδ20

149 3827 270 3891 tempus
289 3822 413 3876 barbari
431 3823 615 3889 restiterunt,
644 3828 746 3876 tamen
773 3836 842 3876 cum
871 3822 934 3876 dax
953 3824 1015 3877 suis
1033 3823 1218 3891 imperasset,
1238 3826 1272 3874 ut

149 3893 269 3947 illorum
279 3908 374 3962 equos
384 3893 548 3948 caederent
558 3893 705 3962 multique
716 3895 787 3963 equi
798 3893 950 3947 vulnerati
961 3893 1146 3960 cecidissent,
1160 3892 1271 3945 Persae
1281 3889 1315 3943 21

150 3965 257 4034 lugam
278 3969 432 4034 ceperunt,
454 3969 593 4034 potenter
606 3965 678 4018 victi
692 3979 867 4033 magnaque
887 3964 972 4018 clade
985 3969 1124 4033 accepte;
1144 3963 1272 4018 Romani

150 4051 224 4090 vero
244 4035 389 4090 illustrem
404 4037 562 4090 victoriam
576 4037 730 4090 consecuti
750 4035 791 4089 ad
811 4035 967 4090 duomilia
986 4036 1115 4090 hostium
1135 4037 1208 4088 riva
1227 4048 1272 4087 ce·

149 4112 269 4176 perant.
306 4107 492 4172 Hormisdas,
521 4107 682 4162 Persarum
711 4121 775 4174 rex,
804 4105 965 4160 Baramum
990 4106 1099 4160 ducem
1125 4103 1317 4174 congredi22

150 4193 217 4233 cum
238 4177 382 4233 Romanis
405 4179 499 4233 iussit,
537 4179 633 4243 Quem
659 4183 694 4232 at
712 4180 826 4232 victum
855 4193 922 4232 esse
941 4179 1095 4248 cognovit,
1122 4176 1271 4244 abrogato
1281 4173 1316 4228 23

150 4249 191 4302 illi
214 4249 344 4319 imperio
369 4255 483 4304 restem
508 4249 686 4305 muliebrem
705 4251 795 4304 mittit
816 4251 943 4318 eiusque
963 4248 1064 4318 legato
1083 4263 1138 4318 per
1157 4246 1272 4300 litteras

149 4320 284 4388 mandat,
312 4327 347 4375 ut
365 4320 527 4375 Baramnm
549 4321 676 4375 occidat.
714 4320 774 4375 Sed
794 4321 851 4388 ille,
880 4321 1002 4389 quantis
1029 4322 1060 4373 in
1078 4319 1166 4372 malis
1193 4317 1315 4373 esset24

150 4399 306 4462 reputans,
324 4393 440 4447 litteras
459 4393 498 4446 ab
511 4392 673 4448 Hormisda
688 4393 727 4446 ad
746 4394 905 4447 semisses
926 4406 993 4447 esse
1012 4390 1141 4457 simulat,
1161 4390 1271 4459 quibus
