3050 4775
259 364 312 423 208
537 360 674 423 ZONAR.
694 360 791 423 ΕΡΙΤ.
811 360 880 423 XIV
900 362 941 437 15,
959 362 1075 436 36-16,
1094 366 1119 423 8.

260 550 371 615 ἑαυτὸν
394 550 428 613 δὲ
446 550 499 615 καί
518 550 573 634 τὴν
590 548 799 633 Παλαιστίνην
813 551 1022 633 πεποιηκότος
1036 550 1088 613 καὶ
1104 550 1160 634 τὴν
1174 549 1378 633 Ἰερουσαλὴμ

222 654 424 735 Βτιολιορκίρ
447 652 580 734 ἑλόντος,
603 653 720 735 λέγεται
742 653 872 735 ἄπειρόν
893 678 921 715 τι
942 653 1066 735 πλῆθος
1089 652 1293 735 ἀναιρεθῆναι
1310 677 1377 736 χρι-

216 761 401 849 Βύστιανῶν.
448 756 658 838 ἐξωνούμενοι
687 756 747 838 γάρ
776 755 890 825 αύτούς
919 757 1050 825 εύιύνως
1079 756 1110 818 οῖ
1128 754 1274 819 Ἰουδαῖοι
1301 755 1377 837 ἐφά-

261 883 361 939 νευον,
386 855 434 921 ὧν
456 858 526 940 περί
547 858 705 940 μυριάδας
728 860 817 922 ἒννέα
836 859 914 941 φασί
929 858 1213 941 συγκορυφοῦσύαι
1234 859 1289 922 τὸν
1310 859 1376 938 ἀρι-

216 962 359 1044 Βῗδμόν.
404 960 458 1024 τὸν
486 960 522 1023 δέ
549 984 583 1042 γε
610 961 805 1045 πατριάρχην
836 967 890 1043 τῆς
918 961 1008 1042 ἁγίας
1029 960 1154 1030 πόλεως
1176 958 1405 1043 Ἱερουσαλὴμῖ)

261 1065 315 1127 καί
337 1063 373 1127 τά
397 1064 478 1145 τίμια
501 1068 556 1127 τοῦ
580 1070 717 1144 σταυροῦ
741 1064 818 1136 ξύλα
834 1064 865 1127 oi
879 1062 1003 1145 Πέρσαι
1016 1063 1164 1145 λαβόντες
1178 1064 1222 1132 είς
1239 1060 1378 1143 Περσίδα

217 1173 252 1227 38
263 1168 389 1250 ἤγαγον.
435 1167 568 1248 ἀπορῶν
590 1162 648 1228 οὖν
670 1166 690 1228 ά
711 1165 855 1248 βασιλεὺς
874 1166 1030 1247 ἀναλόγου
1046 1172 1109 1235 τοῖς
1124 1165 1270 1235 ἐναντίοις
1285 1188 1377 1246 στρα-

217 1272 219 1278 ’
262 1270 421 1352 τεύματος,
453 1268 534 1351 πρὸς
563 1267 598 1332 δὲ
625 1268 678 1331 καί
704 1268 886 1351 χρημάτων,
917 1269 1057 1350 άργυρον
1087 1268 1146 1350 μὲν
1176 1267 1231 1330 καί
1261 1266 1379 1349 χρυσὸν

263 1372 440 1436 ἐδανείσατο
463 1372 499 1434 ἔκ
522 1395 553 1434 τε
573 1378 627 1454 τῆς
640 1371 780 1453 μεγάλης
794 1371 960 1453 ἐκκλησίας
974 1372 1028 1434 καί
1042 1375 1107 1433 τῶν
1121 1370 1240 1433 λοιπῶν
1255 1370 1380 1451 ε-ύαγῶν

218 1476 363 1539 sentior
390 1474 444 1539 καί
473 1474 522 1537 διὰ
550 1473 671 1537 τούτων
698 1474 798 1554 ἔκοψε
824 1473 970 1555 νόμισμα.
1015 1473 1092 1537 λαὸν
1117 1473 1145 1535 δ’
1170 1473 1206 1535 ἔτι
1232 1477 1297 1535 τῶν
1325 1472 1379 1535 δε·
1391 1486 1426 1537 10

262 1578 373 1661 μάτων
396 1577 537 1659 συνέλεγε
555 1576 608 1639 καί
623 1577 752 1645 τούτους
767 1575 848 1656 πρὸς
863 1575 1036 1657 πολεμικὴν
1050 1576 1211 1658 ἐμπειρίαν
1226 1576 1380 1656 ἐγύμναζε

218 1680 316 1743 4οκαί
339 1680 526 1762 συμμάχους
543 1678 804 1761 προσεκαλέσατο.
850 1678 990 1750 ἐξελθὼν
1012 1676 1070 1741 οὖν
1091 1679 1168 1759 μετὰ
1191 1678 1247 1760 τὴν
1268 1678 1380 1761 ἑορτὴν

122 1787 318 1845 Ρ1184Ατοῦ
341 1783 447 1864 πάσχα
470 1787 524 1863 τῆς
546 1781 670 1850 πόλεως
692 1781 745 1844 καί
768 1779 961 1862 προσβαλὼν
975 1780 1142 1863 Σαρβάρῳ
1159 1789 1205 1862 τῷ
1220 1787 1275 1843 τοῦ
1291 1779 1379 1844 Χοσ-

264 1886 343 1967 ρύου
378 1884 593 1967 ἀρχισατράττη
626 1882 703 1965 μετά
735 1884 865 1967 βαρείας
899 1884 1067 1966 δυνάμεως
1100 1884 1180 1947 κατὰ
1214 1882 1381 1966 Ῥωμαίων

264 1987 407 2060 σταλέντι,
429 1987 570 2068 τρέπεται
591 1992 701 2050 τοῦτον
723 1986 777 2049 καί
799 1985 836 2049 τὰ
859 1986 1072 2067 στρατεύματα
1095 1988 1193 2049 αὐτοῦ
1216 1987 1380 2067 συγκόπτει
1394 1999 1426 2051 15

264 2090 317 2153 καί
339 2090 498 2173 μαχαίρας
520 2090 613 2172 ἔργον
635 2095 725 2153 ποιεῖ.

215 2194 254 2257 16
349 2191 403 2255 Ἐν
433 2192 553 2261 τούτοις
584 2193 852 2275 παρασπονδήσας
880 2192 899 2255 δ
924 2190 1073 2273 Χαγάνος
1103 2193 1222 2275 ἐπῆλθε
1249 2199 1287 2275 τῇ
1313 2193 1418 2260 Bri-D
1433 2208 1484 2262 ΙΙΙ
1523 2218 1525 2255 ι

265 2294 389 2377 ζαντίδι,
414 2294 467 2357 καί
489 2293 554 2376 πρὸ
576 2300 631 2357 τοῦ
653 2295 774 2377 τείχους
796 2295 829 2355 αἱ
852 2294 999 2377 δυνάμεις
1021 2295 1118 2358 αιἰτοῦ
1141 2294 1379 2376 ἐστρατοπεδεύ-

238 2408 368 2472 toarno,
392 2399 524 2481 δηοῦσαι
538 2397 703 2479 σύμπαντα
718 2398 755 2460 τὰ
777 2397 874 2468 ἐκτός.
920 2398 998 2462 δάεν
1020 2401 1056 2462 οἵ
1070 2423 1102 2461 τε
1124 2406 1176 2481 τῆς
1189 2399 1314 2468 πόλεως
1328 2400 1381 2461 καί

265 2502 285 2564 δ
306 2501 500 2583 πατριάρχης
519 2500 572 2562 καί
588 2499 607 2562 ὁ
621 2501 783 2582 πατρίκιος
798 2500 914 2571 Βῶνος
938 2500 1079 2584 (τούτους
1094 2502 1155 2584 γὰρ
1170 2502 1272 2584 άμηνω
1287 2501 1380 2584 κηδε-
1393 2511 1430 2564 20

265 2672 361 2742 δπτρί
384 2679 436 2726 τῶν
460 2671 511 2726 ὑπὸ
534 2679 588 2726 τῶν
602 2673 741 2726 Ἰουδαίων
763 2673 955 2742 ἀναιρεθέντων
978 2680 1144 2742 χριστιανῶν.
1181 2673 1227 2727 καί
1247 2674 1308 2741 περί
1330 2680 1383 2726 τῶν

267 2747 361 2813 τιμίων
379 2745 467 2806 ξύλων
485 2744 530 2798 καί
549 2751 595 2798 τοῦ
612 2743 776 2812 πατριάρχου
790 2744 838 2799 ΟΕ
912 2745 945 2798 13
963 2748 1000 2798 ὅτι
1016 2753 1054 2813 τῷ
1067 2746 1203 2814 Σαρβάρῳ
1222 2745 1383 2813 συμπλακεὶς

266 2818 282 2869 δ
296 2816 452 2884 Ἡράκλειος
465 2815 584 2883 ἐνίκησεν
598 2813 619 2870 C
689 2816 722 2869 17
734 2817 771 2869 du
784 2816 904 2886 παραβὰς
917 2816 962 2876 τὰς
974 2817 1111 2886 συνθήκας
1123 2818 1139 2869 ὁ
1150 2818 1273 2885 Χαγάνσς
1285 2816 1383 2886 εἰτῆλδε

267 2896 298 2958 τῇ
316 2887 399 2955 πόλει,
421 2887 467 2942 καί
486 2887 606 2956 ἡττηθεὶς
624 2887 721 2956 ἔφυγεν
741 2888 832 2956 (ἔφυγε
852 2887 886 2952 Ε)
906 2887 953 2942 ΟΕ

321 3051 338 3102 3
357 3048 406 3117 γὰρ
427 3063 483 3102 om.
503 3046 526 3102 C
599 3047 615 3101 7
634 3048 768 3117 ἀπήγαγον
787 3047 861 3118 pr
942 3048 999 3116 οὖν]
1019 3055 1106 3102 τοίνυν
1126 3047 1153 3101 D
1235 3049 1252 3101 9
1269 3050 1383 3118 μεγάλης

323 3119 420 3174 ornD
496 3118 528 3172 13
544 3119 548 3184 Ι
564 3121 674 3189 σαβάρω
689 3117 723 3186 Α,
743 3124 816 3186 (tuin
835 3125 916 3174 reete
935 3122 1070 3189 σάρβαρον
1089 3122 1234 3190 praebet),
1256 3122 1384 3190 σαρβάρῳ

322 3189 516 3333 χίχχηὶχίΕψρ
538 3193 570 3244 18
588 3191 654 3259 πρὸς
672 3189 714 3244 Di
734 3196 858 3257 (errore,
876 3198 910 3246 ut
931 3193 1060 3254 videtur)
1156 3194 1192 3246 ‘20
1210 3199 1281 3246 ante
1297 3194 1385 3261 βῶνος

223 3437 258 3492 36
269 3438 418 3509 quaedam
439 3437 677 3493 Christianorum
696 3438 857 3493 multitudo
885 3455 952 3494 esse
979 3440 1148 3494 interiecta.
1186 3439 1261 3494 Nam
1281 3439 1386 3494 iudaei

269 3527 322 3566 eos
342 3511 391 3563 viii
413 3511 509 3580 pretio
530 3511 720 3564 commendati
742 3510 908 3579 necabant;
932 3526 1060 3580 quorum
1079 3527 1196 3566 sumina
1214 3513 1308 3566 inisse
1327 3527 1386 3565 me·

223 3581 404 3637 371n0ratur
423 3581 461 3634 ad
473 3583 642 3650 nonaginta
652 3581 740 3635 inilia.
778 3582 985 3637 Patriarohum
996 3587 1098 3637 autern
1108 3582 1386 3651 Hierosolymorum

268 3657 393 3708 sanetas
411 3653 495 3707 urbis
515 3660 543 3708 et
564 3654 695 3722 pretiosa
715 3654 813 3706 erucis
832 3653 916 3722 ligna
934 3654 1046 3708 Persae
1065 3669 1167 3709 seeum
1186 3657 1217 3709 in
1234 3654 1386 3709 Persidem

224 3723 476 3796 38portaverunt.
513 3724 578 3778 Rex
599 3725 692 3794 igitur
712 3740 780 3778 euin
795 3727 961 3779 exereitum
981 3727 1117 3780 hostibus
1135 3741 1238 3796 parem
1256 3743 1317 3781 non
1338 3726 1387 3780 ha·

269 3798 355 3851 beret
373 3811 410 3850 ae
423 3797 572 3865 pecuniae
582 3796 685 3865 inopia
694 3795 855 3861 laboraret,
875 3801 1036 3866 argentum
1054 3803 1085 3851 et
1097 3812 1205 3852 aurum
1224 3813 1263 3852 ex
1273 3813 1387 3866 magno

224 3865 397 3922 diiecclesia
417 3873 445 3922 et
465 3867 530 3922 aliis
549 3869 643 3922 saeris
662 3866 791 3921 aedibus
809 3873 964 3922 mutuatus
992 3884 1100 3923 numos
1119 3869 1190 3922 inda
1211 3870 1303 3934 ondit,
1330 3871 1386 3922 eoi·

271 3939 441 4008 lectumque
469 3955 506 3994 ox
527 3938 692 4009 provinciis
711 3939 857 4008 populum
876 3939 997 3993 militari
1016 3940 1176 4009 disciplina
1201 3947 1324 3995 exercet
1351 3956 1388 3993 ue

224 4009 368 4065 40socios
394 4012 526 4064 arcessit.
564 4009 600 4064 Et
627 4015 695 4080 post
723 4010 832 4064 festum
851 4009 1007 4065 Paschatis
1032 4011 1206 4078 Sameram,
1235 4011 1388 4066 chosroae

270 4082 516 4151 arehieatrapanr‚
542 4097 609 4136 euni
629 4083 748 4150 singnis
768 4083 863 4151 copiis
882 4091 988 4136 eontra
1007 4082 1159 4137 Romanos
1180 4086 1303 4137 missum
1323 4099 1388 4153 pro-

271 4155 357 4222 fligat
376 4155 503 4222 eiusque
523 4154 689 4206 exereitum
710 4152 850 4207 trucidat.

361 4225 402 4278 16.
440 4225 559 4278 Interea
579 4221 743 4293 chaganus
761 4229 851 4293 rupto
871 4225 995 4280 foedere
1014 4227 1195 4297 aggreditur
1208 4227 1387 4296 Byzantium

271 4297 376 4350 eastris
396 4297 549 4366 legionum
578 4301 649 4349 ante
676 4297 797 4350 moenia
816 4297 921 4365 positis
944 4301 975 4351 et
993 4298 1137 4367 quiequid
1166 4306 1254 4353 extra
1281 4299 1387 4352 urbem

251 4367 337 4420 ‘arat
363 4367 503 4422 incendit.
543 4365 628 4422 Unde
649 4367 731 4421 cives
751 4372 781 4422 et
800 4368 972 4438 patriarcha
992 4375 1021 4423 et
1040 4370 1185 4439 patricius
1204 4368 1306 4425 Bonus
1325 4370 1390 4437 (eos
