3050 4775
255 449 309 505 524
534 450 670 508 ZONAR.
691 451 788 506 EPlT.
808 452 893 508 XVII
914 454 935 522 l,
955 453 1051 522 21-2,
1070 454 1095 510 6.

255 635 419 716 τριάκοντα
451 634 609 716 μυριάδας
640 635 881 718 ἀριθμουμένην
909 635 1134 718 συστησάμενοι
1160 635 1216 718 τῆν
1242 635 1375 720 Θρᾴκην

52 737 196 796 W111168
211 741 246 795 22
255 739 381 802 ἅπασαν
408 738 572 822 ἐληίζοντο.
618 738 739 809 τούτοις
767 735 825 802 οὖν
850 738 896 821 μῆ
924 739 1060 820 θαρρῶν
1082 737 1101 802 δ
1124 737 1271 821 Σκληρὸς
1293 762 1373 821 συμ-

254 841 341 922 μίξαι
363 841 417 904 καὶ
439 841 519 904 κατὰ
542 842 698 925 συστάδην
720 842 922 924 μαχέσασθαι
946 839 1130 922 (πολλοστὸν
1152 840 1213 923 γὰρ
1237 841 1276 924 ῆν
1293 840 1374 924 πρὸς

255 941 290 1006 τὸ
312 945 437 1026 πλῆθος
463 945 592 1009 ἐκείνων
619 944 654 1009 τὸ
680 941 746 1028 μετ’
771 945 869 1008 αὐτοῦ
896 943 1128 1027 στρατιωτικόν)
1159 950 1375 1028 στρατηγικαῖς

166 1048 191 1102 Β
210 1050 245 1103 ‘23
254 1047 407 1128 μεθόδοις
428 1047 501 1119 τοὺς
523 1049 708 1132 βαρβάρους
730 1049 975 1132 κατηγωνίσατο.
1022 1048 1075 1111 καλ
1096 1053 1225 1130 πρῶτον
1246 1048 1306 1131 μὲν
1320 1047 1401 1111 ido

254 1174 332 1232 χους
347 1151 482 1222 καθίσας
497 1151 550 1214 καὶ
564 1151 674 1234 μόνοις
690 1157 753 1222 τοῖς
769 1149 981 1225 Πατζινάκαις
1002 1151 1146 1215 ἐπελθὼν
1168 1151 1222 1214 καὶ
1244 1152 1374 1233 εὐφυῶς

255 1252 368 1324 αὐτοὺς
390 1255 592 1336 περιαγαγὼν
613 1255 656 1325 είς
679 1254 751 1325 τοὺς
773 1253 898 1337 λόχους,
932 1252 1005 1324 τοὺς
1026 1253 1086 1336 μίν
1108 1252 1216 1336 ἀνεῖλε,
1248 1253 1320 1325 τοὺς
1343 1251 1372 1318 δ’

254 1354 313 1420 εἷλε
342 1358 475 1430 ζῶντας
508 1355 571 1420 εἶτα
599 1357 652 1420 καὶ
679 1363 742 1428 τοῖς
765 1357 869 1428 ἄλλοις
892 1357 1076 1438 συμμίξαντι
1097 1357 1190 1440 μέχρι
1212 1357 1272 1440 μέν
1293 1380 1375 1428 τινος

209 1461 244 1516 24
255 1457 425 1541 ἰσόρροπος
447 1458 486 1542 ἦν
508 1461 528 1544 ἡ
551 1461 638 1543 μάχη
663 1461 763 1543 αὐτῷ·
787 1461 834 1532 ὡς
853 1460 889 1524 δέ
903 1484 947 1532 τις
961 1464 1026 1523 τῶν
1040 1458 1185 1522 Σκυθῶν
1207 1459 1261 1521 καί
1283 1459 1374 1541 ὄγκῳ

254 1562 403 1645 σώματος
434 1563 487 1626 καὶ
519 1570 626 1646 ψυχῆς
656 1564 874 1645 παραστήματι
906 1568 1046 1644 γενναῖος
1077 1561 1153 1626 εἶναι
1185 1561 1294 1625 δοκῶν
1319 1561 1374 1624 καί
1387 1566 1420 1620 10

254 1669 318 1727 τῶν
340 1665 505 1747 ὁμογενῶν
528 1665 676 1728 ἁπάντων
692 1666 877 1748 ίιπερτερεῖν,
902 1666 990 1748 ὀρῶν
1004 1664 1059 1728 τὸν
1074 1663 1222 1747 Σκληρδν
1237 1665 1374 1747 ἔφιππον

255 1766 369 1831 διιόντα
391 1767 445 1838 τὰς
466 1763 521 1850 ὑφ’
539 1767 650 1832 ἑαυτὸν
673 1769 772 1842 τάξεις
794 1768 848 1831 καλ
870 1769 982 1840 ταύτας
1002 1768 1045 1838 είς
1060 1766 1160 1850 ἄλκην
1176 1767 1372 1850 διεγείροντα,

254 1869 385 1954 ῶρμησε
400 1865 468 1933 κατ’
485 1869 605 1934 ἐκείνου
621 1870 674 1933 καὶ
689 1870 861 1953 κατήνεγκε
881 1869 916 1934 τὸ
939 1871 1032 1952 ξίφος
1054 1870 1133 1933 κατὰ
1156 1876 1211 1953 τῆς
1232 1871 1374 1954 κεφαλῆς

253 1977 309 2036 τοῦ
338 1971 466 2054 ἀνδρός·
499 1971 534 2036 τὸ
564 1972 598 2036 δὲ
624 1979 662 2056 τῆ
684 1977 740 2037 τοῦ
763 1973 902 2056 κράνους
924 1973 1010 2056 ἰσχύϊ
1028 1973 1082 2036 καὶ
1103 1979 1142 2056 τῆ
1163 1972 1290 2056 λειότητι
1313 1974 1374 2056 οὐχ

209 2078 244 2133 25
254 2075 359 2158 ἥψατο
375 2075 480 2138 αὐτοῦ.
527 2073 545 2137 δ
562 2073 708 2158 Σκληρός
723 2073 818 2146 αὖθις
832 2075 912 2138 κατὰ
930 2083 984 2159 τῆς
1006 2076 1147 2159 κεφαλῆς
1168 2075 1223 2140 τὸν
1237 2075 1373 2159 Σκύθην
1385 2079 1419 2135 15

253 2176 430 2260 δντέπληξε,
463 2177 516 2240 καλ
539 2177 558 2260 d
581 2183 637 2241 τοῦ
665 2177 778 2260 ξίφους
805 2178 973 2261 καταφορὰ
1002 2181 1046 2248 εἷς
1072 2184 1221 2242 τοσοῦτον
1248 2180 1411 2261 γέγονενΙ)
1424 2185 1509 2241 lvii

220 2279 379 2362 οἔνεργὸς
402 2280 448 2351 ὡς
472 2281 543 2365 διχῇ
560 2281 719 2364 τμηθῆναι
733 2280 788 2344 τὸν
802 2282 967 2364 βάρβαρον
982 2281 1036 2345 καλ
1051 2282 1188 2365 ἡμίτομα
1204 2287 1260 2346 τοῦ
1275 2283 1373 2346 ἵππου

208 2380 289 2445 26τά
311 2383 393 2466 μέρη
418 2383 514 2449 αὐτοῦ
538 2383 684 2449 ἐκπεσεῖν.
731 2384 761 2448 ολ
783 2384 941 2468 βάρβαροι
963 2383 1047 2449 δὲτὸ
1063 2385 1157 2467 ἔργον
1172 2384 1374 2468 ἐκπλαγέντες

252 2484 296 2556 εἰς
319 2484 432 2551 δειλίαν
455 2486 602 2551 ἐνέπεσον
624 2486 677 2550 καὶ
700 2487 743 2559 εἰς
770 2487 877 2571 φυγῆν
905 2487 1016 2551 αὐτίκα
1044 2489 1231 2572 ἐτράπησαν,
1265 2489 1312 2561 οἷς
1343 2490 1374 2553 οῖ

252 2696 269 2751 2
287 2698 361 2757 ὅπως
379 2698 395 2751 δ
412 2698 537 2767 Σκληρός
556 2698 615 2759 τούς
630 2700 697 2759 Ῥῶς
712 2698 778 2767 (pidre
787 2698 847 2764 GE)
860 2701 1058 2769 κατηγωνίσατο
1070 2700 1116 2755 καί
1132 2699 1192 2760 τοὺς
1204 2708 1372 2770 συμμαχοῦν·

252 2788 296 2829 τας
314 2769 404 2829 αὐτοῖς
422 2768 470 2825 GE
545 2770 578 2824 15
597 2772 744 2840 σημείωσαι
764 2771 790 2825 A

307 2966 321 3021 l
342 2966 543 3037 ἀριθμουμένην
565 2984 621 3023 om.
641 2968 668 3023 D
752 2968 873 3024 4ἒκεῖνο
891 2968 919 3023 D
1000 2968 1095 3029 αὖτοίις
1111 2969 1115 3036 Ι
1132 2968 1159 3023 D
1242 2968 1260 3022 8
1278 2971 1372 3038 συμμί-

305 3042 395 3103 ξαντες
414 3038 441 3091 Ι)
540 3040 572 3093 11
591 3040 698 3094 πάντων
717 3041 867 3109 θπερτερεῖν
885 3047 938 3095 τῶν
955 3040 1134 3109 δμογενῶνΟ
1230 3040 1263 3093 12
1281 3041 1372 3095 ἑαυτὸν

306 3108 471 3180 EuswpDi,
489 3110 590 3165 ἑαυτῶν
609 3110 659 3164 ΑΒ
733 3112 767 3166 15
786 3112 816 3165 δὲ
829 3118 900 3166 aute
914 3112 1029 3181 σκληρὸς
1046 3111 1114 3165 add.
1129 3108 1255 3181 prDi,
1275 3128 1331 3166 om.
1344 3111 1372 3165 A

306 3182 340 3236 16
358 3182 394 3243 εἰς
414 3180 498 3252 Awp,
516 3183 543 3243 ἐς
562 3182 595 3249 R,
615 3198 643 3236 v.
663 3182 703 3236 ad
720 3182 791 3237 XIV
810 3182 852 3251 12,
873 3182 906 3237 14
1020 3184 1063 3237 17.
1083 3183 1117 3238 18
1135 3190 1182 3237 τοῦ
1201 3184 1281 3237 ζτπου
1300 3189 1373 3238 ante

305 3254 424 3309 ἐκπεσεῖν
443 3252 516 3324 Ewp
591 3254 624 3309 18
642 3253 673 3309 δὲ
692 3270 748 3309 0111.
768 3254 843 3325 pr
918 3253 952 3309 19
970 3255 1081 3309 δειλείαν
1098 3254 1221 3318 ίξίπεσον
1239 3254 1276 3325 ρ*

252 3458 292 3513 ad
315 3458 385 3514 belli
408 3458 583 3513 societatem
606 3460 716 3527 ancille,
745 3462 883 3516 exercitu
905 3460 1025 3516 circiter
1043 3458 1113 3516 000
1132 3460 1245 3514 milium
1265 3465 1372 3515 coacto

206 3526 412 3585 22'l'hraoiom
426 3546 545 3585 omnem
558 3530 729 3600 populatur.
768 3530 896 3599 seierus,
916 3534 968 3601 qui
987 3546 1056 3586 oum
1076 3535 1161 3585 tanta
1179 3531 1372 3587 mullitudine

252 3602 318 3657 aoie
337 3601 484 3671 congredi
503 3617 563 3655 non
584 3602 720 3671 auderet,
740 3604 853 3673 quippe
873 3604 967 3674 copiis
986 3603 1079 3658 multo
1096 3604 1231 3669 inferior,
1251 3604 1372 3658 militari

206 3672 242 3726 23
252 3672 384 3727 sollertia
408 3672 557 3727 barbaros
583 3674 703 3729 devicit.
740 3674 786 3729 Ac
804 3677 934 3745 primum
953 3674 1073 3744 quidem
1093 3674 1273 3728 Patzinecas
1291 3676 1372 3730 soloe

251 3746 281 3799 in
301 3744 425 3799 iusidias
449 3743 555 3799 callide
581 3744 723 3815 pellectos
747 3747 857 3817 partim
880 3746 997 3811 cecidit,
1024 3746 1133 3815 partim
1162 3746 1250 3800 vivos
1278 3761 1313 3800 ee
1335 3747 1371 3813 it3

206 3815 240 3870 24
251 3816 361 3871 deinde
391 3831 458 3870 oum
492 3818 599 3872 ceteris
629 3817 817 3887 aliquamdiu
848 3832 946 3887 aequo
976 3816 1071 3871 Marte
1099 3818 1260 3887 pugnavit.
1309 3762 1370 3872 god

251 3903 319 3942 cum
339 3886 462 3957 quidam
482 3902 518 3942 ex
539 3886 657 3958 Scythis
681 3895 710 3944 et
735 3890 766 3943 vi
790 3890 926 3959 corporis
949 3894 979 3944 et
1002 3889 1094 3942 animi
1118 3890 1227 3958 vigore
1250 3889 1370 3954 florens,

251 3960 298 4013 vir
322 3960 461 4014 omnibus
485 3960 547 4014 suis
572 3959 771 4030 popularibus
796 3961 944 4030 superior,
974 3958 1107 4016 Sclerurn
1136 3974 1207 4014 suas
1234 3959 1372 4029 legiones

251 4044 329 4098 equo
350 4030 533 4085 circumvehi
554 4037 584 4084 et
603 4030 642 4084 ad
661 4046 723 4085 rem
744 4036 868 4086 sirenue
886 4032 1053 4101 gerendam
1073 4030 1224 4085 cohortari
1239 4032 1372 4099 vidisset,

251 4102 401 4155 concitato
422 4116 500 4171 equo
520 4116 621 4156 ensem
642 4103 732 4172 capiti
754 4103 811 4155 viri
830 4104 870 4156 im
894 4105 964 4173 egit,
987 4104 1039 4171 qui
1058 4113 1088 4156 ot
1101 4102 1212 4155 duritie
1225 4107 1254 4157 et
1268 4102 1373 4157 levore

205 4174 240 4228 ‘25
251 4172 359 4242 galeae
388 4174 527 4242 repulsus
555 4189 617 4227 non
646 4174 828 4243 penetravit.
871 4120 992 4229 Bulotus
1020 4172 1142 4243 quidem
1170 4177 1255 4227 tanta
1283 4174 1373 4229 vehe-

251 4244 363 4298 mentia
406 4244 526 4329 'ludium
553 4245 583 4297 in
608 4250 705 4329 capul·
724 4242 855 4314 Scythae
879 4246 1030 4329 illisitput
1057 4244 1208 4329 barbarus
1236 4245 1265 4298 in
1296 4245 1374 4300 duae

205 4316 1373 4458 2⁶lillllll.³⁰⁰illll’1,liliilidiigiliiilliulduilli,

252 4471 328 4527 quos
340 4456 467 4513 Romani
482 4473 500 4513 τι
514 4463 600 4529 tergo
615 4458 743 4513 insecuti
756 4458 866 4514 multos
885 4460 1070 4527 occiderunt,
1089 4458 1198 4514 multoe
1218 4463 1373 4530 ceperunt.
