3050 4775
139 418 387 475 lvsi’iitmitvs
407 416 435 474 ΙΙ
455 418 689 476 IMPERATOR.
718 419 960 475 MARDAITAE.
990 417 1149 475 ARABES.
1205 421 1258 475 229

137 602 234 684 μέλεχ
267 600 381 685 (ὁγὰρ
405 601 534 673 Μαυίας
557 604 642 685 ἔφθη
670 602 795 685 θανών)
828 604 959 685 πέμψας
986 603 1259 686 προσκυρωδῆναι

139 704 196 786 τὴν
217 706 342 787 εἰρήνην
365 706 519 789 ἐζήτησεν,
544 706 642 781 ἀξιῶν
660 706 732 777 τοὺς
748 706 936 789 Μαρδαίτας
949 713 1135 790 μεταστῆναι
1150 706 1186 770 ἐκ
1201 710 1284 769 τοῦ5

139 806 281 891 Λιβάνου
304 808 358 871 καί
380 809 627 891 ὑπισχνούμενος
642 810 753 873 τούτου
771 810 941 893 γενομένου
957 810 1077 873 διδόναι
1092 808 1258 891 Ῥωμαίοις

139 910 311 993 ἡμερήσιον
333 911 437 994 φόρον
459 918 579 995 χρυσοῦ
603 912 778 995 νομίσματα
799 912 879 996 χίλια
895 914 949 976 καὶ
965 914 1080 977 δοῦλον
1093 913 1148 976 καί
1162 914 1257 976 ἵππον

110 1017 203 1075 5τῶν
225 1009 300 1094 παρ’
325 1015 430 1084 αὐτοῖς
452 1016 612 1097 ἐκκρίτων.
659 1015 708 1079 ἐπὶ
728 1016 849 1087 τούτοις
863 1012 921 1079 οὖν
936 1016 1179 1079 ἀνανεωδεισῶν
1193 1020 1283 1078 edwii
1332 1012 1336 1021 '

139 1117 296 1190 σπονδῶν,
328 1118 382 1181 καί
409 1122 473 1181 τῶν
500 1117 698 1200 Μαρδαὶτῶν
726 1120 770 1189 εἷς
798 1118 926 1183 δώδεκα
957 1118 1097 1201 χιλιάδας
1128 1117 1257 1200 ἀνδρῶν

136 1217 289 1301 μαχίμων
312 1221 560 1303 ἀριθμουμένων
581 1222 799 1303 μεταστάντων
822 1222 858 1284 ἐκ
880 1227 936 1285 τοῦ
959 1220 1110 1302 Λιβάνου,
1134 1218 1170 1283 τδ
1192 1224 1257 1282 τῶν

133 1323 282 1406 Ἀράβων
308 1324 403 1394 ἔθνος
429 1330 484 1387 τοῦ
514 1324 548 1397 ἐξ
574 1325 703 1387 ἐκείνων
732 1324 825 1394 δέους
851 1323 1027 1405 ἀπαλλαγὲν
1052 1322 1179 1385 πολλῶν
1201 1322 1257 1404 τὴν

136 1425 305 1508 Ῥωμαίων
327 1427 495 1510 ἡγεμονίαν
518 1427 664 1509 ἐνέπλησε
686 1431 874 1509 συμφορῶν.

91 1534 129 1587 10
228 1529 356 1600 Στείλας
379 1529 414 1593 δὲ
435 1528 490 1592 τὸν
512 1528 683 1613 στρατηγὸν
698 1529 847 1593 Λεόντιον
862 1529 881 1593 ό
895 1527 1109 1599 Ἰουστινιανδς
1124 1528 1281 1601 ὗπίταξεῖ

138 1628 178 1695 δι’
208 1633 305 1695 αὐτοῦ
333 1632 389 1715 τὴν
407 1632 544 1715 Ἰβηρίαν
571 1632 624 1696 καί
646 1632 702 1716 τὴν
720 1633 885 1715 Ἀλβανίαν
912 1631 967 1696 καί
998 1632 1108 1715 χώρας
1139 1630 1288 1711 ἑτέραςΒ

136 1731 230 1805 οὗτος
253 1734 272 1797 δ
294 1735 437 1817 βασιλεὺς
465 1735 553 1799 ἔλυσε
579 1736 708 1807 καὶτὰς
730 1734 812 1818 πρὸς
833 1735 907 1805 τοὺς
928 1734 1136 1817 Βουλγάρους
1158 1739 1281 1796 σπου-8

138 1837 206 1919 δάς,
237 1837 283 1920 μὴ
311 1837 500 1920 ἀνεχόμενος
529 1838 670 1919 δασμοὺς
697 1839 845 1921 παρέχειν
872 1838 985 1907 αὐτοῖς.
1030 1836 1282 1918 ἐκστρατεύσαςξι

137 1939 173 2003 δὲ
195 1940 275 2002 κατὰ
297 1939 335 2003 τὰ
358 1940 484 2021 ἑσπέρια
506 1940 607 2005 πολλὰ
630 1946 694 2003 τῶν
716 1940 913 2023 Σθλσβικῶν
935 1940 1042 2004 ἐδνῶν
1068 1939 1254 2021 ὑπηγάγετο,

92 2041 173 2103 15τά
196 2041 256 2123 μὲν
278 2042 398 2123 ἑκόντα,
422 2044 486 2105 ἔνια
511 2043 545 2107 δὲ
567 2044 707 2125 πολέμου
730 2044 837 2127 νόμῳ·
870 2044 905 2116 ἐξ
927 2040 975 2107 ὧν
996 2042 1050 2105 καί
1071 2042 1144 2105 νέον
1166 2064 1254 2104 συνε-

135 2145 271 2226 στήσατο
293 2145 461 2227 σύνταγμα.
507 2142 575 2208 κατ’
599 2146 732 2229 ἐκλογὴν
755 2145 815 2228 γὰρ
839 2146 977 2230 εἰληφὼς
999 2146 1035 2209 ἐκ
1058 2144 1179 2208 τούτων
1199 2144 1253 2206 ἀν-
1266 2149 1300 2203 10

136 2247 217 2328 δρας
239 2248 398 2329 γενναίους
420 2272 452 2311 τε
474 2248 527 2311 καὶ
550 2248 715 2323 νεάζοντας
738 2250 782 2319 εἶς
803 2248 943 2331 χιλιάδος
969 2248 1145 2331 τριάκοντα,
1177 2245 1256 2310 λαδν

137 2478 172 2530 10
189 2479 228 2530 ὅτι
246 2478 356 2542 ὑπέταξε
379 2478 426 2547 τὴν
446 2479 563 2548 Ἰβηρίαν
586 2479 630 2532 καὶ
652 2479 699 2549 τὴν
719 2480 854 2548 Ἄλβανίαν
881 2479 1001 2544 (ἀλανιλιν
1019 2477 1050 2546 C,
1079 2493 1107 2532 v.
1126 2478 1166 2532 ad
1186 2477 1255 2532 XIV

134 2549 179 2614 22,
199 2549 227 2616 7)
246 2548 294 2605 ΟΕ
390 2550 479 2605 12611
499 2551 574 2605 ἔλυσε
593 2551 637 2610 τὰς
654 2551 721 2620 πρὸς
740 2551 834 2618 (προύς
854 2551 889 2620 Ε)
908 2551 970 2612 τοὺς
988 2551 1160 2620 Βουλγάρους
1178 2570 1255 2604 σπον-

134 2619 184 2680 δὰς
202 2621 248 2674 καὶ
265 2622 331 2690 ἔθνη
351 2621 496 2692 Σόλαβικὰ
513 2623 659 2692 ὑπηγάγετο
678 2622 848 2692 (καὶ-ὖπηγ.
869 2638 926 2676 om.
945 2622 980 2688 E)
1000 2621 1048 2678 OE

191 2836 204 2889 l
224 2837 322 2907 μαβίας
342 2835 412 2906 Ewp
490 2843 558 2906 post
575 2838 683 2906 πέμψας
702 2837 772 2890 add.
790 2837 856 2904 πρὸς
875 2837 1046 2891 ίουστινιανδν
1065 2837 1139 2906 pr
1211 2857 1256 2890 ιιυ-

188 2909 311 2976 ρωθῆναι
325 2907 398 2977 pr
471 2909 487 2962 7
506 2907 567 2975 τῶν]
588 2916 633 2962 τοῦ
654 2909 676 2962 E
748 2910 766 2962 8
784 2909 831 2978 τὴν
850 2907 918 2962 ODi
937 2910 976 2975 (ν.
996 2907 1065 2962 XIV
1084 2908 1127 2976 22,
1147 2907 1184 2976 2),
1204 2916 1257 2961 τῶν

191 2979 251 3044 ΑΕ,
269 2979 317 3046 τὴν
336 2987 387 3032 τῶν
406 2979 469 3048 w*p
543 2981 559 3032 9
578 2981 702 3048 ἐνέπλησε
721 2977 783 3044 AB,
801 2980 940 3047 ἐνέπλησεν
960 2980 1094 3049 Ewap,
1113 2979 1257 3048 ἐνέπλησαν

190 3051 227 3116 Ι),
246 3066 275 3102 ν.
296 3051 335 3104 ad
354 3050 426 3104 XIII
442 3051 491 3117 1‚5
566 3052 599 3105 10
617 3050 798 3110 ιὀυστισνδςῡ
872 3052 903 3104 il
922 3051 1030 3106 ἀλανίαν
1043 3050 1075 3116 Β,
1095 3067 1123 3105 ν.
1138 3066 1256 3120 argum.

189 3121 230 3175 ad
249 3121 277 3173 h.
296 3122 314 3174 i.
334 3121 377 3177 Cs.
392 3121 553 3191 Theoph.I
574 3139 601 3192 p.
611 3123 672 3189 363,
686 3123 722 3176 30
794 3122 829 3175 14
847 3122 1006 3191 σόλοβικῶν
1024 3119 1078 3176 AR
1098 3122 1256 3191 Ephreem.

191 3192 270 3318 3372,
296 3193 300 3259 Ι
325 3193 465 3320 ww
494 3193 524 3262 C,
553 3195 708 3263 σκλαβικῶν
736 3193 809 3263 w*p,
838 3210 867 3248 v.
890 3194 960 3249 Duo
985 3193 1024 3248 ad
1050 3192 1128 3247 Ann.
1154 3192 1257 3248 Comn.

230 3279 279 3318 ex.
298 3281 326 3334 p.

133 3495 209 3548 bum
229 3493 371 3578 princeps
388 3491 601 3548 Abimeleebus
616 3492 743 3561 (Mavias
763 3495 843 3548 enim
862 3499 934 3548 ante
953 3497 1019 3548 erat
1035 3492 1185 3558 mortuus)
1204 3507 1259 3562 per

135 3566 258 3634 legatos
277 3579 361 3633 pacis
380 3565 639 3619 confirmationem
660 3567 752 3634 petiit,
774 3581 888 3636 rogans
906 3570 941 3618 ut
953 3562 1121 3618 Mordaitae
1140 3563 1287 3618 Libonob

135 3639 368 3702 amoverentur3
400 3635 481 3705 quod
501 3637 526 3688 si
550 3637 643 3703 fieret,
673 3652 705 3690 so
726 3636 869 3691 Romanis
898 3636 1083 3690 cotidianum
1112 3635 1259 3689 tributum

136 3721 305 3777 pensurum
329 3706 464 3760 millenos
489 3722 598 3762 aureos
618 3723 725 3762 numos
745 3713 774 3762 ot
793 3723 916 3763 servum
935 3711 966 3761 et
984 3721 1096 3776 equum
1116 3707 1258 3760 eximium

136 3778 349 3848 pollicebatur.
385 3777 425 3832 Iis
444 3779 538 3847 igitur
559 3779 788 3833 condicionibus
811 3778 935 3833 foedere
959 3782 1107 3832 renovato
1135 3781 1167 3832 et
1185 3776 1286 3831 Mer-6

137 3851 237 3916 deins,
259 3850 310 3917 qui
330 3849 490 3904 duodecim
510 3850 591 3903 milia
610 3852 744 3904 virorum
766 3850 976 3904 bellicosorum
995 3849 1158 3916 habebant,
1177 3865 1195 3903 e
1213 3848 1260 3901 Li·

137 3922 221 3976 bano
241 3921 357 3986 amotis,
377 3935 454 3990 gens
474 3919 605 3975 Arabica
626 3928 708 3976 metu
727 3921 846 3976 illorum
873 3921 1001 3975 liberate
1020 3920 1190 3974 Romanum
1209 3921 1260 3974 im·

139 3993 258 4062 perium
278 3992 379 4046 multis
398 3993 484 4045 malis
503 3993 612 4047 affecit.

230 4061 370 4118 Ceterum
389 4061 576 4118 Iustinienus
594 4066 684 4118 misso
705 4063 783 4118 duce
794 4063 922 4118 Leontio
933 4063 1072 4129 iberiam,
1091 4062 1287 4126 Albaniam?

139 4135 215 4188 alies
229 4135 372 4204 regiones
382 4135 512 4204 subegit.
537 4135 618 4188 Idem
639 4151 692 4188 rex
704 4137 896 4189 etiemiotnm
916 4151 984 4189 cnm
993 4134 1134 4204 Bulgnris
1153 4133 1288 4188 foeduod

139 4207 223 4276 rupit
246 4219 347 4274 neque
375 4207 412 4260 iis
431 4207 545 4260 tributo
576 4207 710 4276 pendere
737 4208 894 4273 sustinuit3
926 4206 979 4260 sed
1007 4205 1202 4275 expeditione
1230 4205 1288 4258 in9

138 4278 190 4348 pla
214 4293 248 4330 as
269 4276 471 4332 occidentales
490 4285 632 4348 suscepto
651 4278 760 4332 multas
780 4277 935 4333 Sclevieoe
959 4282 1067 4347 gentes
1092 4277 1200 4346 partim
1230 4277 1261 4328 in

140 4348 179 4402 de
201 4349 327 4402 itionem
347 4350 471 4418 accepit,
502 4349 609 4418 partim
629 4349 707 4404 betto
728 4349 859 4416 domuit;
892 4348 975 4403 unde
1003 4363 1100 4402 novos
1124 4348 1262 4416 legiones

140 4420 329 4489 conseripsit,
349 4419 473 4474 deiectis
493 4421 637 4474 iuvenum
653 4421 881 4476 fortissimorum
907 4420 1026 4473 circitor
1044 4420 1171 4490 triginta
1190 4418 1261 4472 mili·
1273 4419 1307 4472 10
