3050 4775
449 380 652 441 BVLGARIA
671 381 834 440 DOMITA.
871 381 1052 441 ABASGIA.
1231 384 1284 440 tet

162 567 307 649 θρωπος,
330 566 439 649 τόφον,
462 564 557 649 σίμαι,
581 566 823 650 ὠνομασμένην,
847 568 894 639 ὡς
915 568 1117 651 τετυφῶσθαι
1131 570 1285 630 ποιοῦσαν

161 668 233 740 τοὺς
247 669 343 752 ταύτῃ
360 667 610 752 ἀναδουμένους)
635 668 689 732 καὶ
712 670 815 741 οὑτως
838 671 910 753 ἄχρι
932 678 986 753 τῆς
1008 675 1064 733 τοῦ
1086 670 1166 734 θεοῦ
1187 668 1283 751 λόγου

0 770 287 853 11111124Σοφίσς
313 772 453 855 ἀφίκετο,
485 771 626 842 ἀποόοὺς
654 772 688 835 ἐν
716 773 812 855 ταύτῃ
839 780 886 854 τῷ
908 772 1010 855 κυρίῳ
1033 771 1069 834 τὰ
1092 772 1283 855 χαριστήρια.

161 874 240 937 ἔνθα
263 875 433 958 γενόμενον
448 876 466 938 6
481 876 676 959 πατριάρχης
694 876 795 941 πολλὰ
812 874 970 947 ἱκετεύσας
986 875 1122 958 ἐκκόψω
1137 874 1173 940 τὸ
1189 875 1282 959 ἀλλη-
1293 877 1328 933 25

134 976 292 1058 ὁλίχγοον
314 978 353 1041 οὑ
375 979 630 1061 κατεθυσώπησε,
653 978 708 1042 καὶ
729 986 826 1043 ταῦτα
848 978 1067 1061 ὑποσχόμενον
1082 983 1174 1041 τοῦτο
1190 979 1317 1061 ποιοί-Β

161 1101 233 1162 σειν,
257 1081 287 1143 εί
305 1085 370 1144 τῶν
385 1063 583 1165 Βουλχάρων
598 1082 787 1165 κρατήσειεν.
834 1080 927 1151 αἶπος
950 1082 968 1144 6
990 1080 1185 1164 πατριάρχης
1199 1080 1328 1163 lep-26

161 1204 227 1263 χιος
248 1181 304 1265 τὴν
327 1183 494 1266 ἐκκλησίαν
513 1183 562 1247 ἐπὶ
578 1186 676 1247 εἴκοσι
690 1184 849 1267 ποιμάνας
864 1184 927 1267 ἔτη,
950 1184 1099 1266 μετέθετο
1114 1182 1171 1266 τὴν
1186 1184 1283 1267 ζωήν,

159 1284 215 1347 καὶ
239 1286 461 1368 προεχειρίτθη
489 1292 544 1367 τῆς
572 1286 605 1349 ἑν
627 1284 955 1351 Κωνσταντινουπόλει
983 1286 1149 1369 ἐκκλησίας
1179 1286 1282 1369 ἀρχιε-

160 1384 233 1468 ρεὺς
248 1386 437 1467 Εὑστάθιος,
461 1390 498 1458 ὃς
512 1393 568 1451 τοῦ
590 1387 624 1451 ἐν
645 1396 693 1470 τῷ
713 1389 855 1471 παλοτίῳ
878 1395 958 1452 ναοῦ
981 1390 1093 1471 ἱερέων
1115 1389 1282 1471 ἐπρώτευε.

116 1498 151 1553 10
255 1490 319 1572 Ίῑῆς
342 1488 542 1571 Βουλγαρίας
570 1489 605 1552 tl
635 1490 851 1573 θουλωθείσης
877 1498 915 1575 τῇ
937 1496 1002 1555 τῶν
1020 1489 1189 1573 Ῥωμαίων
1210 1493 1281 1573 ἡχε-
1292 1493 1327 1549 21

158 1591 254 1673 μανίᾳ
276 1590 330 1655 καὶ
352 1591 389 1655 τὰ
412 1597 477 1655 τῶν
499 1591 682 1673 Χορβάτων
710 1593 788 1676 ἔθνη
818 1594 997 1675 ὑπέκυψαν,
1031 1590 1108 1655 ἀλλὰ
1137 1591 1202 1675 μὴν
1228 1590 1283 1655 καὶ

159 1692 194 1757 τὸ
216 1693 359 1777 Σίρμισν.
406 1693 468 1757 εἶτα
491 1692 571 1757 κατὰ
591 1694 758 1777 Ἀβασχίας
781 1696 975 1778 ἐκστρατεύει
998 1694 1017 1758 6
1038 1694 1193 1777 βασιλεύς,
1225 1699 1281 1759 τοῦ
1291 1699 1327 1753 28

159 1796 272 1879 ταύτης
298 1802 490 1878 κρατοῦντος
515 1797 849 1880 παροσπονόήσαντος.
896 1798 963 1863 ἐκεῖ
990 1796 1025 1862 ὑὲ
1053 1797 1165 1861 τούτου
1192 1800 1326 1880 χεχο-ἳθ

158 1898 259 1981 νότος,
283 1900 414 1963 ὄπισθεν
437 1899 663 1963 ἀποστατοῦσιν
685 1899 706 1963 6
727 1924 759 1963 τε
776 1899 889 1983 Ξιφίας
904 1899 958 1964 καὶ
973 1898 1164 1982 Νικηφόρος
1180 1899 1199 1963 6
1213 1898 1282 1970 υίὸς

118 2013 151 2067 15
161 2001 274 2085 Rupta
289 2007 345 2066 τοῦ
361 2002 464 2066 Φωκᾶ
480 2004 510 2066 σί
524 2002 687 2084 πατρίκιοι,
711 2002 788 2066 ἀλλὰ
813 2004 935 2085 ταχέως
957 2004 977 2085 ἡ
1000 2002 1121 2067 τούτων
1144 2003 1314 2086 ἔσβέσθηῦ
1431 2068 1433 2071 ,

160 2105 341 2188 ἀποστασία,
365 2110 421 2169 τοῦ
439 2104 499 2187 μὲν
515 2104 609 2187 Ξιφία
625 2104 679 2167 τὸν
695 2105 817 2169 Φωκᾶν
832 2104 1005 2187 ἀνελόντος,
1030 2105 1126 2169 αὑτοῦ
1151 2104 1185 2169 tl
1208 2106 1280 2169 συλ-

159 2207 335 2290 ληφθέντας
361 2207 415 2271 καλ
439 2208 567 2289 θεσμίου
591 2207 789 2290 ἀπαχθέντος
812 2209 855 2277 εἰς
877 2206 933 2291 τὴν
955 2213 1021 2271 τῶν
1042 2207 1168 2271 πόλεων
1190 2208 1279 2290 βασι-

159 2309 320 2374 λεύουσαν.
365 2312 434 2393 ἀρτι
463 2310 497 2374 θλ
525 2308 579 2381 τὰς
601 2310 673 2393 περὶ
694 2316 748 2394 τῆς
770 2311 953 2394 τυραννίόος
975 2311 1088 2395 ταύτης
1111 2311 1325 2395 φροντίδαςθθ

160 2505 178 2559 6
195 2505 256 2573 περὶ
272 2511 445 2574 πατριορχῶν
464 2503 512 2560 ΟΕ
585 2504 619 2558 12
636 2505 789 2573 ἐκστρατείιι
807 2505 875 2560 κατὰ
890 2505 1026 2574 Maurice
1045 2503 1093 2560 cl:

216 2696 231 2749 1
250 2697 334 2766 τὺφον
352 2694 463 2767 Apr‚
483 2705 567 2766 τῦφον
580 2694 623 2750 Di
694 2699 893 2766 ὠνομασμένων
911 2698 939 2753 D
1012 2700 1078 2758 ὥςτε
1096 2698 1238 2767 τυφῶσθαι
1251 2697 1279 2750 D

214 2768 232 2822 2
250 2769 345 2837 ταύτην
363 2769 391 2822 D
462 2769 542 2838 λόγου
562 2785 619 2822 0111.
640 2769 663 2822 Ε
734 2770 821 2823 ὑοὺκ
841 2769 1010 2838 ίόυςώπησεν
1026 2771 1029 2836 Ι
1046 2770 1074 2823 D
1153 2769 1170 2822 8
1188 2768 1217 2822 ἔν
1237 2772 1280 2838 (τῇ

216 2840 285 2894 add.
298 2840 337 2906 D)
356 2841 623 2896 κωνσταντινουπόλει
643 2841 846 2907 (κωνσταντίνου
858 2841 932 2894 πόλει
948 2841 987 2910 D)
1004 2838 1066 2908 ΑΟ,
1085 2848 1130 2910 τῆς
1146 2860 1279 2894 κωνσταν-

215 2912 388 2971 τινοοπόλεως
404 2913 476 2981 Ewp
554 2912 698 2980 ἐκκλησίας
717 2928 774 2966 0111.
794 2912 821 2965 D
893 2912 910 2966 9
930 2918 1001 2968 ante
1018 2911 1047 2965 ἀν
1066 2911 1136 2965 add.
1155 2918 1209 2965 τῶν
1228 2911 1279 2964 Ew

249 2983 278 3036 ἐν
295 2991 333 3050 τῷ
353 2983 470 3050 παλσιίῳ
488 2981 562 3052 AOp
591 2983 724 3046 (videtur
742 2983 770 3036 h.
789 2983 806 3036 l.
826 2984 894 3038 Duc
918 2998 1013 3036 riuum
1039 2983 1077 3038 de
1095 2983 1179 3036 libris
1201 2982 1279 3036 Pari·
1389 3051 1393 3058 ι

215 3055 288 3109 sinis
307 3054 370 3107 suis
388 3054 565 3123 inspexisse,
585 3070 614 3108 v.
634 3055 673 3109 ud
693 3059 708 3118 5
727 3053 782 3122 34),
801 3053 830 3108 ἐν
847 3055 964 3108 παλατίω
984 3055 1015 3121 Ε,
1034 3055 1065 3108 ἐκ
1083 3053 1200 3121 calatin
1221 3053 1264 3107 w*

250 3130 322 3180 ante
340 3125 433 3192 leptim
451 3124 521 3178 add.
540 3132 593 3179 τῶν
613 3125 636 3180 0
732 3127 763 3178 11
785 3125 933 3195 Κραβάτων
951 3141 998 3194 wp
1017 3126 1120 3179 invitis
1138 3123 1192 3178 AR
1213 3124 1278 3178 cod.

216 3197 302 3253 Coisl.
323 3195 409 3252 Cedr.
429 3193 572 3267 (Scylla.)
591 3197 620 3250 ΙΙ
639 3213 667 3266 p.
686 3197 778 3265 illut
849 3197 991 3266 ὑπέκυψαν
1009 3194 1071 3265 ΑΟ,
1089 3195 1228 3265 ἐπέκυψαν
1247 3195 1279 3262 Ε,

214 3269 357 3339 ἀπέκοψαν
370 3267 435 3340 w*p
509 3268 544 3322 14
560 3269 775 3324 ε’πιστατοῦσινΕ
849 3268 882 3324 16
901 3268 1030 3339 ξιφίουΟ
1103 3267 1280 3338 συλληφθτος

217 3340 282 3410 (sic)
301 3341 329 3395 A
401 3342 435 3397 ll
453 3340 581 3410 ἀχθέντος
600 3340 625 3395 0

162 3532 306 3585 stantium
325 3533 448 3597 excitat)
464 3536 495 3586 et
513 3533 557 3586 sic
575 3546 673 3600 usque
691 3531 731 3584 ad
748 3529 777 3586 S.
797 3530 927 3602 Sophiae
946 3531 1053 3585 sedern
1072 3531 1219 3600 pervenit,
1238 3531 1280 3584 ibi

163 3615 285 3671 quoquc
304 3608 377 3656 vota
396 3602 518 3657 domino
538 3603 741 3657 exsoluturus.
780 3603 927 3666 Quocum
947 3603 1088 3669 venisset,
1108 3602 1280 3672 patriarcha
1290 3597 1325 3654 25

161 3673 263 3726 multis
281 3673 384 3726 verbis
402 3687 471 3728 eum
492 3676 668 3740 obtestatus,
687 3678 724 3727 ut
741 3674 944 3796 ellelengyum
959 3674 1084 3738 tolleret,
1104 3673 1176 3727 nihil
1190 3674 1281 3743 impc-

162 3745 263 3812 truvit,
292 3746 430 3814 quamvis
454 3761 507 3799 rex
532 3744 681 3814 pollicitus
703 3749 782 3799 essct
801 3759 833 3798 sc
877 3745 992 3814 alguris
1011 3745 1145 3799 subactis
1164 3745 1195 3798 id
1214 3759 1281 3798 esse

162 3816 323 3870 lucturum.
359 3815 389 3869 ls
412 3817 585 3885 patriarcha
607 3815 742 3885 Sergius,
771 3829 839 3869 cum
865 3815 1021 3870 ecclesiam
1046 3815 1086 3869 ed
1109 3831 1206 3870 annos
1225 3811 1325 3869 xxnt

161 3889 299 3953 rexisset,
317 3891 443 3942 mortem
463 3889 544 3954 obiit,
564 3903 601 3941 ac
619 3888 650 3940 in
670 3888 735 3941 eius
754 3887 852 3940 locum
872 3887 1016 3941 suffectus
1035 3891 1081 3941 est
1096 3886 1280 3955 Eustathius,

162 3958 355 4012 sacerdotum
374 3958 459 4013 aedis
476 3960 630 4028 palatinae
649 3959 799 4027 princeps.

250 4029 397 4099 Bulguria
416 4029 528 4084 domita
541 4028 761 4084 Cherbstorum
781 4043 903 4100 quoque
916 4044 1014 4098 genus
1028 4034 1059 4084 et
1071 4028 1211 4084 Sirmium
1225 4028 1280 4083 Ro·
1290 4025 1325 4079 27

161 4116 252 4154 mano
265 4101 392 4170 imperio
411 4115 444 4154 se
461 4102 664 4156 subiecerunt.
701 4099 820 4155 Deinde
833 4102 865 4154 in
877 4098 1042 4170 Abasgism
1056 4099 1281 4169 expeditionem
1291 4097 1326 4152 28

162 4187 217 4226 rex
241 4173 376 4242 suscipit,
404 4173 490 4225 cuius
514 4174 655 4242 princeps
678 4177 767 4241 pactu
790 4172 928 4225 violarat.
966 4171 1119 4234 Quocum
1140 4168 1326 4236 venisset29

162 4258 181 4296 u
200 4247 288 4312 tergo
308 4244 485 4297 defecerunt
503 4243 629 4312 Xiphias
648 4249 678 4296 et
696 4243 892 4312 Nicephorus,
916 4242 1036 4297 Bardac
1054 4241 1176 4296 Phocue
1194 4241 1281 4307 lilius,

162 4315 295 4384 patricii3
314 4314 368 4368 sed
387 4318 486 4368 ructus
505 4315 555 4368 ille
574 4314 713 4368 celeriter
731 4319 777 4367 est
796 4326 995 4383 compressus,
1015 4313 1117 4368 Phoca
1135 4328 1154 4365 ιι
1172 4311 1283 4380 Xiphis

162 4386 342 4456 interempto
365 4391 397 4440 et
414 4384 526 4456 Xiphie
553 4391 642 4457 capto
667 4391 697 4440 et
716 4384 895 4453 Byzantium
919 4382 1076 4454 perducto.
1113 4385 1180 4449 Qua
1208 4382 1327 4438 cura30
