3050 4775
461 409 656 480 ALARICVS
675 409 814 480 ROMAM
834 410 960 480 casn.
1236 410 1272 478 99

153 601 266 686 δρᾶναι
287 604 340 669 καὶ
362 606 491 687 κομίσαι
513 614 559 688 τῷ
581 605 712 688 ἀδελφῷ
735 605 840 691 αὐτῆς,
864 607 1010 670 κάκεῖνον
1033 605 1177 679 συζεῦξαι
1198 605 1272 668 ταύ·

151 731 209 789 την
224 709 321 789 αὐτῷ,
335 709 518 791 τετιμηκάτα
533 709 747 792 συγκλητικόν,
764 707 826 771 εἶτα
842 708 896 770 καὶ
911 707 1039 790 βασιλέα
1051 707 1272 790 ἀναγορεῦσαι·

153 817 249 892 γονῆς
276 810 336 892 γὰρ
364 812 480 880 σι’κείος
505 811 638 894 ἄμοιρος
664 811 704 894 ἦν
730 809 890 893 Ὀνώριος.
941 817 1098 893 σφαγῆναι
1130 810 1165 874 δὲ
1195 809 1273 892 μετὰ
1285 821 1318 873 10

152 912 271 994 μικρὸν
291 913 345 976 τὸν
366 912 595 995 Κωνστάντιον,
622 915 804 996 γειναμένης
827 915 915 995 αιάᾠ
937 913 1053 983 παῖδας
1074 919 1129 996 τῆς
1150 911 1272 976 Πλακι-

126 1014 234 1095 odino,
262 1013 515 1079 Οὐαλενιινιανδν
537 1016 591 1079 καὶ
613 1013 801 1098 Ὀνωριάδο.

248 1116 289 1180 Oi
312 1119 372 1199 μὲν
399 1115 457 1180 οὖν
483 1119 568 1181 οὕτω
594 1115 687 1180 τοῦδ’
711 1119 897 1198 ἱστοροῦσιν·
930 1117 1027 1198 ἕτεροι
1055 1117 1089 1181 δὲ
1116 1124 1314 1200 σφαγῆναι11

150 1218 213 1300 μὲν
235 1219 357 1301 λέγουσι
377 1220 432 1284 τὸν
446 1221 630 1304 Στιλέχωνα,
653 1220 890 1302 ἀπεχθάνεσθαι
914 1219 948 1283 δέ
970 1219 1042 1290 τοὺς
1065 1221 1099 1283 έν
1116 1225 1153 1303 τῇ
1165 1219 1272 1302 Ῥώμη

151 1329 201 1403 τῷ
230 1319 384 1405 Ὀνανρίῳ,
417 1324 471 1387 καὶ
501 1324 555 1388 τὸν
586 1325 629 1394 εἰς
654 1322 822 1405 Ῥάβενναν
852 1321 1107 1406 μετοικήοασδαι.
1153 1321 1207 1384 τὸν
1239 1321 1274 1384 δὲ
1287 1335 1318 1386 12

152 1421 316 1506 Ἁλάριχον
337 1431 392 1508 τῆς
410 1427 592 1509 ἀβελτηρέας
608 1427 728 1489 ἐκείνου
743 1427 1026 1508 καταφρονήσαντα
1043 1425 1273 1506 ἐπιστρατεῦσαι

109 1533 193 1608 Ιοτῇ
220 1525 328 1609 Ῥώμῃ
359 1527 413 1591 καὶ
439 1529 554 1610 ταύτην
578 1528 744 1610 πολιορκίᾳ
771 1528 859 1592 ἑλεῖν·
892 1528 1029 1609 ἁλούσης
1056 1526 1090 1590 δὲ
1119 1527 1318 1609 ἐπιστῆναι13

152 1635 202 1709 τῷ
225 1626 370 1710 Ὀνωρίῳ
393 1630 458 1693 τινὰ
482 1631 725 1712 δεδακρυμένον,
758 1629 989 1712 ἀπαγγέλλοντα
1013 1630 1059 1699 ὡς
1081 1628 1188 1691 “idio
1211 1627 1427 1696 ὓπδΡΙΗΟΛ

152 1727 318 1813 Ἀλαρίχσυ
332 1731 508 1815 ἡῬώμη”.
553 1732 607 1796 τὸν
623 1732 657 1795 δέ
675 1731 757 1812 πρὸς
778 1733 834 1815 τὴν
858 1731 1000 1814 ἀγγελίαν
1023 1730 1274 1812 συγκλσνηδέντα
1286 1744 1318 1796 14

154 1840 297 1915 σπασμῷ
316 1834 353 1897 τὸ
376 1839 471 1916 σῶμα
493 1836 547 1897 καλ
568 1835 614 1897 τὼ
636 1835 734 1917 μηρὼ
756 1836 934 1908 πατάξαντα
957 1841 1024 1897 ταῖν
1045 1839 1151 1915 χεροῖν
1178 1833 1275 1915 φάναι

4 1936 242 2007 11111936“ἔως
264 1936 332 2017 ἄρτι
355 1933 421 2000 ὧδε
443 1936 483 2020 ἦν
505 1940 525 2020 ἡ
545 1937 663 2020 Ῥώμη,
686 1943 757 2008 πῶς
781 1935 838 2000 οὖν
862 1937 990 2012 ἑάλω,·”
1012 1938 1140 1999 συνέντα
1165 1935 1199 1999 δὲ
1221 1935 1275 2000 τὸν
1287 1949 1319 2002 15

109 2050 143 2104 15
154 2039 287 2120 ἀγγελέα
309 2039 363 2101 καὶ
384 2041 467 2121 μέγα
490 2041 674 2113 στενάξαντο
698 2042 793 2104 εἰπεῖν
816 2042 862 2110 ὡς
877 2040 970 2123 ’περὶ
984 2046 1039 2122 τῆς
1053 2039 1177 2108 πόλεως
1191 2039 1274 2120 λέγω

153 2141 211 2204 καὶ
233 2141 272 2204 οὗ
295 2141 366 2224 περὶ
387 2149 442 2225 τῆς
465 2143 625 2224 ὄρνιδος.”
670 2143 710 2226 ἦν
727 2143 788 2226 γὰρ
804 2151 850 2225 τῷ
865 2142 986 2225 βασιλεῖ
997 2142 1099 2223 τούτῳ
1115 2141 1319 2222 ἀλεκτορὶς16

153 2244 386 2326 ὑπερμεγέθης,
409 2242 431 2327 ᾖ
447 2245 597 2328 ἀγεγήδει,
620 2249 660 2328 ἢν
675 2247 824 2329 ὠνόμαζε
839 2245 974 2328 Ῥώμην,
1000 2241 1038 2307 δι’
1055 2247 1095 2327 ἣν
1113 2244 1167 2307 καὶ
1190 2245 1273 2326 ἀνῴ-

152 2349 275 2430 μωξεν,
299 2347 419 2431 ε’κείνην
441 2349 572 2431 νομίσας
594 2348 775 2413 ἑαλωκέναι.
1013 2355 1016 2363 “
1137 2374 1143 2382 ·

154 2567 192 2622 16
210 2569 357 2637 σημείωσαι
376 2566 401 2623 E

210 2772 395 2841 Ξτετιμηκάτι
413 2773 441 2828 D
513 2774 530 2828 3
549 2776 659 2843 ἄμοιρος
671 2775 704 2845 ἦν
723 2774 757 2843 Α,
777 2775 882 2845 ἦμοίρει
900 2774 1009 2842 πάμπαν
1027 2773 1102 2843 pr
1173 2773 1190 2827 5
1209 2774 1274 2827 ὀνω-

209 2846 290 2913 ριάδα
302 2845 391 2908 Anu,
413 2846 555 2914 Ονωριάδα
568 2864 596 2916 p,
611 2848 759 2914 Ὁνωριάδα
776 2845 818 2900 Di
891 2846 907 2899 6
926 2850 997 2900 ante
1015 2848 1043 2899 οἱ
1060 2846 1129 2899 add.
1142 2846 1187 2899 καὶ
1200 2844 1274 2914 pr

245 2916 294 2970 οὖν
314 2933 371 2971 om.
391 2916 443 2970 DE
514 2918 749 2985 ὅμηοικισασδαι
769 2918 792 2971 Ε
864 2917 881 2971 9
899 2918 1055 2986 ἀβελτηρλας
1070 2916 1181 2986 ΑΗνιρ,
1200 2916 1275 2984 ἀβελ-

209 2990 295 3055 τερίας
306 2986 357 3055 Di,
376 3004 404 3041 v.
418 2988 520 3058 steph.
533 2989 606 3044 thes.
620 2989 634 3043 I
649 2992 662 3043 1
683 3007 711 3059 p.
721 2991 756 3043 58
768 2989 790 3043 C
863 2990 894 3042 ll
915 2988 1112 3057 δεδακρυμένον
1130 2987 1187 3042 τινὰ
1201 2986 1273 3056 pr

212 3062 247 3111 12
265 3060 441 3127 άλλερίχουΕ
514 3061 547 3114 13
566 3070 603 3129 τῷ
615 3071 696 3130 μηρῷ
710 3062 775 3125 (sic)
789 3058 816 3113 A
888 3067 969 3127 φᾶναι
984 3059 1032 3114 OE
1105 3060 1138 3112 14
1157 3059 1274 3111 συνιέντα

210 3129 288 3199 pr
379 3131 420 3183 14.
441 3130 475 3183 15
493 3131 522 3183 τδ
540 3132 597 3201 άγγ.
616 3134 639 3186 Ε
739 3132 773 3185 15
792 3132 837 3185 καὶ
858 3146 915 3185 0111.
934 3131 958 3184 Ε
1058 3131 1091 3185 17
1110 3130 1220 3198 ένόμαζε
1239 3129 1272 3197 Α,

210 3201 332 3270 ὠνόμαζε
350 3200 427 3270 RDi,
446 3201 569 3271 ὠνόμασε
588 3203 665 3274 pr
736 3204 772 3257 δι’
792 3203 831 3257 ὧν
850 3202 874 3257 Ε
946 3202 1083 3270 άνώμσξεν
1102 3200 1178 3271 pr

155 3432 221 3471 rom
248 3418 276 3471 ei
301 3418 494 3473 coniunxisse
520 3422 627 3472 ornato
656 3418 805 3488 dignitato
834 3417 994 3484 senatoria,
1024 3416 1155 3485 denique
1184 3416 1272 3471 etiam

155 3504 262 3556 regem
282 3502 408 3555 creasse,
431 3490 582 3558 cumipse
600 3488 754 3544 Honorius
775 3489 867 3543 orbus
886 3494 965 3543 esset
983 3488 1092 3541 liberis.
1130 3487 1319 3543 Consum-10

154 3562 232 3613 tium
251 3565 353 3613 autem
372 3559 474 3628 paullo
494 3567 562 3629 post
581 3575 646 3615 esse
665 3562 807 3627 occisum,
836 3576 904 3615 cum
927 3560 1085 3629 genuisset
1104 3572 1121 3613 e
1140 3558 1274 3612 Placidia

154 3630 401 3685 Valentinianum
421 3637 452 3685 ei
469 3630 683 3686 Honoriadem.

246 3701 304 3755 Alii
323 3703 418 3771 igitur
435 3704 478 3756 ita
496 3703 724 3771 hoseumont,
751 3704 802 3757 alii
826 3718 900 3757 vero
925 3704 1056 3757 occisum
1081 3716 1147 3755 esse
1170 3700 1316 3755 dicuntll

156 3772 349 3829 Stilichonem
379 3780 409 3827 ei
435 3772 587 3828 Romanos
616 3775 751 3829 invidiae
783 3775 876 3829 fuisse
907 3774 1051 3839 Honorio,
1086 3774 1129 3825 ito
1157 3776 1191 3825 ut
1218 3772 1274 3825 Ra-

157 3861 288 3901 vennam
318 3845 510 3914 demigraret.
547 3844 700 3899 Alaricum
726 3851 828 3899 antem
854 3845 981 3901 stultitia
1003 3844 1081 3897 iliius
1101 3844 1317 3913 contemptam

156 3916 281 3969 Romam
302 3924 511 3985 oppugnatam
536 3916 694 3970 obsidione
719 3918 845 3986 cepisse.
883 3916 949 3979 Qua
974 3920 1063 3984 capte
1086 3914 1197 3968 adiisse
1215 3914 1273 3968 Ho·
1284 3917 1317 3969 13

155 3989 275 4041 noriam
295 3988 447 4057 quendam
465 4002 579 4056 magno
598 3988 672 4041 floiu
686 3989 889 4041 nuntiantem:
908 3985 1027 4055 “Capto
1040 3992 1086 4040 esi
1099 3986 1138 4039 ab
1152 3984 1272 4038 Alarico

156 4058 282 4113 Roma”.
319 4059 405 4112 liinm
435 4074 507 4113 vero
537 4058 575 4111 od
604 4073 673 4112 eum
701 4060 841 4113 nuntium
870 4064 1095 4112 consternatum
1127 4057 1272 4111 convulso
1285 4058 1317 4110 14

157 4146 285 4199 corpore
304 4135 334 4185 et
351 4130 464 4183 femina
487 4130 644 4184 ferientem
670 4131 811 4184 manibus
836 4130 962 4183 dixisse:
992 4128 1105 4183 “Modo
1134 4128 1181 4181 hio
1208 4132 1273 4181 erat

157 4200 260 4267 Roma,
274 4201 426 4270 quomodo
440 4203 534 4271 igitur
547 4206 637 4270 capta
649 4202 737 4255 est?”
774 4201 839 4264 Quo
853 4216 956 4255 errore
969 4201 1120 4255 intellecto
1134 4200 1272 4251 nuntium
1285 4200 1317 4252 15

159 4286 269 4343 magno
290 4288 358 4326 cum
377 4274 494 4343 gemitu
512 4273 638 4327 dixisset
657 4273 726 4326 “De
745 4274 822 4326 urbe
841 4271 918 4337 dico,
938 4288 998 4327 non
1019 4272 1056 4326 de
1076 4270 1163 4325 avo”.
1202 4270 1273 4322 Erat
1284 4272 1317 4325 16

158 4345 237 4398 enim
248 4344 320 4399 hnic
333 4345 400 4415 regi
412 4344 527 4415 galline
539 4359 715 4414 permagno,
729 4358 791 4412 qua
804 4342 1016 4409 delectaretur,
1035 4343 1156 4397 nomine
1170 4339 1273 4408 Roma,

158 4418 216 4484 cui,
234 4431 304 4472 cum
324 4421 442 4487 capiam
462 4430 530 4471 eam
548 4430 614 4471 csso
634 4420 778 4487 putasset,
798 4416 999 4486 ingemuerat.
