3050 4775
224 348 277 403 616
485 345 623 402 ΖΟΝΑΒ.
642 346 740 401 ΕΡΙΤ.
759 345 843 401 XVII
862 346 905 417 20,
925 346 1038 417 15-21,
1057 349 1083 404 8.

182 536 217 591 16
225 530 318 613 τέροιι
349 528 481 613 Μιχαὴλ
512 528 733 611 εδμενεστέρου
764 528 940 613 τετύχηκεν.
993 528 1058 593 ἐπεί
1093 530 1128 595 δὲ
1162 528 1197 595 τὸ
1230 528 1345 613 κράτος

226 633 404 716 ἐπανῆλθεν
418 633 461 703 εἰς
475 630 531 716 τήν
547 632 654 714 Ζωήν,
677 632 779 696 λύεται
794 632 852 715 μὲν
867 640 922 716 τῆς
937 632 1106 717 ὑπερορίας
1129 633 1148 696 δ
1171 633 1346 715 ἅνθρωπος

183 742 217 797 17
226 736 280 800 καί
307 737 398 819 ἤγετο
426 735 508 818 πρὸς
533 735 590 819 τῆν
615 740 680 799 τῶν
702 734 827 799 πόλεων
850 735 1084 817 βασιλεύουσαν.
1131 736 1177 806 ὡς
1201 731 1229 798 δ’
1255 734 1346 817 ἔγγὺς

227 838 370 922 ἐγεγόνει,
394 838 548 922 ἓπεσχέτλη
564 844 620 902 τοῦ
642 838 767 921 πρόσω,
790 838 847 901 καί
867 862 910 909 τις
933 839 968 901 ἐκ
991 844 1056 903 τῶν
1078 838 1243 921 βασιλείων
1264 861 1344 920 πεμ-

227 941 321 1025 φθεὶς
349 940 403 1005 καὶ
432 941 504 1024 περί
530 941 584 1006 τὸν
610 943 644 1005 δν
667 941 889 1024 Δαμοκρανείᾳ
916 948 971 1004 τοῦ
999 942 1245 1025 ἀρχιστρατήγου
1269 938 1374 1003 ναδνδ

228 1046 316 1127 αὐτῷ
339 1044 550 1128 ἐντετυχηκὼς
573 1043 684 1126 στολήν
706 1045 795 1126 αὐτῷ
819 1044 990 1108 ἐνδιδύσκει
1017 1044 1180 1127 βασίλειον,
1213 1042 1267 1107 καί
1290 1040 1346 1106 σὺν

229 1147 408 1231 δορυφορίᾳ
435 1148 579 1232 βασιλικῇ
607 1148 728 1213 διεῖδεν
754 1147 881 1228 ἀπάρας
909 1147 1097 1230 εἰσεληλύθει
1126 1145 1182 1229 τήν
1204 1145 1385 1230 βασιλεύ-1)
1400 1154 1447 1207 lv
1463 1153 1516 1207 157

185 1256 219 1310 18
229 1273 336 1315 ουσαν.
380 1250 435 1315 καί
460 1250 584 1315 τελεῖται
609 1251 669 1333 μὲν
694 1256 758 1321 τοῖς
784 1248 941 1333 βασιλεῦσι
962 1251 1050 1333 παρά
1072 1274 1128 1313 του
1150 1254 1215 1313 τῶν
1236 1249 1348 1331 ἱερέων

229 1355 249 1435 ή
273 1352 471 1435 ίεροτελεστία
494 1354 513 1436 ή
538 1353 670 1437 γαμική·
703 1353 722 1416 δ
750 1350 810 1435 γὰρ
837 1352 1032 1435 πατριάρχης
1049 1352 1184 1427 Ἀλέξιος
1213 1349 1263 1414 διὰ
1293 1350 1348 1433 τήν

197 1456 393 1538 Οτριγαμίαν
415 1456 584 1540 ηὐλαβήθη
607 1455 664 1539 τήν
686 1454 736 1519 ἐπί
757 1460 796 1538 τῆ
819 1456 972 1538 συναφείᾳ
994 1454 1114 1536 τελετήν
1139 1454 1349 1536 αὐτουργῆσαι
1361 1462 1395 1516 10

188 1563 221 1619 19
231 1559 345 1629 αὐτοῖς.
389 1565 428 1642 τῇ
451 1558 479 1622 δ’
504 1560 576 1642 ἑξῆς
597 1559 654 1642 τήν
677 1558 726 1621 ἐπὶ
748 1564 795 1640 τῷ
816 1558 964 1641 βασιλείῳ
987 1558 1089 1641 στέφει
1112 1558 1350 1640 μεταχειρίζεται

229 1662 360 1744 τελετήν,
383 1661 437 1725 καί
459 1662 615 1726 ἀναδεῖται
637 1661 656 1724 δ
677 1660 878 1743 Μονομάχος
900 1659 954 1724 καί
975 1658 1011 1723 τδ
1035 1666 1195 1743 σκῆπτρον
1216 1658 1252 1722 τὸ
1271 1658 1349 1722 Ῥω-

228 1762 347 1847 μαϊκὸν
369 1764 572 1847 ἐγχειρίζεται

22 1867 217 1931 tv11119721
315 1866 481 1930 Ἐντεῦθεν
503 1868 523 1950 ή
546 1866 605 1949 μὲν
626 1870 691 1929 τῶν
713 1865 922 1949 αὔταδέλιρων
945 1864 1026 1948 ἀρχή
1055 1865 1142 1935 τέλος
1169 1865 1267 1948 ἔσχεν,
1301 1863 1350 1927 ἐπὶ

231 1969 332 2052 τρίτον
355 1969 546 2051 διαρκέσασα
568 1975 665 2052 μῆνα,
693 1969 713 2052 ῆ
738 1968 773 2033 δὲ
795 1974 859 2033 τῶν
882 1974 999 2033 καινῶν
1022 1969 1172 2052 διοίκησις
1193 1967 1275 2050 πρὸς
1296 1968 1351 2031 τὸν
1362 1973 1396 2028 15

205 2072 432 2156 2Μονομάχον
451 2074 609 2154 μετέπεσε.
655 2072 710 2137 καί
732 2073 768 2143 ὃς
791 2072 901 2136 αὐτίκα
925 2072 964 2135 αὐ
987 2070 1044 2136 σὺν
1066 2072 1153 2153 λόγῳ
1176 2071 1251 2135 οὐδὲ
1273 2070 1351 2153 μετά

231 2198 313 2246 τινος
341 2176 503 2257 ἔμφρονος
530 2175 712 2257 οἰκονομίας
742 2177 813 2239 οὔτε
841 2173 895 2246 τὰς
922 2180 986 2239 τῶν
1009 2174 1200 2257 ἀξιωμάτων
1223 2175 1353 2238 ἐποιεῖτο

232 2276 322 2360 τιμάς
345 2279 416 2342 οὔτε
437 2276 494 2349 τὰς
515 2282 579 2341 τῶν
601 2277 775 2361 χρημάτων
800 2277 961 2360 διανομάς,
995 2276 1071 2341 ἀλλὰ
1100 2276 1155 2341 καί
1182 2274 1238 2347 τὰς
1264 2276 1354 2359 τιμάς

233 2380 334 2465 χάδην
355 2386 485 2464 παρεῖχε
507 2380 561 2444 καί
584 2380 631 2452 οίς
652 2380 697 2464 μή
721 2387 882 2465 προσῆκεν
904 2378 1002 2452 attic
1025 2380 1183 2464 ἐχαρίζετο
1206 2378 1354 2451 καὶτοὺς

234 2609 267 2664 11
286 2611 325 2664 ὅτι
343 2608 459 2680 ε’στίφδη
479 2611 676 2681 δΜσνσμάχσς
695 2609 743 2666 ΟΕ
836 2609 870 2665 14
886 2612 1004 2680 βασιλεία
1024 2618 1070 2666 τοῦ
1089 2611 1256 2681 Μονομάχσιι
1274 2611 1353 2666 Κων-

234 2684 369 2737 σταντίνσυ
388 2687 426 2748 (κ.
445 2703 466 2736 τ.
484 2703 543 2752 μον.
564 2680 627 2750 CD)
646 2681 751 2738 ACDE
860 2683 893 2736 16
913 2684 967 2744 οίσς
985 2683 1018 2754 ῆν
1037 2683 1083 2753 τήν
1101 2682 1210 2753 γνώμην
1229 2683 1245 2738 δ
1261 2684 1353 2738 Μονο-

232 2754 319 2823 νίιος
337 2752 360 2810 C

289 2931 303 2986 1
323 2933 508 3001 εὐμενέστερον
528 2934 555 2987 D
658 2933 675 2986 2
693 2933 825 3003 ἐπανῆλθε
843 2933 909 3003 πρὸς
929 2932 1030 3002 DEwp
1138 2933 1156 2988 3
1173 2934 1307 3002 πολεμίων
1326 2933 1353 2986 D

322 3006 512 3075 βασιλεύουσαν
527 3008 532 3071 Ι
548 3025 564 3058 σ
584 3004 614 3072 O,
632 3006 822 3074 βασιλεύουσαν
841 3007 880 3058 ὡσ
900 3021 976 3060 corr.
997 3004 1043 3062 Cw
1125 3005 1142 3058 6
1161 3005 1240 3059 αὐτὸν
1257 3005 1311 3059 ε’νδ.
1330 3005 1353 3058 Β

288 3077 305 3132 'l
323 3077 421 3144 ἐπάρας
440 3077 467 3130 Ι)
564 3079 589 3132 8.
609 3077 626 3130 9
643 3077 716 3144 παρά
733 3097 779 3130 τσο
800 3099 821 3130 τ.
841 3077 934 3144 ἱερέων
953 3083 1020 3146 post
1039 3075 1140 3146 γαμική
1160 3077 1211 3130 Ew
1302 3077 1319 3130 9
1337 3077 1354 3145 ἡ

288 3149 389 3218 γαμικὴ
408 3150 577 3216 &perairorio
596 3165 615 3218 p
632 3149 735 3202 invitis
748 3147 829 3202 ARw
850 3148 982 3212 (videtur
995 3149 1064 3202 Duc
1078 3149 1104 3200 h.
1118 3147 1136 3201 l.
1150 3147 1270 3202 codices
1284 3163 1355 3202 suos

290 3224 329 3282 (v.
349 3224 456 3290 praet'.)
475 3218 656 3289 inspexisse)
766 3219 798 3273 11
817 3219 894 3280 αὐτὸς
912 3217 960 3274 BC
1074 3219 1108 3272 12
1124 3218 1263 3288 βασιλικὸν
1282 3219 1355 3289 Ewp

291 3291 324 3345 16
342 3292 488 3361 μετήντιιτσ
506 3289 555 3347 ΒΟ
628 3291 663 3345 19
680 3289 769 3350 αὐτοῖς
790 3290 843 3344 DE

192 3495 334 3566 itimagis
353 3497 525 3567 propitium.
562 3494 622 3552 Sed
641 3500 791 3568 potestate
811 3496 890 3552 Zoae
912 3497 1059 3564 restituta,
1088 3496 1126 3550 ab
1152 3496 1243 3551 exilio
1267 3497 1356 3552 homo

192 3567 266 3622 l‘lin
286 3569 393 3622 urbem
412 3570 530 3637 regiam
549 3568 700 3622 adductus
719 3575 774 3623 est.
812 3567 867 3623 Cui
887 3584 955 3622 cum
977 3569 1260 3638 appropinquasset,
1289 3569 1357 3623 sub-

235 3641 342 3694 sistere
368 3640 491 3693 iubetur
519 3644 550 3694 et
584 3641 671 3694 iuxta
697 3639 944 3706 Damocranium,
977 3639 1005 3695 S.
1030 3639 1184 3694 Michaelis
1213 3641 1356 3710 principis

236 3713 425 3766 exercituum
454 3711 606 3781 templum,
635 3728 654 3765 a
673 3711 805 3781 quodam
828 3727 866 3764 ox
891 3712 961 3765 aula
987 3713 1076 3766 misso
1097 3716 1182 3766 veste
1200 3712 1288 3780 regia
1307 3727 1357 3766 ex-

192 3783 226 3836 18
237 3788 362 3838 ornatus
385 3783 492 3837 urbem
516 3799 584 3836 cum
607 3785 692 3852 regio
713 3785 857 3836 comitatu
877 3783 1056 3852 ingreditur.
1094 3781 1139 3836 Ac
1158 3783 1293 3852 nuptialo
1312 3799 1357 3836 sa-

236 3870 321 3908 crum
340 3869 359 3907 a
379 3854 510 3923 quodam
530 3855 689 3909 sacerdote
705 3854 873 3924 peragitur,
893 3854 1066 3924 patriarcha
1080 3852 1188 3908 Alexio
1202 3853 1233 3908 id
1246 3869 1357 3908 munus

192 3925 226 3979 19
236 3926 275 3982 ob
301 3927 407 3980 tertias
432 3927 555 3995 nuptias
581 3925 766 3995 defugienie.
804 3925 887 3979 Idem
908 3930 1008 3980 tamen
1027 3925 1173 3995 postridie
1192 3925 1356 3994 sollemnia,

236 3998 348 4067 quihus
361 3997 502 4052 diadema
514 4013 569 4052 rex
587 3999 712 4067 accepit,
732 3997 865 4067 peregit3
885 3999 928 4052 sic
941 3995 1157 4052 Monomaohus
1170 4002 1200 4051 et
1214 4013 1357 4052 coronam

236 4073 267 4124 et
285 4073 437 4138 sceptrum
457 4068 661 4124 Romanorum
681 4069 807 4138 accepit.

325 4140 368 4194 21.
405 4139 481 4194 Inde
503 4142 588 4196 linita
612 4155 750 4194 sororum
775 4143 909 4209 potestas
930 4139 1021 4193 trium
1040 4155 1176 4194 mensum
1197 4139 1236 4194 ad
1253 4138 1357 4195 Mono-

209 4213 368 4267 inscavu
393 4218 439 4266 est
463 4212 618 4266 translata.
655 4210 685 4264 Is
708 4211 792 4265 nulla
815 4211 934 4265 ratione
961 4211 1143 4281 prudentive
1165 4211 1289 4266 consilio
1309 4211 1357 4266 vel

237 4284 401 4354 dignitates
420 4284 469 4338 vel
490 4285 650 4353 pecuniam
664 4283 860 4352 largiebatur,
880 4282 934 4337 sed
955 4287 984 4337 et
1003 4282 1168 4352 dignitates
1187 4283 1358 4354 promiscue

236 4356 275 4410 ad
295 4356 438 4425 indignos
457 4355 635 4411 conferebat
654 4356 728 4410 etsi
752 4355 937 4425 contigisset,
965 4361 999 4408 ut
1018 4355 1108 4410 fiscus
1128 4355 1231 4425 regius
1251 4355 1358 4410 eodem
