3050 4775
399 439 564 510 niodum
582 439 774 510 IMPERIVM
793 441 1040 513 Abuoou‘rvb.
1225 446 1278 515 705

158 627 333 714 Κρισπίνου
367 631 532 717 (Φρόγγος
557 631 585 697 δ’
610 632 715 718 οὗτος)
749 636 806 699 σὺν
834 636 1009 721 ὁμοφύλοις
1036 646 1083 721 τῷ
1105 637 1276 703 Κωνσταν-

158 735 243 817 τίνῳ,
275 735 466 819 δΔιογίνης
492 735 666 819 Θεόδωρον
690 738 746 802 τὸν
768 739 918 823 Ἀλυάτην
947 747 1015 805 κατ’
1045 742 1150 805 αὐτῶν
1182 742 1276 815 ἐξαπ-

158 837 294 901 έστειλεν.
340 838 415 901 <itt
437 841 595 922 συμμίξας
617 841 722 910 αὐτοῖς
744 842 863 925 ήττήθη
888 842 940 905 καί
965 842 1060 913 ἁλοὺς
1083 843 1216 928 ἐξεκόπη
1239 844 1276 909 τὰ
1289 854 1322 909 10

159 940 295 1022 ὄμματα.
339 945 432 1003 τοῦτο
453 941 508 1005 τόν
531 942 660 1026 Διογένη
684 944 752 1006 λίαν
776 944 914 1027 ἠνίασεν·
945 946 1009 1009 ὄντι
1033 945 1067 1009 δὲ
1090 947 1124 1010 ἕν
1145 955 1192 1029 τῷ
1217 946 1365 1011 Τυ-11Β

131 1049 284 1124 ὅροποιῴ
314 1041 417 1125 (τοῦτο
441 1039 469 1107 δ’
494 1044 556 1107 ἐστὶ
578 1046 734 1127 φρούριον
756 1046 979 1130 ἐρυμνότατον)
1009 1049 1167 1130 πρόσεισιν
1189 1050 1277 1132 αὐτῷ

158 1150 213 1227 τῆς
231 1144 416 1228 Ἀντιοχείας
439 1146 458 1209 ό
481 1146 560 1220 δούξ
593 1145 698 1229 (οὗτος
721 1144 750 1211 δ’
775 1148 814 1232 ήν
837 1150 856 1213 δ
879 1150 913 1224 ἐξ
931 1150 1104 1234 Ἀρμενίων
1127 1152 1146 1215 δ
1168 1151 1276 1217 Χατα-

158 1245 295 1331 τατίριος)
320 1248 508 1331 στρατιώτας
531 1249 666 1332 συχνοὺς
688 1251 891 1334 ἐπαγόμενος.
936 1253 1133 1336 παραλαβὼν
1151 1252 1209 1318 οὖν
1224 1254 1278 1318 τόν
1288 1264 1322 1319 12

160 1349 290 1432 Διογένη
325 1347 418 1420 οὗτος
449 1351 503 1415 καὶ
534 1354 578 1421 είς
609 1352 752 1416 Κιλυιίαν
783 1353 959 1436 ἀπαγαγὼν
990 1355 1025 1418 ἐκ
1058 1362 1113 1419 τοῦ
1146 1356 1278 1421 σουλτάν

42 1464 83 1518 IV
96 1462 150 1517 218
160 1452 348 1536 ἐκαραδόκει
363 1455 517 1537 βοήθειαν
532 1455 586 1518 καί
600 1454 696 1525 αιἰτδς
712 1455 747 1519 δὲ
762 1456 952 1538 συνήθροιζε
968 1456 1151 1541 στράτευμα.
1193 1460 1276 1523 στίλ-
1288 1472 1322 1527 13

117 1570 151 1622 10
159 1554 241 1618 λειαι
270 1553 327 1619 οὖν
355 1554 449 1627 αὖθις
475 1558 544 1620 κατ’
568 1558 673 1621 αὐτῶν
701 1558 953 1642 όττρεσγδύτερος
981 1565 1046 1623 τῶν
1070 1562 1195 1625 παίδων
1221 1567 1277 1625 τοῦ

159 1656 323 1739 Καίσαρος
348 1659 368 1721 ό
388 1659 547 1742 πρόεδρος
565 1660 768 1744 Ἀνδρόνικος
795 1658 849 1724 καλ
877 1662 920 1731 είς
943 1661 1084 1726 Κιλικίαν
1112 1663 1279 1746 γενόμενος

158 1767 205 1843 τῷ
220 1760 431 1844 Χατατουρίῳ
450 1764 668 1846 συρρήγνυται,
691 1764 746 1827 καί
760 1764 928 1846 ἀναιρεῖται
941 1765 1001 1847 μὲν
1016 1765 1035 1828 ό
1051 1764 1277 1849 Χατατούριος,

159 1865 191 1926 οἱ
214 1864 248 1927 δὲ
270 1863 341 1945 περὶ
364 1865 483 1927 ἐκεῖνον
503 1867 547 1935 είς
559 1865 697 1929 Ἀδαναν
712 1866 976 1949 συμπεφεύγασιν,
1000 1868 1078 1931 ἔνθα
1095 1868 1114 1931 ό
1130 1868 1278 1951 Διογένης

161 1964 300 2049 διέτριβε.
345 1968 553 2048 περικαθίσας
583 1968 617 2031 δὲ
645 1968 701 2051 τήν
727 1969 817 2032 πόλιν
840 1968 858 2031 δ
878 1968 1078 2050 Ἀνδρόνικος
1105 1971 1277 2054 ἐπολιόρκει
1288 1985 1323 2039 14

115 2084 150 2138 15
160 2068 268 2151 αὐτήν.
313 2068 376 2131 εἶτα
400 2069 449 2133 ἐπί
472 2072 647 2154 συνθήκαις
670 2071 782 2135 ἑαυτὸν
804 2072 824 2134 ό
847 2072 995 2155 Διογένης
1017 2073 1217 2156 παρέδωκεν·
1246 2075 1279 2137 σί
1290 2088 1324 2143 15

161 2171 195 2234 δὲ
217 2172 385 2255 συνθῆκαι,
409 2174 590 2237 ἀποθέσθαι
612 2173 671 2255 μὲν
688 2172 744 2256 τήν
759 2174 916 2256 βασιλείαν
933 2174 1028 2237 αὐτὸν
1043 2176 1097 2239 καί
1112 2176 1311 2248 ἶδιωτεύεινο

158 2274 214 2357 τήν
241 2275 330 2358 τρίχα
357 2277 550 2359 κειρόμενον.
596 2275 646 2339 ἐπί
669 2277 793 2345 ταύταις
816 2275 876 2359 γὰρ
899 2276 953 2339 καὶ
976 2277 1128 2360 ἀρχιερεῖς
1151 2278 1277 2361 ἐστάλη·
1289 2297 1322 2351 16

159 2401 218 2440 σαν
232 2377 314 2460 πρὸς
328 2384 383 2442 τοῦ
403 2378 630 2463 βασιλεύοντος,
652 2379 873 2463 πληροφορίαν
889 2380 1022 2462 ἔνορκον
1038 2379 1175 2450 διδόντες
1190 2381 1278 2464 αὐτῷ

160 2571 195 2625 14
213 2574 285 2631 ὅπως
303 2573 479 2643 κατεκλείσθη
496 2575 512 2626 ό
529 2574 653 2644 Διογένης
671 2574 717 2628 καί
740 2573 917 2644 ἐπολιορκεῖτο
939 2575 984 2630 καί
1007 2576 1045 2628 ότι
1069 2575 1111 2628 ἐπί
1131 2576 1279 2645 συνθήκαις

158 2644 315 2713 παρέδωκεν
333 2645 425 2700 ἑαυτόν
443 2643 467 2699 O

195 2824 231 2876 θ
249 2823 377 2893 ἆλυόττην
396 2824 477 2880 EWo
494 2825 554 2893 lat,
582 2824 697 2893 όλυιίτην
720 2824 744 2879 0
768 2824 888 2895 Scylitz.
913 2842 941 2895 p.
960 2826 1056 2893 703,2
1078 2825 1165 2880 Mich.
1188 2825 1279 2881 Attal.

215 2897 368 2964 ρ.110,11,
387 2897 494 2965 ἁλιάτην
506 2897 542 2964 Α,
560 2897 675 2966 ἁλυάτην
688 2896 741 2964 w*,
760 2899 884 2968 Αλυάτην
896 2913 924 2968 p,
942 2898 1078 2966 Ἀλυάττην
1090 2897 1132 2951 Di
1203 2899 1221 2952 3
1236 2919 1280 2952 συ·

213 2969 291 3034 μίξας
310 2969 375 3035 (uio)
393 2967 419 3020 Α
535 2969 692 3037 4διογὲνην
710 2969 793 3037 pr,
815 2986 842 3023 v.
862 2971 902 3022 ad
922 2985 965 3023 vs.
985 2970 1002 3022 8
1117 2969 1142 3024 δ’
1162 2967 1280 3038 prlii

214 3040 232 3090 6
250 3039 433 3108 Λαχατοίριος
446 3041 620 3093 nominetur
633 3056 651 3092 a
664 3040 786 3108 Scyiitz.
801 3057 829 3110 p.
841 3041 902 3106 703,
912 3041 956 3103 21,
976 3041 1147 3109 Χατατούρης
1161 3056 1179 3093 u
1192 3040 1279 3094 Pnelt.

215 3110 314 3179 p..28t'),
326 3112 367 3164 16.
386 3111 448 3179 286,
461 3111 493 3165 13
566 3113 591 3166 i.
610 3113 627 3164 8
645 3111 721 3169 οὗτος
740 3117 811 3165 aute
830 3111 914 3166 1de
986 3112 1143 3180 8διογίνην
1162 3109 1281 3180 prDt'

217 3183 251 3235 10
268 3191 331 3250 γοῦν
352 3182 478 3252 BDEwp
564 3185 596 3235 11
615 3184 653 3241 είς
672 3197 729 3236 otu.
749 3182 776 3234 D
865 3184 898 3236 12
917 3190 1070 3252 χατατουρῶ
1092 3183 1115 3236 Ε
1203 3203 1280 3251 προς·

214 3256 333 3323 μίγνυται
353 3253 491 3324 B(?)Ewp
565 3255 598 3307 13
615 3256 652 3313 τίς
670 3255 770 3307 ἄδαναν
789 3270 845 3308 om.
866 3255 897 3322 C,
918 3255 1015 3323 suppl.
1035 3255 1081 3312 Cw
1160 3255 1193 3307 14
1211 3275 1281 3321 περι-

215 3327 329 3384 καθίσας
342 3326 372 3379 δὲ
390 3323 516 3396 prDt',
536 3327 581 3379 καί
592 3327 768 3394 περικαθίσας
782 3326 813 3391 C,
830 3328 1016 3395 παρακαθίσας
1030 3325 1060 3378 δὲ
1070 3325 1096 3378 Α
1171 3325 1204 3379 16
1223 3347 1281 3378 συν·

214 3398 299 3466 θήκαι
317 3399 381 3461 (sic)
399 3397 435 3466 Α,
455 3413 484 3452 v.
503 3397 542 3451 ad
556 3397 654 3451 XVIII
670 3397 711 3464 16,
726 3397 758 3450 11
833 3399 866 3451 18
885 3399 999 3456 διδόντες
1012 3396 1046 3464 Α,
1066 3397 1185 3456 διδόντος
1198 3396 1281 3466 pr,

216 3468 568 3539 uwmumffl

162 3681 232 3719 eum
250 3666 314 3720 suis
333 3666 532 3736 popularibus
550 3681 584 3721 ee
603 3667 762 3720 coniunxit
776 3681 843 3720 cum
858 3665 1064 3734 constantim,
1086 3665 1280 3721 Theodorum

162 3736 302 3806 Atyatem
322 3744 429 3792 contre
447 3738 514 3792 iilos
532 3739 621 3804 misit,
648 3739 697 3792 cui
723 3740 804 3792 victo
824 3743 854 3791 et
874 3743 963 3806 eupto
983 3739 1062 3792 oculi
1082 3744 1152 3793 sunt
1171 3739 1326 3796 edomito

162 3809 197 3863 ld
226 3809 433 3863 molestissimo
458 3811 566 3864 terenti
587 3809 718 3878 Diogeni
741 3811 820 3863 etin
839 3809 1011 3878 Tyropoeo‚
1039 3810 1161 3864 castello
1185 3811 1279 3864 muni·
1291 3815 1324 3867 11

162 3882 285 3948 tissimo,
312 3886 413 3935 castro
446 3881 570 3935 habenti
596 3880 790 3935 Chetuturius
820 3879 981 3934 Armenius
1008 3880 1188 3936 Antioohiae
1217 3882 1280 3934 dux

162 3967 195 4005 se
214 3953 372 4020 coniungit
391 3952 491 4007 uiuitis
514 3953 654 4006 adduciis
676 3953 828 4018 militibus,
857 3956 1074 4021 assumptoque
1093 3951 1232 4022 Diogene
1251 3957 1281 4005 et
1292 3956 1326 4009 12>

161 4025 193 4077 in
207 4021 340 4078 Ciliciam
353 4025 510 4092 perducto,
529 4040 548 4077 u
560 4025 680 4078 sultano
700 4028 858 4093 exspectat
877 4023 1025 4077 auxilium
1045 4027 1075 4078 et
1094 4025 1158 4093 ipse
1177 4039 1212 4078 oo
1235 4024 1281 4077 ies

162 4095 284 4164 colligit.
322 4095 423 4158 Quare
451 4096 552 4150 denuo
580 4102 686 4148 contra
711 4110 764 4148 eos
788 4095 915 4149 mittitur
937 4098 1012 4148 nutu
1036 4097 1185 4148 maximus
1209 4041 1280 4150 δατ·
1291 4099 1325 4152 13

161 4167 239 4220 cerie
257 4166 336 4219 titius
355 4182 478 4235 praeses
491 4166 696 4235 Andronicum
717 4168 875 4221 commisso
889 4171 990 4219 eutem
1004 4166 1035 4219 in
1049 4165 1153 4220 Cilicio
1166 4166 1280 4236 proelio

162 4243 194 4291 et
212 4235 389 4291 Cbutetnrio
407 4239 576 4304 interfecto,
595 4239 704 4291 milites
723 4238 789 4291 eius
808 4238 846 4292 od
866 4237 1035 4308 Diogenem
1054 4234 1192 4292 Adonem
1213 4253 1280 4291 con·

164 4309 297 4377 fugiunt.
328 4309 424 4372 Quam
437 4311 544 4363 urbem
557 4309 733 4363 Andronico
748 4310 913 4378 obsidente,
929 4309 1083 4378 Diogenes
1097 4309 1280 4363 deditionem
1292 4311 1326 4365 14

166 4381 240 4434 iacit
259 4381 295 4433 iic
314 4381 552 4449 condicionibus,
572 4385 606 4434 ut
618 4396 715 4450 regno
728 4381 867 4451 deposito
881 4395 1011 4450 rasaque
1025 4395 1111 4434 come
1131 4381 1280 4450 privatum
1292 4383 1326 4436 15

162 4453 257 4506 vitum
277 4458 391 4521 ageret.
429 4451 504 4507 Nom
524 4453 658 4522 primarii
675 4453 849 4508 secerdotes
863 4469 881 4505 e
894 4468 967 4522 rego
982 4452 1019 4506 de
1033 4451 1186 4507 deditione
1200 4453 1281 4506 missi
1293 4453 1326 4507 16

219 4559 338 4603 Ζαιιανσι
351 4559 465 4613 epum
478 4559 524 4604 111.
1097 4542 1132 4598 45
