<?xml version="1.0" encoding="UTF-8"?>
<!DOCTYPE html PUBLIC "-//W3C//DTD XHTML 1.0 Transitional//EN"
    "http://www.w3.org/TR/xhtml1/DTD/xhtml1-transitional.dtd">
<html xmlns="http://www.w3.org/1999/xhtml" xml:lang="en" lang="en">
 <head>
  <title>
</title>
<meta http-equiv="Content-Type" content="text/html;charset=utf-8" />
  <meta name='ocr-system' content='tesseract 3.04.00' />
  <meta name='ocr-capabilities' content='ocr_page ocr_carea ocr_par ocr_line ocrx_word'/>
</head>
<body>
  <div class='ocr_page' id='page_1' title='image "./corpusscriptoru01theogoog/corpusscriptoru01theogoog_0556.png"; bbox 0 0 3050 4775; ppageno 0'>
   <div class='ocr_carea' id='block_1_1' title="bbox 243 412 1139 484">
    <p class='ocr_par' dir='ltr' id='par_1_1' title="bbox 243 412 1139 484">
     <span class='ocr_line' id='line_1_1' title="bbox 243 412 1139 484; baseline -0.016 -5"><span class='ocrx_word' id='word_1_1' title='bbox 243 421 297 479; x_wconf 80' lang='lat'><strong><em>518</em></strong></span> <span class='ocrx_word' id='word_1_2' title='bbox 470 417 724 476; x_wconf 68' lang='lat' dir='ltr'>murmuris.</span> <span class='ocrx_word' id='word_1_3' title='bbox 745 415 813 471; x_wconf 81' lang='lat' dir='ltr'><strong><em>xvl</em></strong></span> <span class='ocrx_word' id='word_1_4' title='bbox 833 415 876 484; x_wconf 77' lang='lat'><strong><em>28,</em></strong></span> <span class='ocrx_word' id='word_1_5' title='bbox 895 413 1050 470; x_wconf 71' lang='lat' dir='ltr'>uz-xvli</span> <span class='ocrx_word' id='word_1_6' title='bbox 1072 414 1095 482; x_wconf 94' lang='lat' dir='ltr'><strong><em>l,</em></strong></span> <span class='ocrx_word' id='word_1_7' title='bbox 1116 412 1139 466; x_wconf 91' lang='lat'><strong><em>1.</em></strong></span> 
     </span>
    </p>
   </div>
   <div class='ocr_carea' id='block_1_2' title="bbox 82 590 1391 1196">
    <p class='ocr_par' dir='ltr' id='par_1_2' title="bbox 243 590 1363 688">
     <span class='ocr_line' id='line_1_2' title="bbox 243 590 1363 688; baseline -0.01 -21"><span class='ocrx_word' id='word_1_8' title='bbox 243 603 355 688; x_wconf 85' lang='grc' dir='ltr'><strong><em>λάντης</em></strong></span> <span class='ocrx_word' id='word_1_9' title='bbox 377 601 430 665; x_wconf 81' lang='grc' dir='ltr'><strong><em>καὶ</em></strong></span> <span class='ocrx_word' id='word_1_10' title='bbox 453 601 472 664; x_wconf 84' lang='grc' dir='ltr'>ὁ</span> <span class='ocrx_word' id='word_1_11' title='bbox 494 601 692 684; x_wconf 79' lang='grc' dir='ltr'><em>μελάγχρους</em></span> <span class='ocrx_word' id='word_1_12' title='bbox 708 597 890 680; x_wconf 78' lang='grc' dir='ltr'><strong><em>Θεόδωρος,</em></strong></span> <span class='ocrx_word' id='word_1_13' title='bbox 913 598 950 660; x_wconf 84' lang='grc' dir='ltr'><strong><em>δν</em></strong></span> <span class='ocrx_word' id='word_1_14' title='bbox 973 595 1024 660; x_wconf 69' lang='lat' dir='ltr'><strong><em>aad</em></strong></span> <span class='ocrx_word' id='word_1_15' title='bbox 1047 590 1160 659; x_wconf 81' lang='grc' dir='ltr'><strong><em>τὸτοῦ</em></strong></span> <span class='ocrx_word' id='word_1_16' title='bbox 1183 593 1286 665; x_wconf 79' lang='grc' dir='ltr'><strong><em>εἴθους</em></strong></span> <span class='ocrx_word' id='word_1_17' title='bbox 1307 618 1363 676; x_wconf 86' lang='grc' dir='ltr'><strong><em>με-</em></strong></span> 
     </span>
    </p>

    <p class='ocr_par' dir='ltr' id='par_1_3' title="bbox 199 697 1366 786">
     <span class='ocr_line' id='line_1_3' title="bbox 199 697 1366 786; baseline -0.008 -17"><span class='ocrx_word' id='word_1_18' title='bbox 199 705 391 786; x_wconf 73' lang='grc' dir='ltr'><strong><em>23λάνιερον</em></strong></span> <span class='ocrx_word' id='word_1_19' title='bbox 415 703 548 767; x_wconf 76' lang='grc' dir='ltr'><strong><em>ἐκάλουν</em></strong></span> <span class='ocrx_word' id='word_1_20' title='bbox 566 699 879 782; x_wconf 81' lang='grc' dir='ltr'><strong><em>Ἀιζυποθεόάωρον,</em></strong></span> <span class='ocrx_word' id='word_1_21' title='bbox 912 699 965 764; x_wconf 80' lang='grc' dir='ltr'><strong><em>καί</em></strong></span> <span class='ocrx_word' id='word_1_22' title='bbox 989 700 1087 782; x_wconf 79' lang='grc' dir='ltr'><strong><em>ἕτεροι</em></strong></span> <span class='ocrx_word' id='word_1_23' title='bbox 1110 698 1177 762; x_wconf 81' lang='grc' dir='ltr'><strong><em>θύα.</em></strong></span> <span class='ocrx_word' id='word_1_24' title='bbox 1223 697 1366 780; x_wconf 81' lang='grc' dir='ltr'><strong><em>άφοφητλ</em></strong></span> 
     </span>
    </p>

    <p class='ocr_par' dir='ltr' id='par_1_4' title="bbox 244 799 1364 886">
     <span class='ocr_line' id='line_1_4' title="bbox 244 799 1364 886; baseline -0.008 -15"><span class='ocrx_word' id='word_1_25' title='bbox 244 809 346 871; x_wconf 80' lang='grc' dir='ltr'><strong><em>τοίνυν</em></strong></span> <span class='ocrx_word' id='word_1_26' title='bbox 371 805 539 876; x_wconf 74' lang='grc' dir='ltr'><strong><em>ιἰποθθνιες</em></strong></span> <span class='ocrx_word' id='word_1_27' title='bbox 567 803 621 868; x_wconf 86' lang='grc' dir='ltr'><strong><em>τὸν</em></strong></span> <span class='ocrx_word' id='word_1_28' title='bbox 648 808 786 868; x_wconf 80' lang='grc' dir='ltr'><strong><em>κοιτῶνα</em></strong></span> <span class='ocrx_word' id='word_1_29' title='bbox 814 801 868 866; x_wconf 88' lang='grc' dir='ltr'><strong><em>τὸν</em></strong></span> <span class='ocrx_word' id='word_1_30' title='bbox 896 801 1051 886; x_wconf 89' lang='grc' dir='ltr'><strong><em>βασίλειον</em></strong></span> <span class='ocrx_word' id='word_1_31' title='bbox 1083 799 1150 882; x_wconf 77' lang='grc' dir='ltr'><strong><em>(καὶ</em></strong></span> <span class='ocrx_word' id='word_1_32' title='bbox 1180 805 1272 864; x_wconf 84' lang='grc' dir='ltr'><strong><em>τοῦτο</em></strong></span> <span class='ocrx_word' id='word_1_33' title='bbox 1304 799 1364 882; x_wconf 88' lang='grc' dir='ltr'><strong><em>γὰρ</em></strong></span> 
     </span>
    </p>

    <p class='ocr_par' dir='ltr' id='par_1_5' title="bbox 82 903 1391 1096">
     <span class='ocr_line' id='line_1_5' title="bbox 244 903 1363 993; baseline -0.008 -19"><span class='ocrx_word' id='word_1_34' title='bbox 244 911 349 982; x_wconf 84' lang='grc' dir='ltr'><strong><em>αὐτοῖς</em></strong></span> <span class='ocrx_word' id='word_1_35' title='bbox 377 911 397 993; x_wconf 83' lang='grc' dir='ltr'><em>ἡ</em></span> <span class='ocrx_word' id='word_1_36' title='bbox 425 907 585 992; x_wconf 81' lang='grc' dir='ltr'><strong><em>Θεοφανιῦ</em></strong></span> <span class='ocrx_word' id='word_1_37' title='bbox 613 905 842 988; x_wconf 79' lang='grc' dir='ltr'><strong><em>κατεπράξατο)</em></strong></span> <span class='ocrx_word' id='word_1_38' title='bbox 876 903 971 988; x_wconf 83' lang='grc' dir='ltr'><strong><em>εὗρον</em></strong></span> <span class='ocrx_word' id='word_1_39' title='bbox 1001 903 1056 968; x_wconf 87' lang='grc' dir='ltr'><strong><em>τὸν</em></strong></span> <span class='ocrx_word' id='word_1_40' title='bbox 1084 903 1274 987; x_wconf 78' lang='grc' dir='ltr'><strong><em>Νικηφόρον</em></strong></span> <span class='ocrx_word' id='word_1_41' title='bbox 1306 926 1363 986; x_wconf 85' lang='grc' dir='ltr'><strong><em>χα-</em></strong></span> 
     </span>
     <span class='ocr_line' id='line_1_6' title="bbox 82 1005 1391 1096; baseline -0.003 -26"><span class='ocrx_word' id='word_1_42' title='bbox 82 1015 234 1072; x_wconf 81' lang='lat' dir='ltr'>P11208A</span> <span class='ocrx_word' id='word_1_43' title='bbox 242 1012 393 1096; x_wconf 83' lang='grc' dir='ltr'><strong><em>μαιεύνην</em></strong></span> <span class='ocrx_word' id='word_1_44' title='bbox 409 1012 618 1092; x_wconf 75' lang='grc' dir='ltr'><strong><em>ὑπνώττοντα,</em></strong></span> <span class='ocrx_word' id='word_1_45' title='bbox 641 1009 697 1072; x_wconf 87' lang='grc' dir='ltr'><strong><em>καί</em></strong></span> <span class='ocrx_word' id='word_1_46' title='bbox 709 1032 753 1079; x_wconf 88' lang='grc' dir='ltr'><strong><em>τις</em></strong></span> <span class='ocrx_word' id='word_1_47' title='bbox 768 1009 856 1091; x_wconf 79' lang='grc' dir='ltr'><strong><em>αὐτῷ</em></strong></span> <span class='ocrx_word' id='word_1_48' title='bbox 874 1007 933 1082; x_wconf 82' lang='grc' dir='ltr'><strong><em>λάξ</em></strong></span> <span class='ocrx_word' id='word_1_49' title='bbox 955 1007 1101 1090; x_wconf 78' lang='grc' dir='ltr'><strong><em>ἐνθορὼν</em></strong></span> <span class='ocrx_word' id='word_1_50' title='bbox 1123 1005 1177 1070; x_wconf 81' lang='grc' dir='ltr'><strong><em>καὶ</em></strong></span> <span class='ocrx_word' id='word_1_51' title='bbox 1200 1005 1391 1088; x_wconf 75' lang='grc' dir='ltr'><strong><em>ένοβρίσαςο</em></strong></span> 
     </span>
    </p>

    <p class='ocr_par' dir='ltr' id='par_1_6' title="bbox 198 1107 1363 1196">
     <span class='ocr_line' id='line_1_7' title="bbox 198 1107 1363 1196; baseline -0.008 -17"><span class='ocrx_word' id='word_1_52' title='bbox 198 1115 406 1179; x_wconf 68' lang='lat' dir='ltr'>tantumno.</span> <span class='ocrx_word' id='word_1_53' title='bbox 453 1114 499 1184; x_wconf 89' lang='grc' dir='ltr'><strong><em>ώς</em></strong></span> <span class='ocrx_word' id='word_1_54' title='bbox 523 1111 557 1176; x_wconf 76' lang='grc' dir='ltr'><strong><em>δὲ</em></strong></span> <span class='ocrx_word' id='word_1_55' title='bbox 579 1112 635 1196; x_wconf 84' lang='grc' dir='ltr'><strong><em>τὴν</em></strong></span> <span class='ocrx_word' id='word_1_56' title='bbox 657 1111 800 1195; x_wconf 80' lang='grc' dir='ltr'><strong><em>κεφαλὴν</em></strong></span> <span class='ocrx_word' id='word_1_57' title='bbox 822 1111 940 1181; x_wconf 77' lang='grc' dir='ltr'><strong><em>ἐκεῖνος</em></strong></span> <span class='ocrx_word' id='word_1_58' title='bbox 963 1107 1152 1180; x_wconf 78' lang='grc' dir='ltr'><strong><em>ὸιυπνισθελς</em></strong></span> <span class='ocrx_word' id='word_1_59' title='bbox 1167 1107 1363 1190; x_wconf 81' lang='grc' dir='ltr'><strong><em>ἀνεκούφισε,</em></strong></span> 
     </span>
    </p>
   </div>
   <div class='ocr_carea' id='block_1_3' title="bbox 198 1210 1503 2220">
    <p class='ocr_par' dir='ltr' id='par_1_7' title="bbox 198 1210 1365 1401">
     <span class='ocr_line' id='line_1_8' title="bbox 244 1210 1364 1300; baseline -0.007 -20"><span class='ocrx_word' id='word_1_60' title='bbox 244 1218 362 1300; x_wconf 78' lang='grc' dir='ltr'><strong><em>δέχεται</em></strong></span> <span class='ocrx_word' id='word_1_61' title='bbox 385 1216 453 1279; x_wconf 82' lang='grc' dir='ltr'><strong><em>κατ’</em></strong></span> <span class='ocrx_word' id='word_1_62' title='bbox 477 1217 573 1299; x_wconf 79' lang='grc' dir='ltr'><strong><em>αὐτῆς</em></strong></span> <span class='ocrx_word' id='word_1_63' title='bbox 600 1214 697 1285; x_wconf 79' lang='grc' dir='ltr'><strong><em>εὐθὺς</em></strong></span> <span class='ocrx_word' id='word_1_64' title='bbox 723 1215 849 1296; x_wconf 78' lang='grc' dir='ltr'><strong><em>καιρίαν</em></strong></span> <span class='ocrx_word' id='word_1_65' title='bbox 876 1213 1008 1296; x_wconf 81' lang='grc' dir='ltr'><strong><em>πληγήν,</em></strong></span> <span class='ocrx_word' id='word_1_66' title='bbox 1040 1213 1106 1296; x_wconf 84' lang='grc' dir='ltr'><strong><em>ἥτις</em></strong></span> <span class='ocrx_word' id='word_1_67' title='bbox 1136 1211 1225 1293; x_wconf 78' lang='grc' dir='ltr'><strong><em>αὐτῷ</em></strong></span> <span class='ocrx_word' id='word_1_68' title='bbox 1254 1210 1364 1280; x_wconf 79' lang='grc' dir='ltr'><strong><em>δεινῶς</em></strong></span> 
     </span>
     <span class='ocr_line' id='line_1_9' title="bbox 198 1311 1365 1401; baseline -0.003 -23"><span class='ocrx_word' id='word_1_69' title='bbox 198 1325 233 1380; x_wconf 83' lang='grc'><strong><em>25</em></strong></span> <span class='ocrx_word' id='word_1_70' title='bbox 244 1319 369 1384; x_wconf 77' lang='grc' dir='ltr'><strong><em>διέσεισε</em></strong></span> <span class='ocrx_word' id='word_1_71' title='bbox 396 1317 450 1381; x_wconf 82' lang='grc' dir='ltr'><strong><em>καί</em></strong></span> <span class='ocrx_word' id='word_1_72' title='bbox 478 1318 512 1382; x_wconf 88' lang='grc' dir='ltr'><strong><em>τὸ</em></strong></span> <span class='ocrx_word' id='word_1_73' title='bbox 542 1323 636 1401; x_wconf 84' lang='grc' dir='ltr'><strong><em>σῶμα</em></strong></span> <span class='ocrx_word' id='word_1_74' title='bbox 663 1316 717 1380; x_wconf 81' lang='grc' dir='ltr'><strong><em>καὶ</em></strong></span> <span class='ocrx_word' id='word_1_75' title='bbox 739 1315 795 1400; x_wconf 81' lang='grc' dir='ltr'><strong><em>τὴν</em></strong></span> <span class='ocrx_word' id='word_1_76' title='bbox 817 1317 934 1400; x_wconf 79' lang='grc' dir='ltr'><strong><em>ψυχήν.</em></strong></span> <span class='ocrx_word' id='word_1_77' title='bbox 979 1313 1041 1378; x_wconf 79' lang='grc' dir='ltr'><strong><em>εἶτα</em></strong></span> <span class='ocrx_word' id='word_1_78' title='bbox 1065 1315 1084 1378; x_wconf 83' lang='grc' dir='ltr'><strong><em>ὅ</em></strong></span> <span class='ocrx_word' id='word_1_79' title='bbox 1105 1313 1165 1396; x_wconf 76' lang='grc' dir='ltr'><strong><em>μίν</em></strong></span> <span class='ocrx_word' id='word_1_80' title='bbox 1192 1311 1365 1396; x_wconf 77' lang='grc' dir='ltr'><strong><em>Τζιμισκίγς</em></strong></span> 
     </span>
    </p>

    <p class='ocr_par' dir='ltr' id='par_1_8' title="bbox 198 1415 1503 1708">
     <span class='ocr_line' id='line_1_10' title="bbox 243 1415 1364 1504; baseline -0.005 -20"><span class='ocrx_word' id='word_1_81' title='bbox 243 1421 292 1484; x_wconf 84' lang='grc' dir='ltr'><strong><em>έπί</em></strong></span> <span class='ocrx_word' id='word_1_82' title='bbox 314 1427 369 1504; x_wconf 87' lang='grc' dir='ltr'><strong><em>τῆς</em></strong></span> <span class='ocrx_word' id='word_1_83' title='bbox 391 1418 548 1503; x_wconf 82' lang='grc' dir='ltr'><strong><em>βασιλείου</em></strong></span> <span class='ocrx_word' id='word_1_84' title='bbox 571 1419 677 1504; x_wconf 81' lang='grc' dir='ltr'><strong><em>κλίνης</em></strong></span> <span class='ocrx_word' id='word_1_85' title='bbox 699 1419 862 1500; x_wconf 80' lang='grc' dir='ltr'><strong><em>κεκάθικε,</em></strong></span> <span class='ocrx_word' id='word_1_86' title='bbox 888 1416 943 1481; x_wconf 83' lang='grc' dir='ltr'><strong><em>τὸν</em></strong></span> <span class='ocrx_word' id='word_1_87' title='bbox 966 1416 1001 1482; x_wconf 79' lang='grc' dir='ltr'><strong><em>δέ</em></strong></span> <span class='ocrx_word' id='word_1_88' title='bbox 1027 1417 1148 1481; x_wconf 86' lang='grc' dir='ltr'><strong><em>Φωκᾶν</em></strong></span> <span class='ocrx_word' id='word_1_89' title='bbox 1170 1415 1233 1499; x_wconf 77' lang='grc' dir='ltr'><strong><em>ἤθη</em></strong></span> <span class='ocrx_word' id='word_1_90' title='bbox 1255 1438 1364 1497; x_wconf 88' lang='grc' dir='ltr'><strong><em>παρει-</em></strong></span> 
     </span>
     <span class='ocr_line' id='line_1_11' title="bbox 198 1514 1410 1605; baseline -0.004 -21"><span class='ocrx_word' id='word_1_91' title='bbox 198 1523 338 1605; x_wconf 65' lang='grc' dir='ltr'><strong><em>ἳθμένον</em></strong></span> <span class='ocrx_word' id='word_1_92' title='bbox 370 1521 569 1605; x_wconf 78' lang='grc' dir='ltr'><strong><em>ἑκατέρωθεν</em></strong></span> <span class='ocrx_word' id='word_1_93' title='bbox 600 1521 843 1604; x_wconf 81' lang='grc' dir='ltr'><strong><em>ὑπερειθόμενον</em></strong></span> <span class='ocrx_word' id='word_1_94' title='bbox 874 1521 962 1604; x_wconf 79' lang='grc' dir='ltr'><strong><em>αὐτῷ</em></strong></span> <span class='ocrx_word' id='word_1_95' title='bbox 992 1520 1237 1603; x_wconf 82' lang='grc' dir='ltr'><strong><em>παρεστήσαντο.</em></strong></span> <span class='ocrx_word' id='word_1_96' title='bbox 1282 1517 1302 1580; x_wconf 87' lang='grc' dir='ltr'>ὁ</span> <span class='ocrx_word' id='word_1_97' title='bbox 1329 1514 1410 1580; x_wconf 68' lang='lat' dir='ltr'>cilio</span> 
     </span>
     <span class='ocr_line' id='line_1_12' title="bbox 198 1618 1503 1708; baseline -0.002 -20"><span class='ocrx_word' id='word_1_98' title='bbox 198 1625 297 1697; x_wconf 67' lang='lat' dir='ltr'>lirdc</span> <span class='ocrx_word' id='word_1_99' title='bbox 319 1625 417 1696; x_wconf 80' lang='grc' dir='ltr'><strong><em>αἰτίας</em></strong></span> <span class='ocrx_word' id='word_1_100' title='bbox 446 1623 542 1689; x_wconf 76' lang='grc' dir='ltr'><strong><em>αὐτὸν</em></strong></span> <span class='ocrx_word' id='word_1_101' title='bbox 565 1625 673 1708; x_wconf 84' lang='grc' dir='ltr'><strong><em>ἠρώτα</em></strong></span> <span class='ocrx_word' id='word_1_102' title='bbox 698 1619 736 1687; x_wconf 78' lang='grc' dir='ltr'><strong><em>δι’</em></strong></span> <span class='ocrx_word' id='word_1_103' title='bbox 761 1625 799 1694; x_wconf 86' lang='grc' dir='ltr'><strong><em>ἃς</em></strong></span> <span class='ocrx_word' id='word_1_104' title='bbox 821 1624 988 1688; x_wconf 86' lang='grc' dir='ltr'><strong><em>κεκάκωτο</em></strong></span> <span class='ocrx_word' id='word_1_105' title='bbox 1010 1619 1087 1705; x_wconf 83' lang='grc' dir='ltr'><strong><em>παρ’</em></strong></span> <span class='ocrx_word' id='word_1_106' title='bbox 1111 1622 1217 1686; x_wconf 81' lang='grc' dir='ltr'><strong><em>αὐτοῦ.</em></strong></span> <span class='ocrx_word' id='word_1_107' title='bbox 1263 1621 1310 1691; x_wconf 84' lang='grc' dir='ltr'><strong><em>ὡς</em></strong></span> <span class='ocrx_word' id='word_1_108' title='bbox 1333 1618 1401 1685; x_wconf 82' lang='grc' dir='ltr'><strong><em>θἸ)</em></strong></span> <span class='ocrx_word' id='word_1_109' title='bbox 1415 1631 1503 1686; x_wconf 76' lang='lat' dir='ltr'>ivel</span> 
     </span>
    </p>

    <p class='ocr_par' dir='ltr' id='par_1_9' title="bbox 243 1722 1364 1810">
     <span class='ocr_line' id='line_1_13' title="bbox 243 1722 1364 1810; baseline -0.004 -20"><span class='ocrx_word' id='word_1_110' title='bbox 243 1729 360 1798; x_wconf 74' lang='grc' dir='ltr'><strong><em>ἐκεῖνος</em></strong></span> <span class='ocrx_word' id='word_1_111' title='bbox 383 1727 464 1810; x_wconf 84' lang='grc' dir='ltr'><strong><em>πρὸς</em></strong></span> <span class='ocrx_word' id='word_1_112' title='bbox 488 1727 581 1791; x_wconf 72' lang='grc' dir='ltr'><strong><em>οὐδὲν</em></strong></span> <span class='ocrx_word' id='word_1_113' title='bbox 604 1727 802 1808; x_wconf 79' lang='grc' dir='ltr'><strong><em>ἀπεκρίνατο,</em></strong></span> <span class='ocrx_word' id='word_1_114' title='bbox 833 1725 934 1809; x_wconf 84' lang='grc' dir='ltr'><strong><em>μόνον</em></strong></span> <span class='ocrx_word' id='word_1_115' title='bbox 958 1726 993 1790; x_wconf 79' lang='grc' dir='ltr'><strong><em>δὲ</em></strong></span> <span class='ocrx_word' id='word_1_116' title='bbox 1015 1723 1050 1789; x_wconf 87' lang='grc' dir='ltr'><strong><em>τὸ</em></strong></span> <span class='ocrx_word' id='word_1_117' title='bbox 1073 1725 1195 1807; x_wconf 76' lang='grc' dir='ltr'><strong><em>“κύριε,</em></strong></span> <span class='ocrx_word' id='word_1_118' title='bbox 1222 1722 1364 1806; x_wconf 84' lang='grc' dir='ltr'><strong><em>βοήθει”</em></strong></span> 
     </span>
    </p>

    <p class='ocr_par' dir='ltr' id='par_1_10' title="bbox 243 1827 1364 1912">
     <span class='ocr_line' id='line_1_14' title="bbox 243 1827 1364 1912; baseline -0.005 -18"><span class='ocrx_word' id='word_1_119' title='bbox 243 1831 424 1912; x_wconf 75' lang='grc' dir='ltr'><strong><em>ἐφθέγγετο,</em></strong></span> <span class='ocrx_word' id='word_1_120' title='bbox 448 1829 636 1912; x_wconf 84' lang='grc' dir='ltr'><strong><em>έγκελεάεται</em></strong></span> <span class='ocrx_word' id='word_1_121' title='bbox 659 1833 722 1898; x_wconf 87' lang='grc' dir='ltr'><strong><em>τοῖς</em></strong></span> <span class='ocrx_word' id='word_1_122' title='bbox 744 1827 816 1910; x_wconf 75' lang='grc' dir='ltr'><strong><em>περὶ</em></strong></span> <span class='ocrx_word' id='word_1_123' title='bbox 839 1827 934 1892; x_wconf 82' lang='grc' dir='ltr'><strong><em>αὐτὸν</em></strong></span> <span class='ocrx_word' id='word_1_124' title='bbox 956 1834 1021 1899; x_wconf 85' lang='grc' dir='ltr'><strong><em>ταῖς</em></strong></span> <span class='ocrx_word' id='word_1_125' title='bbox 1043 1828 1154 1911; x_wconf 78' lang='grc' dir='ltr'><strong><em>λαβαῖς</em></strong></span> <span class='ocrx_word' id='word_1_126' title='bbox 1176 1831 1241 1890; x_wconf 89' lang='grc' dir='ltr'><strong><em>τῶν</em></strong></span> <span class='ocrx_word' id='word_1_127' title='bbox 1261 1829 1364 1909; x_wconf 84' lang='grc' dir='ltr'><strong><em>ξιφῶν</em></strong></span> 
     </span>
    </p>

    <p class='ocr_par' dir='ltr' id='par_1_11' title="bbox 199 1927 1408 2220">
     <span class='ocr_line' id='line_1_15' title="bbox 243 1927 1365 2015; baseline -0.004 -21"><span class='ocrx_word' id='word_1_128' title='bbox 243 1931 297 2004; x_wconf 88' lang='grc' dir='ltr'><strong><em>τάς</em></strong></span> <span class='ocrx_word' id='word_1_129' title='bbox 336 1933 476 2015; x_wconf 75' lang='grc' dir='ltr'><strong><em>γνάθους</em></strong></span> <span class='ocrx_word' id='word_1_130' title='bbox 513 1932 610 1995; x_wconf 84' lang='grc' dir='ltr'><strong><em>αὐτοῦ</em></strong></span> <span class='ocrx_word' id='word_1_131' title='bbox 644 1931 794 2001; x_wconf 79' lang='grc' dir='ltr'><strong><em>παίοντας</em></strong></span> <span class='ocrx_word' id='word_1_132' title='bbox 827 1931 1023 2012; x_wconf 85' lang='grc' dir='ltr'><strong><em>συνθραῦσαι</em></strong></span> <span class='ocrx_word' id='word_1_133' title='bbox 1055 1933 1076 2014; x_wconf 80' lang='grc' dir='ltr'><em>ἢ</em></span> <span class='ocrx_word' id='word_1_134' title='bbox 1109 1930 1258 1993; x_wconf 82' lang='grc' dir='ltr'><strong><em>άιασεῖοαι</em></strong></span> <span class='ocrx_word' id='word_1_135' title='bbox 1292 1927 1365 1999; x_wconf 86' lang='grc' dir='ltr'><strong><em>τοὺς</em></strong></span> 
     </span>
     <span class='ocr_line' id='line_1_16' title="bbox 199 2029 1408 2117; baseline -0.002 -19"><span class='ocrx_word' id='word_1_136' title='bbox 199 2033 377 2106; x_wconf 62' lang='lat' dir='ltr'>rectumne</span> <span class='ocrx_word' id='word_1_137' title='bbox 405 2035 502 2117; x_wconf 81' lang='grc' dir='ltr'><strong><em>αὐτῷ.</em></strong></span> <span class='ocrx_word' id='word_1_138' title='bbox 548 2031 610 2096; x_wconf 84' lang='grc' dir='ltr'><strong><em>ελτά</em></strong></span> <span class='ocrx_word' id='word_1_139' title='bbox 637 2057 680 2104; x_wconf 88' lang='grc' dir='ltr'><strong><em>τις</em></strong></span> <span class='ocrx_word' id='word_1_140' title='bbox 709 2032 875 2107; x_wconf 78' lang='grc' dir='ltr'><strong><em>ἐξόπισθεν</em></strong></span> <span class='ocrx_word' id='word_1_141' title='bbox 904 2033 1011 2114; x_wconf 83' lang='grc' dir='ltr'><strong><em>ὸόρατι</em></strong></span> <span class='ocrx_word' id='word_1_142' title='bbox 1033 2031 1138 2115; x_wconf 80' lang='grc' dir='ltr'><strong><em>βάλλει</em></strong></span> <span class='ocrx_word' id='word_1_143' title='bbox 1159 2029 1240 2094; x_wconf 88' lang='grc' dir='ltr'><strong><em>κατά</em></strong></span> <span class='ocrx_word' id='word_1_144' title='bbox 1263 2035 1363 2094; x_wconf 91' lang='grc' dir='ltr'><strong><em>νῶτον</em></strong></span> <span class='ocrx_word' id='word_1_145' title='bbox 1374 2041 1408 2095; x_wconf 82' lang='lat'><strong><em>15</em></strong></span> 
     </span>
     <span class='ocr_line' id='line_1_17' title="bbox 199 2133 1363 2220; baseline -0.003 -20"><span class='ocrx_word' id='word_1_146' title='bbox 199 2137 349 2212; x_wconf 76' lang='grc' dir='ltr'><strong><em>29αὐτόν,</em></strong></span> <span class='ocrx_word' id='word_1_147' title='bbox 381 2137 433 2200; x_wconf 77' lang='grc' dir='ltr'><strong><em>καὶ</em></strong></span> <span class='ocrx_word' id='word_1_148' title='bbox 461 2136 495 2202; x_wconf 87' lang='grc' dir='ltr'><strong><em>τὸ</em></strong></span> <span class='ocrx_word' id='word_1_149' title='bbox 526 2135 604 2220; x_wconf 83' lang='grc' dir='ltr'><strong><em>θόρυ</em></strong></span> <span class='ocrx_word' id='word_1_150' title='bbox 633 2135 683 2200; x_wconf 83' lang='grc' dir='ltr'><strong><em>ὸιὰ</em></strong></span> <span class='ocrx_word' id='word_1_151' title='bbox 711 2141 777 2200; x_wconf 90' lang='grc' dir='ltr'><strong><em>τῶν</em></strong></span> <span class='ocrx_word' id='word_1_152' title='bbox 801 2135 939 2218; x_wconf 83' lang='grc' dir='ltr'><strong><em>στέρνων</em></strong></span> <span class='ocrx_word' id='word_1_153' title='bbox 962 2135 1095 2211; x_wconf 71' lang='grc' dir='ltr'><strong><em>ἐξέπεσε.</em></strong></span> <span class='ocrx_word' id='word_1_154' title='bbox 1141 2133 1195 2198; x_wconf 80' lang='grc' dir='ltr'><strong><em>καὶ</em></strong></span> <span class='ocrx_word' id='word_1_155' title='bbox 1217 2133 1363 2217; x_wconf 83' lang='grc' dir='ltr'><strong><em>θορύβου</em></strong></span> 
     </span>
    </p>
   </div>
   <div class='ocr_carea' id='block_1_4' title="bbox 245 2379 862 2451">
    <p class='ocr_par' dir='ltr' id='par_1_12' title="bbox 245 2379 862 2451">
     <span class='ocr_line' id='line_1_18' title="bbox 245 2379 862 2451; baseline 0 -15"><span class='ocrx_word' id='word_1_156' title='bbox 245 2381 263 2436; x_wconf 79' lang='lat'><strong>2</strong></span> <span class='ocrx_word' id='word_1_157' title='bbox 280 2381 412 2451; x_wconf 78' lang='grc' dir='ltr'><strong><em>ἀναίρεσις</em></strong></span> <span class='ocrx_word' id='word_1_158' title='bbox 430 2390 475 2437; x_wconf 80' lang='grc' dir='ltr'><strong><em>τοῦ</em></strong></span> <span class='ocrx_word' id='word_1_159' title='bbox 497 2383 583 2437; x_wconf 80' lang='grc' dir='ltr'><strong><em>Φωκᾶ</em></strong></span> <span class='ocrx_word' id='word_1_160' title='bbox 601 2381 764 2451; x_wconf 79' lang='grc' dir='ltr'><strong><em>Νικηφόρον</em></strong></span> <span class='ocrx_word' id='word_1_161' title='bbox 785 2379 862 2437; x_wconf 72' lang='grc' dir='ltr'><strong><em>ΑΘΕ</em></strong></span> 
     </span>
    </p>
   </div>
   <div class='ocr_carea' id='block_1_5' title="bbox 298 2612 1365 3401">
    <p class='ocr_par' dir='ltr' id='par_1_13' title="bbox 298 2612 1365 3401">
     <span class='ocr_line' id='line_1_19' title="bbox 300 2612 1365 2685; baseline 0.001 -16"><span class='ocrx_word' id='word_1_162' title='bbox 300 2614 314 2669; x_wconf 96' lang='lat' dir='ltr'>l</span> <span class='ocrx_word' id='word_1_163' title='bbox 334 2614 372 2683; x_wconf 79' lang='grc' dir='ltr'><strong><em>τὸ]</em></strong></span> <span class='ocrx_word' id='word_1_164' title='bbox 393 2614 436 2669; x_wconf 83' lang='grc' dir='ltr'><strong><em>τὸν</em></strong></span> <span class='ocrx_word' id='word_1_165' title='bbox 454 2614 479 2669; x_wconf 84' lang='grc' dir='ltr'>Ε</span> <span class='ocrx_word' id='word_1_166' title='bbox 551 2614 823 2683; x_wconf 62' lang='grc' dir='ltr'><strong><em>θάτζυποθειίθωρος</em></strong></span> <span class='ocrx_word' id='word_1_167' title='bbox 842 2614 908 2670; x_wconf 79' lang='lat' dir='ltr'>cod.</span> <span class='ocrx_word' id='word_1_168' title='bbox 927 2614 1047 2671; x_wconf 75' lang='lat' dir='ltr'><strong>coislin.</strong></span> <span class='ocrx_word' id='word_1_169' title='bbox 1067 2613 1153 2670; x_wconf 77' lang='lat' dir='ltr'>Cedr.</span> <span class='ocrx_word' id='word_1_170' title='bbox 1173 2612 1365 2685; x_wconf 77' lang='grc' dir='ltr'><strong><em>(8ογ1ίιι.)1ῐ</em></strong></span> 
     </span>
     <span class='ocr_line' id='line_1_20' title="bbox 299 2685 1365 2757; baseline 0.001 -17"><span class='ocrx_word' id='word_1_171' title='bbox 299 2702 327 2757; x_wconf 86' lang='lat' dir='ltr'><strong><em>p.</em></strong></span> <span class='ocrx_word' id='word_1_172' title='bbox 346 2687 406 2751; x_wconf 73' lang='lat'><strong><em>375,</em></strong></span> <span class='ocrx_word' id='word_1_173' title='bbox 427 2686 461 2740; x_wconf 77' lang='lat'><strong><em>21</em></strong></span> <span class='ocrx_word' id='word_1_174' title='bbox 537 2686 715 2746; x_wconf 79' lang='grc' dir='ltr'><strong><em>3ὗπσθῦντες</em></strong></span> <span class='ocrx_word' id='word_1_175' title='bbox 734 2686 807 2757; x_wconf 81' lang='lat' dir='ltr'><strong><em>Ewp</em></strong></span> <span class='ocrx_word' id='word_1_176' title='bbox 888 2694 989 2757; x_wconf 75' lang='grc' dir='ltr'><strong><em>χιτῶνα</em></strong></span> <span class='ocrx_word' id='word_1_177' title='bbox 1007 2685 1043 2755; x_wconf 90' lang='lat' dir='ltr'><strong><em>D,</em></strong></span> <span class='ocrx_word' id='word_1_178' title='bbox 1062 2701 1140 2741; x_wconf 85' lang='lat' dir='ltr'>corr.</span> <span class='ocrx_word' id='word_1_179' title='bbox 1159 2685 1211 2743; x_wconf 83' lang='lat' dir='ltr'><strong><em>Dw</em></strong></span> <span class='ocrx_word' id='word_1_180' title='bbox 1290 2688 1365 2756; x_wconf 85' lang='grc' dir='ltr'><strong><em>βασι·</em></strong></span> 
     </span>
     <span class='ocr_line' id='line_1_21' title="bbox 299 2755 1364 2828; baseline 0.004 -19"><span class='ocrx_word' id='word_1_181' title='bbox 299 2756 375 2811; x_wconf 84' lang='grc' dir='ltr'><strong><em>λιιιὸν</em></strong></span> <span class='ocrx_word' id='word_1_182' title='bbox 394 2757 418 2812; x_wconf 92' lang='lat'>0</span> <span class='ocrx_word' id='word_1_183' title='bbox 495 2757 512 2811; x_wconf 83' lang='grc'><strong>4</strong></span> <span class='ocrx_word' id='word_1_184' title='bbox 531 2762 603 2812; x_wconf 80' lang='lat' dir='ltr'>allio</span> <span class='ocrx_word' id='word_1_185' title='bbox 620 2758 708 2817; x_wconf 76' lang='grc' dir='ltr'><strong><em>αὐτοῖς</em></strong></span> <span class='ocrx_word' id='word_1_186' title='bbox 727 2757 796 2812; x_wconf 83' lang='lat' dir='ltr'>add.</span> <span class='ocrx_word' id='word_1_187' title='bbox 815 2758 861 2813; x_wconf 79' lang='grc' dir='ltr'><strong><em>καὶ</em></strong></span> <span class='ocrx_word' id='word_1_188' title='bbox 879 2758 907 2811; x_wconf 94' lang='lat' dir='ltr'>D</span> <span class='ocrx_word' id='word_1_189' title='bbox 988 2758 1075 2817; x_wconf 78' lang='grc' dir='ltr'><strong><em>αὐτοῖς</em></strong></span> <span class='ocrx_word' id='word_1_190' title='bbox 1093 2755 1220 2828; x_wconf 80' lang='lat' dir='ltr'>prDt&#39;,</span> <span class='ocrx_word' id='word_1_191' title='bbox 1239 2757 1319 2827; x_wconf 79' lang='grc' dir='ltr'><strong><em>αὐτῆς</em></strong></span> <span class='ocrx_word' id='word_1_192' title='bbox 1336 2758 1364 2813; x_wconf 88' lang='grc' dir='ltr'><strong>Α</strong></span> 
     </span>
     <span class='ocr_line' id='line_1_22' title="bbox 336 2827 1364 2899; baseline 0 -16"><span class='ocrx_word' id='word_1_193' title='bbox 336 2827 534 2897; x_wconf 74' lang='grc' dir='ltr'><strong><em>θιειτράξατοῦ</em></strong></span> <span class='ocrx_word' id='word_1_194' title='bbox 623 2830 787 2897; x_wconf 82' lang='grc' dir='ltr'><strong><em>χαμαιεθνην</em></strong></span> <span class='ocrx_word' id='word_1_195' title='bbox 805 2829 867 2894; x_wconf 79' lang='lat' dir='ltr'><strong><em>AR,</em></strong></span> <span class='ocrx_word' id='word_1_196' title='bbox 885 2850 976 2899; x_wconf 78' lang='grc' dir='ltr'><strong><em>χαμαι,</em></strong></span> <span class='ocrx_word' id='word_1_197' title='bbox 994 2830 1074 2897; x_wconf 74' lang='grc' dir='ltr'><strong><em>σάνην</em></strong></span> <span class='ocrx_word' id='word_1_198' title='bbox 1091 2828 1128 2896; x_wconf 87' lang='lat' dir='ltr'><strong><em>D,</em></strong></span> <span class='ocrx_word' id='word_1_199' title='bbox 1165 2829 1282 2899; x_wconf 81' lang='grc' dir='ltr'><strong><em>αμιιίνην</em></strong></span> <span class='ocrx_word' id='word_1_200' title='bbox 1300 2830 1364 2899; x_wconf 83' lang='lat' dir='ltr'><strong><em>w*p</em></strong></span> 
     </span>
     <span class='ocr_line' id='line_1_23' title="bbox 299 2850 1364 2971; baseline -0.002 -15"><span class='ocrx_word' id='word_1_201' title='bbox 299 2902 316 2957; x_wconf 75' lang='grc'>5</span> <span class='ocrx_word' id='word_1_202' title='bbox 326 2899 447 2969; x_wconf 74' lang='grc' dir='ltr'><strong><em>ἐνθορὼν</em></strong></span> <span class='ocrx_word' id='word_1_203' title='bbox 454 2898 600 2971; x_wconf 75' lang='lat' dir='ltr'>Bflwap,</span> <span class='ocrx_word' id='word_1_204' title='bbox 611 2900 732 2969; x_wconf 80' lang='grc' dir='ltr'><strong><em>ίνθορῶν</em></strong></span> <span class='ocrx_word' id='word_1_205' title='bbox 741 2899 795 2956; x_wconf 85' lang='lat' dir='ltr'><strong><em>AR</em></strong></span> <span class='ocrx_word' id='word_1_206' title='bbox 849 2902 866 2956; x_wconf 79' lang='lat' dir='ltr'>i</span> <span class='ocrx_word' id='word_1_207' title='bbox 875 2900 956 2961; x_wconf 78' lang='grc' dir='ltr'><strong><em>εὐθὺς</em></strong></span> <span class='ocrx_word' id='word_1_208' title='bbox 968 2900 1078 2957; x_wconf 76' lang='grc' dir='ltr'><strong><em>οΙῐι.ΟΕ</em></strong></span> <span class='ocrx_word' id='word_1_209' title='bbox 1087 2900 1139 2956; x_wconf 84' lang='lat' dir='ltr'><strong><em>Wo</em></strong></span> <span class='ocrx_word' id='word_1_210' title='bbox 1147 2850 1197 2955; x_wconf 63' lang='lat' dir='ltr'>fat.</span> <span class='ocrx_word' id='word_1_211' title='bbox 1254 2903 1317 2962; x_wconf 83' lang='grc' dir='ltr'><strong><em>οίτις</em></strong></span> <span class='ocrx_word' id='word_1_212' title='bbox 1328 2900 1364 2969; x_wconf 90' lang='lat' dir='ltr'><strong><em>D,</em></strong></span> 
     </span>
     <span class='ocr_line' id='line_1_24' title="bbox 301 2970 1365 3042; baseline -0.002 -15"><span class='ocrx_word' id='word_1_213' title='bbox 301 2988 377 3029; x_wconf 77' lang='lat' dir='ltr'>corr.</span> <span class='ocrx_word' id='word_1_214' title='bbox 391 2970 441 3029; x_wconf 80' lang='lat' dir='ltr'><strong><em>Dw</em></strong></span> <span class='ocrx_word' id='word_1_215' title='bbox 514 2972 608 3031; x_wconf 73' lang='grc' dir='ltr'><strong><em>δεινῶς</em></strong></span> <span class='ocrx_word' id='word_1_216' title='bbox 628 2987 684 3027; x_wconf 86' lang='lat' dir='ltr'><strong><em>om.</em></strong></span> <span class='ocrx_word' id='word_1_217' title='bbox 704 2971 777 3042; x_wconf 82' lang='lat' dir='ltr'><strong><em>Ewp</em></strong></span> <span class='ocrx_word' id='word_1_218' title='bbox 850 2972 1027 3027; x_wconf 81' lang='grc' dir='ltr'><strong><em>8ὅιανίσεισε</em></strong></span> <span class='ocrx_word' id='word_1_219' title='bbox 1045 2972 1082 3041; x_wconf 89' lang='lat' dir='ltr'><strong><em>D,</em></strong></span> <span class='ocrx_word' id='word_1_220' title='bbox 1102 2987 1179 3027; x_wconf 87' lang='lat' dir='ltr'>corr.</span> <span class='ocrx_word' id='word_1_221' title='bbox 1190 2972 1242 3031; x_wconf 78' lang='lat' dir='ltr'><strong><em>Dw</em></strong></span> <span class='ocrx_word' id='word_1_222' title='bbox 1314 2976 1365 3035; x_wconf 83' lang='grc' dir='ltr'><strong><em>τζι·</em></strong></span> 
     </span>
     <span class='ocr_line' id='line_1_25' title="bbox 298 3042 1365 3114; baseline 0.001 -17"><span class='ocrx_word' id='word_1_223' title='bbox 298 3042 398 3113; x_wconf 78' lang='grc' dir='ltr'><strong><em>μισκὴς</em></strong></span> <span class='ocrx_word' id='word_1_224' title='bbox 418 3042 449 3111; x_wconf 83' lang='grc' dir='ltr'><strong><em>Ε,</em></strong></span> <span class='ocrx_word' id='word_1_225' title='bbox 479 3042 615 3113; x_wconf 78' lang='grc' dir='ltr'><strong><em>τζιμισκίγς</em></strong></span> <span class='ocrx_word' id='word_1_226' title='bbox 634 3058 671 3097; x_wconf 83' lang='lat' dir='ltr'>ex</span> <span class='ocrx_word' id='word_1_227' title='bbox 692 3046 831 3114; x_wconf 79' lang='grc' dir='ltr'><strong><em>τζιμισκῆς</em></strong></span> <span class='ocrx_word' id='word_1_228' title='bbox 850 3059 926 3100; x_wconf 84' lang='lat' dir='ltr'>corr.</span> <span class='ocrx_word' id='word_1_229' title='bbox 944 3045 980 3112; x_wconf 86' lang='lat' dir='ltr'><strong><em>A,</em></strong></span> <span class='ocrx_word' id='word_1_230' title='bbox 1008 3045 1145 3114; x_wconf 78' lang='grc' dir='ltr'><strong><em>τζιμισχῆς</em></strong></span> <span class='ocrx_word' id='word_1_231' title='bbox 1164 3042 1200 3111; x_wconf 93' lang='lat' dir='ltr'><strong><em>D,</em></strong></span> <span class='ocrx_word' id='word_1_232' title='bbox 1228 3045 1365 3114; x_wconf 78' lang='grc' dir='ltr'><strong><em>τζιμισκῆς</em></strong></span> 
     </span>
     <span class='ocr_line' id='line_1_26' title="bbox 300 3112 1329 3186; baseline 0.003 -17"><span class='ocrx_word' id='word_1_233' title='bbox 300 3112 478 3185; x_wconf 80' lang='lat' dir='ltr'>Dwath&#39;,</span> <span class='ocrx_word' id='word_1_234' title='bbox 498 3131 527 3168; x_wconf 87' lang='lat' dir='ltr'><strong><em>v.</em></strong></span> <span class='ocrx_word' id='word_1_235' title='bbox 547 3114 586 3169; x_wconf 80' lang='lat' dir='ltr'>ad</span> <span class='ocrx_word' id='word_1_236' title='bbox 605 3114 688 3169; x_wconf 88' lang='lat' dir='ltr'>XVII</span> <span class='ocrx_word' id='word_1_237' title='bbox 710 3115 733 3182; x_wconf 87' lang='lat' dir='ltr'><strong><em>l,</em></strong></span> <span class='ocrx_word' id='word_1_238' title='bbox 755 3115 768 3168; x_wconf 94' lang='lat'>1</span> <span class='ocrx_word' id='word_1_239' title='bbox 875 3117 910 3170; x_wconf 91' lang='lat'><strong><em>10</em></strong></span> <span class='ocrx_word' id='word_1_240' title='bbox 926 3116 1105 3186; x_wconf 74' lang='grc' dir='ltr'><strong><em>παρεστήσατο</em></strong></span> <span class='ocrx_word' id='word_1_241' title='bbox 1124 3115 1160 3185; x_wconf 87' lang='lat' dir='ltr'><strong><em>D,</em></strong></span> <span class='ocrx_word' id='word_1_242' title='bbox 1180 3130 1257 3170; x_wconf 87' lang='lat' dir='ltr'>corr.</span> <span class='ocrx_word' id='word_1_243' title='bbox 1277 3114 1329 3173; x_wconf 82' lang='lat' dir='ltr'><strong><em>Dw</em></strong></span> 
     </span>
     <span class='ocr_line' id='line_1_27' title="bbox 300 3185 1364 3257; baseline 0 -16"><span class='ocrx_word' id='word_1_244' title='bbox 300 3186 335 3241; x_wconf 75' lang='lat'><strong><em>12</em></strong></span> <span class='ocrx_word' id='word_1_245' title='bbox 352 3186 418 3255; x_wconf 78' lang='grc' dir='ltr'><strong><em>πρὸς</em></strong></span> <span class='ocrx_word' id='word_1_246' title='bbox 438 3201 496 3241; x_wconf 88' lang='lat' dir='ltr'><strong><em>om.</em></strong></span> <span class='ocrx_word' id='word_1_247' title='bbox 515 3186 596 3241; x_wconf 88' lang='lat' dir='ltr'><strong><em>OWo</em></strong></span> <span class='ocrx_word' id='word_1_248' title='bbox 615 3186 664 3240; x_wconf 84' lang='lat' dir='ltr'>lat.</span> <span class='ocrx_word' id='word_1_249' title='bbox 756 3186 791 3241; x_wconf 82' lang='lat'><strong><em>15</em></strong></span> <span class='ocrx_word' id='word_1_250' title='bbox 809 3186 890 3241; x_wconf 78' lang='grc' dir='ltr'><strong><em>αὐτοῦ</em></strong></span> <span class='ocrx_word' id='word_1_251' title='bbox 909 3186 1020 3257; x_wconf 80' lang='lat' dir='ltr'>DEwp,</span> <span class='ocrx_word' id='word_1_252' title='bbox 1039 3185 1140 3241; x_wconf 59' lang='grc' dir='ltr'><strong><em>θεοῦ</em></strong></span> <span class='ocrx_word' id='word_1_253' title='bbox 1226 3194 1312 3241; x_wconf 84' lang='grc' dir='ltr'><strong><em>νῶτον</em></strong></span> <span class='ocrx_word' id='word_1_254' title='bbox 1328 3185 1364 3255; x_wconf 84' lang='grc' dir='ltr'><strong><em>Α,</em></strong></span> 
     </span>
     <span class='ocr_line' id='line_1_28' title="bbox 299 3256 1365 3328; baseline 0.001 -17"><span class='ocrx_word' id='word_1_255' title='bbox 299 3258 394 3311; x_wconf 82' lang='grc' dir='ltr'><strong><em>νώτων</em></strong></span> <span class='ocrx_word' id='word_1_256' title='bbox 413 3260 462 3321; x_wconf 80' lang='lat' dir='ltr'><strong><em>(ex</em></strong></span> <span class='ocrx_word' id='word_1_257' title='bbox 476 3264 560 3312; x_wconf 88' lang='grc' dir='ltr'><strong><em>νῶτον</em></strong></span> <span class='ocrx_word' id='word_1_258' title='bbox 571 3262 668 3312; x_wconf 82' lang='lat' dir='ltr'>mutat</span> <span class='ocrx_word' id='word_1_259' title='bbox 678 3256 713 3321; x_wconf 90' lang='grc' dir='ltr'><strong><em>Β)</em></strong></span> <span class='ocrx_word' id='word_1_260' title='bbox 724 3257 786 3324; x_wconf 76' lang='lat' dir='ltr'>Ra,</span> <span class='ocrx_word' id='word_1_261' title='bbox 804 3258 888 3313; x_wconf 84' lang='grc' dir='ltr'><strong><em>νώτον</em></strong></span> <span class='ocrx_word' id='word_1_262' title='bbox 906 3257 952 3328; x_wconf 82' lang='lat' dir='ltr'><strong><em>p*,</em></strong></span> <span class='ocrx_word' id='word_1_263' title='bbox 971 3265 1024 3312; x_wconf 84' lang='grc' dir='ltr'><strong><em>τῶν</em></strong></span> <span class='ocrx_word' id='word_1_264' title='bbox 1039 3256 1169 3313; x_wconf 74' lang='grc' dir='ltr'><strong><em>νώτωνῦ</em></strong></span> <span class='ocrx_word' id='word_1_265' title='bbox 1224 3258 1259 3313; x_wconf 90' lang='grc'><strong><em>16</em></strong></span> <span class='ocrx_word' id='word_1_266' title='bbox 1276 3258 1365 3312; x_wconf 69' lang='grc' dir='ltr'><strong><em>ἐθνῶν</em></strong></span> 
     </span>
     <span class='ocr_line' id='line_1_29' title="bbox 302 3326 1364 3401; baseline 0 -18"><span class='ocrx_word' id='word_1_267' title='bbox 302 3328 338 3397; x_wconf 95' lang='lat' dir='ltr'><strong><em>D,</em></strong></span> <span class='ocrx_word' id='word_1_268' title='bbox 359 3330 473 3398; x_wconf 82' lang='grc' dir='ltr'><strong><em>στέρνων</em></strong></span> <span class='ocrx_word' id='word_1_269' title='bbox 492 3344 567 3383; x_wconf 79' lang='lat' dir='ltr'>corr.</span> <span class='ocrx_word' id='word_1_270' title='bbox 587 3328 639 3385; x_wconf 87' lang='lat' dir='ltr'><strong><em>Dw</em></strong></span> <span class='ocrx_word' id='word_1_271' title='bbox 735 3326 782 3383; x_wconf 79' lang='grc' dir='ltr'><strong><em>καί</em></strong></span> <span class='ocrx_word' id='word_1_272' title='bbox 800 3331 910 3384; x_wconf 76' lang='lat' dir='ltr'>omisso</span> <span class='ocrx_word' id='word_1_273' title='bbox 929 3335 997 3401; x_wconf 82' lang='lat' dir='ltr'>post</span> <span class='ocrx_word' id='word_1_274' title='bbox 1015 3328 1136 3400; x_wconf 74' lang='grc' dir='ltr'><strong><em>θορύβου</em></strong></span> <span class='ocrx_word' id='word_1_275' title='bbox 1154 3328 1223 3383; x_wconf 82' lang='lat' dir='ltr'>add.</span> <span class='ocrx_word' id='word_1_276' title='bbox 1243 3329 1273 3384; x_wconf 80' lang='grc' dir='ltr'><strong><em>θὲ</em></strong></span> <span class='ocrx_word' id='word_1_277' title='bbox 1291 3328 1364 3401; x_wconf 81' lang='lat' dir='ltr'>pr</span> 
     </span>
    </p>
   </div>
   <div class='ocr_carea' id='block_1_6' title="bbox 200 3562 1367 4490">
    <p class='ocr_par' dir='ltr' id='par_1_14' title="bbox 200 3562 1367 4490">
     <span class='ocr_line' id='line_1_30' title="bbox 245 3562 1365 3633; baseline 0.001 -16"><span class='ocrx_word' id='word_1_278' title='bbox 245 3563 375 3633; x_wconf 85' lang='lat' dir='ltr'>nigrum,</span> <span class='ocrx_word' id='word_1_279' title='bbox 395 3578 484 3631; x_wconf 87' lang='lat' dir='ltr'>quem</span> <span class='ocrx_word' id='word_1_280' title='bbox 499 3562 537 3617; x_wconf 93' lang='lat' dir='ltr'><strong><em>ob</em></strong></span> <span class='ocrx_word' id='word_1_281' title='bbox 552 3562 681 3618; x_wconf 86' lang='lat' dir='ltr'>colorem</span> <span class='ocrx_word' id='word_1_282' title='bbox 702 3564 866 3633; x_wconf 80' lang='lat' dir='ltr'>nigriorem</span> <span class='ocrx_word' id='word_1_283' title='bbox 886 3562 1187 3633; x_wconf 79' lang='lat' dir='ltr'>Atzypothcodorum</span> <span class='ocrx_word' id='word_1_284' title='bbox 1202 3563 1365 3631; x_wconf 84' lang='lat' dir='ltr'>vocabant,</span> 
     </span>
     <span class='ocr_line' id='line_1_31' title="bbox 200 3631 1365 3720; baseline 0.003 -35"><span class='ocrx_word' id='word_1_285' title='bbox 200 3631 276 3690; x_wconf 78' lang='lat' dir='ltr'>23et</span> <span class='ocrx_word' id='word_1_286' title='bbox 300 3633 375 3689; x_wconf 84' lang='lat' dir='ltr'>alios</span> <span class='ocrx_word' id='word_1_287' title='bbox 403 3634 487 3689; x_wconf 85' lang='lat' dir='ltr'>duos.</span> <span class='ocrx_word' id='word_1_288' title='bbox 526 3633 538 3687; x_wconf 94' lang='lat' dir='ltr'>l</span> <span class='ocrx_word' id='word_1_289' title='bbox 565 3636 623 3689; x_wconf 88' lang='lat' dir='ltr'>&#39;tur</span> <span class='ocrx_word' id='word_1_290' title='bbox 647 3633 819 3689; x_wconf 84' lang='lat' dir='ltr'><strong>cubiculum</strong></span> <span class='ocrx_word' id='word_1_291' title='bbox 848 3636 966 3705; x_wconf 79' lang='lat' dir='ltr'>regium</span> <span class='ocrx_word' id='word_1_292' title='bbox 991 3636 1056 3689; x_wconf 88' lang='lat' dir='ltr'>eine</span> <span class='ocrx_word' id='word_1_293' title='bbox 1085 3636 1215 3705; x_wconf 79' lang='lat' dir='ltr'>strepitu</span> <span class='ocrx_word' id='word_1_294' title='bbox 1235 3635 1365 3720; x_wconf 68' lang='lat' dir='ltr'>ingressi</span> 
     </span>
     <span class='ocr_line' id='line_1_32' title="bbox 246 3650 1365 3776; baseline 0.001 -17"><span class='ocrx_word' id='word_1_295' title='bbox 246 3709 327 3769; x_wconf 90' lang='lat' dir='ltr'>(nam</span> <span class='ocrx_word' id='word_1_296' title='bbox 350 3705 381 3760; x_wconf 93' lang='lat' dir='ltr'><strong><em>id</em></strong></span> <span class='ocrx_word' id='word_1_297' title='bbox 404 3650 733 3775; x_wconf 41' lang='lat' dir='ltr'>quoquesslreophano</span> <span class='ocrx_word' id='word_1_298' title='bbox 754 3708 948 3775; x_wconf 75' lang='lat' dir='ltr'>confecerat),</span> <span class='ocrx_word' id='word_1_299' title='bbox 972 3706 1174 3776; x_wconf 86' lang='lat' dir='ltr'><strong>Nicephorum</strong></span> <span class='ocrx_word' id='word_1_300' title='bbox 1197 3706 1279 3761; x_wconf 81' lang='lat' dir='ltr'>humr</span> <span class='ocrx_word' id='word_1_301' title='bbox 1298 3705 1365 3761; x_wconf 86' lang='lat' dir='ltr'>dor-</span> 
     </span>
     <span class='ocr_line' id='line_1_33' title="bbox 245 3776 1364 3848; baseline 0.002 -17"><span class='ocrx_word' id='word_1_302' title='bbox 245 3778 386 3833; x_wconf 89' lang='lat' dir='ltr'>mientem</span> <span class='ocrx_word' id='word_1_303' title='bbox 421 3776 544 3847; x_wconf 88' lang='lat' dir='ltr'>quidam</span> <span class='ocrx_word' id='word_1_304' title='bbox 576 3778 709 3833; x_wconf 87' lang='lat' dir='ltr'>calcibus</span> <span class='ocrx_word' id='word_1_305' title='bbox 743 3793 797 3848; x_wconf 90' lang='lat' dir='ltr'><strong><em>per</em></strong></span> <span class='ocrx_word' id='word_1_306' title='bbox 830 3778 1042 3833; x_wconf 89' lang='lat' dir='ltr'>contumeliam</span> <span class='ocrx_word' id='word_1_307' title='bbox 1075 3778 1224 3833; x_wconf 82' lang='lat' dir='ltr'>insultans</span> <span class='ocrx_word' id='word_1_308' title='bbox 1258 3793 1364 3833; x_wconf 84' lang='lat' dir='ltr'>somno</span> 
     </span>
     <span class='ocr_line' id='line_1_34' title="bbox 200 3846 1364 3919; baseline 0.003 -18"><span class='ocrx_word' id='word_1_309' title='bbox 200 3846 235 3901; x_wconf 79' lang='lat'><strong><em>24</em></strong></span> <span class='ocrx_word' id='word_1_310' title='bbox 246 3850 369 3917; x_wconf 86' lang='lat' dir='ltr'>excutit,</span> <span class='ocrx_word' id='word_1_311' title='bbox 398 3854 607 3919; x_wconf 84' lang='lat' dir='ltr'><strong><em>experrectum</em></strong></span> <span class='ocrx_word' id='word_1_312' title='bbox 633 3864 727 3919; x_wconf 83' lang='lat' dir='ltr'>seque</span> <span class='ocrx_word' id='word_1_313' title='bbox 752 3849 936 3905; x_wconf 79' lang='lat' dir='ltr'>attollentem</span> <span class='ocrx_word' id='word_1_314' title='bbox 960 3848 1088 3905; x_wconf 87' lang='lat' dir='ltr'>letaliter</span> <span class='ocrx_word' id='word_1_315' title='bbox 1109 3850 1140 3903; x_wconf 94' lang='lat' dir='ltr'><strong><em>in</em></strong></span> <span class='ocrx_word' id='word_1_316' title='bbox 1160 3864 1288 3919; x_wconf 88' lang='lat' dir='ltr'>corpore</span> <span class='ocrx_word' id='word_1_317' title='bbox 1306 3856 1364 3905; x_wconf 88' lang='lat' dir='ltr'>sta·</span> 
     </span>
     <span class='ocr_line' id='line_1_35' title="bbox 246 3920 1365 3992; baseline 0.003 -19"><span class='ocrx_word' id='word_1_318' title='bbox 246 3920 298 3973; x_wconf 89' lang='lat' dir='ltr'>tim</span> <span class='ocrx_word' id='word_1_319' title='bbox 323 3920 470 3987; x_wconf 88' lang='lat' dir='ltr'>vulnerat,</span> <span class='ocrx_word' id='word_1_320' title='bbox 502 3936 562 3989; x_wconf 91' lang='lat' dir='ltr'><strong><em>quo</em></strong></span> <span class='ocrx_word' id='word_1_321' title='bbox 587 3922 649 3975; x_wconf 91' lang='lat' dir='ltr'>ictu</span> <span class='ocrx_word' id='word_1_322' title='bbox 677 3928 706 3975; x_wconf 90' lang='lat' dir='ltr'><strong><em>et</em></strong></span> <span class='ocrx_word' id='word_1_323' title='bbox 735 3936 847 3992; x_wconf 90' lang='lat' dir='ltr'>corpus</span> <span class='ocrx_word' id='word_1_324' title='bbox 875 3923 940 3976; x_wconf 87' lang='lat' dir='ltr'>eius</span> <span class='ocrx_word' id='word_1_325' title='bbox 967 3927 997 3977; x_wconf 89' lang='lat' dir='ltr'><strong><em>et</em></strong></span> <span class='ocrx_word' id='word_1_326' title='bbox 1020 3923 1139 3976; x_wconf 87' lang='lat' dir='ltr'>animus</span> <span class='ocrx_word' id='word_1_327' title='bbox 1163 3922 1301 3991; x_wconf 82' lang='lat' dir='ltr'>graviter</span> <span class='ocrx_word' id='word_1_328' title='bbox 1320 3927 1365 3976; x_wconf 85' lang='lat' dir='ltr'><strong><em>eet</em></strong></span> 
     </span>
     <span class='ocr_line' id='line_1_36' title="bbox 200 3988 1366 4062; baseline 0.003 -19"><span class='ocrx_word' id='word_1_329' title='bbox 200 3988 419 4045; x_wconf 68' lang='lat' dir='ltr'>acconensem.</span> <span class='ocrx_word' id='word_1_330' title='bbox 456 3990 503 4046; x_wconf 80' lang='lat' dir='ltr'><strong><em>Ad</em></strong></span> <span class='ocrx_word' id='word_1_331' title='bbox 532 3990 717 4059; x_wconf 80' lang='lat' dir='ltr'>Tzinaiscem,</span> <span class='ocrx_word' id='word_1_332' title='bbox 746 3994 848 4062; x_wconf 91' lang='lat' dir='ltr'>quiin</span> <span class='ocrx_word' id='word_1_333' title='bbox 877 3994 961 4061; x_wconf 72' lang='lat' dir='ltr'>regio</span> <span class='ocrx_word' id='word_1_334' title='bbox 987 3993 1065 4047; x_wconf 87' lang='lat' dir='ltr'>lecto</span> <span class='ocrx_word' id='word_1_335' title='bbox 1097 3992 1284 4061; x_wconf 86' lang='lat' dir='ltr'>consederat,</span> <span class='ocrx_word' id='word_1_336' title='bbox 1314 3992 1366 4047; x_wconf 81' lang='lat' dir='ltr'><strong><em>ad·</em></strong></span> 
     </span>
     <span class='ocr_line' id='line_1_37' title="bbox 200 4060 1365 4135; baseline 0.004 -21"><span class='ocrx_word' id='word_1_337' title='bbox 200 4060 428 4116; x_wconf 69' lang='lat' dir='ltr'>aeduensium</span> <span class='ocrx_word' id='word_1_338' title='bbox 442 4062 595 4118; x_wconf 88' lang='lat' dir='ltr'>collabens</span> <span class='ocrx_word' id='word_1_339' title='bbox 611 4064 762 4133; x_wconf 83' lang='lat' dir='ltr'><strong><em>utrimque</em></strong></span> <span class='ocrx_word' id='word_1_340' title='bbox 776 4063 917 4117; x_wconf 84' lang='lat' dir='ltr'>suffultae</span> <span class='ocrx_word' id='word_1_341' title='bbox 931 4079 999 4118; x_wconf 89' lang='lat' dir='ltr'><strong><em>cum</em></strong></span> <span class='ocrx_word' id='word_1_342' title='bbox 1012 4068 1183 4135; x_wconf 81' lang='lat' dir='ltr'>rogaretur,</span> <span class='ocrx_word' id='word_1_343' title='bbox 1201 4064 1312 4135; x_wconf 84' lang='lat' dir='ltr'>quibus</span> <span class='ocrx_word' id='word_1_344' title='bbox 1326 4064 1365 4119; x_wconf 87' lang='lat' dir='ltr'><strong><em>de</em></strong></span> 
     </span>
     <span class='ocr_line' id='line_1_38' title="bbox 201 4132 1366 4205; baseline 0.003 -18"><span class='ocrx_word' id='word_1_345' title='bbox 201 4132 236 4187; x_wconf 75' lang='lat'><strong><em>27</em></strong></span> <span class='ocrx_word' id='word_1_346' title='bbox 247 4134 346 4187; x_wconf 84' lang='lat' dir='ltr'>causis</span> <span class='ocrx_word' id='word_1_347' title='bbox 363 4133 402 4187; x_wconf 80' lang='lat' dir='ltr'>ab</span> <span class='ocrx_word' id='word_1_348' title='bbox 416 4149 451 4189; x_wconf 91' lang='lat' dir='ltr'><strong><em>eo</em></strong></span> <span class='ocrx_word' id='word_1_349' title='bbox 465 4142 596 4189; x_wconf 82' lang='lat' dir='ltr'>vexatus</span> <span class='ocrx_word' id='word_1_350' title='bbox 610 4140 695 4202; x_wconf 86' lang='lat' dir='ltr'>esset,</span> <span class='ocrx_word' id='word_1_351' title='bbox 716 4136 875 4205; x_wconf 79' lang='lat' dir='ltr'>quaerenti</span> <span class='ocrx_word' id='word_1_352' title='bbox 889 4151 949 4189; x_wconf 91' lang='lat' dir='ltr'><strong><em>non</em></strong></span> <span class='ocrx_word' id='word_1_353' title='bbox 965 4136 1129 4205; x_wconf 83' lang='lat' dir='ltr'>respondit,</span> <span class='ocrx_word' id='word_1_354' title='bbox 1148 4136 1202 4191; x_wconf 88' lang='lat' dir='ltr'><strong><em>eed</em></strong></span> <span class='ocrx_word' id='word_1_355' title='bbox 1215 4134 1289 4189; x_wconf 87' lang='lat' dir='ltr'>illud</span> <span class='ocrx_word' id='word_1_356' title='bbox 1303 4140 1366 4190; x_wconf 87' lang='lat' dir='ltr'>tan·</span> 
     </span>
     <span class='ocr_line' id='line_1_39' title="bbox 247 4203 1367 4277; baseline 0.002 -17"><span class='ocrx_word' id='word_1_357' title='bbox 247 4203 431 4271; x_wconf 82' lang='lat' dir='ltr'>tu1n‘&#39;luva,</span> <span class='ocrx_word' id='word_1_358' title='bbox 451 4204 594 4260; x_wconf 87' lang='lat' dir='ltr'>domine”</span> <span class='ocrx_word' id='word_1_359' title='bbox 613 4205 762 4261; x_wconf 84' lang='lat' dir='ltr'>clamavit.</span> <span class='ocrx_word' id='word_1_360' title='bbox 800 4206 890 4261; x_wconf 84' lang='lat' dir='ltr'>lubet</span> <span class='ocrx_word' id='word_1_361' title='bbox 908 4207 1001 4277; x_wconf 85' lang='lat' dir='ltr'>igitur</span> <span class='ocrx_word' id='word_1_362' title='bbox 1016 4206 1178 4261; x_wconf 70' lang='lat' dir='ltr'>Trimiecee</span> <span class='ocrx_word' id='word_1_363' title='bbox 1191 4208 1367 4262; x_wconf 78' lang='lat' dir='ltr'>coniuratos</span> 
     </span>
     <span class='ocr_line' id='line_1_40' title="bbox 246 4276 1366 4348; baseline 0.004 -19"><span class='ocrx_word' id='word_1_364' title='bbox 246 4276 384 4329; x_wconf 80' lang='lat' dir='ltr'>maxillas</span> <span class='ocrx_word' id='word_1_365' title='bbox 410 4278 474 4330; x_wconf 84' lang='lat' dir='ltr'>eiua</span> <span class='ocrx_word' id='word_1_366' title='bbox 500 4277 615 4347; x_wconf 82' lang='lat' dir='ltr'>capulis</span> <span class='ocrx_word' id='word_1_367' title='bbox 638 4277 810 4347; x_wconf 83' lang='lat' dir='ltr'>gladiorum</span> <span class='ocrx_word' id='word_1_368' title='bbox 834 4277 983 4347; x_wconf 86' lang='lat' dir='ltr'>pulsando</span> <span class='ocrx_word' id='word_1_369' title='bbox 1009 4278 1203 4348; x_wconf 84' lang='lat' dir='ltr'>confringere</span> <span class='ocrx_word' id='word_1_370' title='bbox 1222 4283 1276 4332; x_wconf 90' lang='lat' dir='ltr'><strong><em>aut</em></strong></span> <span class='ocrx_word' id='word_1_371' title='bbox 1294 4278 1366 4333; x_wconf 86' lang='lat' dir='ltr'>den-</span> 
     </span>
     <span class='ocr_line' id='line_1_41' title="bbox 201 4346 1365 4420; baseline 0.003 -19"><span class='ocrx_word' id='word_1_372' title='bbox 201 4347 292 4401; x_wconf 76' lang='lat' dir='ltr'>28tcs</span> <span class='ocrx_word' id='word_1_373' title='bbox 307 4347 427 4402; x_wconf 86' lang='lat' dir='ltr'>elidere.</span> <span class='ocrx_word' id='word_1_374' title='bbox 465 4346 582 4403; x_wconf 81' lang='lat' dir='ltr'>Deinde</span> <span class='ocrx_word' id='word_1_375' title='bbox 596 4348 717 4418; x_wconf 86' lang='lat' dir='ltr'>quidam</span> <span class='ocrx_word' id='word_1_376' title='bbox 732 4349 763 4403; x_wconf 94' lang='lat' dir='ltr'><strong><em>in</em></strong></span> <span class='ocrx_word' id='word_1_377' title='bbox 783 4356 904 4419; x_wconf 83' lang='lat' dir='ltr'>tergum</span> <span class='ocrx_word' id='word_1_378' title='bbox 923 4351 988 4403; x_wconf 87' lang='lat' dir='ltr'>ciue</span> <span class='ocrx_word' id='word_1_379' title='bbox 1007 4351 1123 4403; x_wconf 81' lang='lat' dir='ltr'>hastam</span> <span class='ocrx_word' id='word_1_380' title='bbox 1143 4350 1186 4403; x_wconf 90' lang='lat' dir='ltr'><strong><em>ita</em></strong></span> <span class='ocrx_word' id='word_1_381' title='bbox 1203 4351 1365 4420; x_wconf 88' lang='lat' dir='ltr'>intorquet,</span> 
     </span>
     <span class='ocr_line' id='line_1_42' title="bbox 202 4418 1365 4490; baseline 0.002 -17"><span class='ocrx_word' id='word_1_382' title='bbox 202 4418 281 4474; x_wconf 69' lang='lat' dir='ltr'>aaut</span> <span class='ocrx_word' id='word_1_383' title='bbox 299 4435 353 4490; x_wconf 88' lang='lat' dir='ltr'><strong><em>per</em></strong></span> <span class='ocrx_word' id='word_1_384' title='bbox 372 4425 478 4490; x_wconf 84' lang='lat' dir='ltr'>peetus</span> <span class='ocrx_word' id='word_1_385' title='bbox 498 4418 676 4475; x_wconf 85' lang='lat' dir='ltr'>elaberetur.</span> <span class='ocrx_word' id='word_1_386' title='bbox 715 4420 861 4476; x_wconf 87' lang='lat' dir='ltr'>Tumultu</span> <span class='ocrx_word' id='word_1_387' title='bbox 878 4421 917 4475; x_wconf 89' lang='lat' dir='ltr'>ab</span> <span class='ocrx_word' id='word_1_388' title='bbox 937 4421 1130 4477; x_wconf 84' lang='lat' dir='ltr'>cubiculariis</span> <span class='ocrx_word' id='word_1_389' title='bbox 1149 4422 1280 4477; x_wconf 85' lang='lat' dir='ltr'>excitato</span> <span class='ocrx_word' id='word_1_390' title='bbox 1294 4421 1365 4490; x_wconf 75' lang='lat' dir='ltr'>(iam</span> 
     </span>
    </p>
   </div>
   <div class='ocr_carea' id='block_1_7' title="bbox 0 0 1533 4775">
    <p class='ocr_par' dir='ltr' id='par_1_15' title="bbox 0 0 1533 4775">
     <span class='ocr_line' id='line_1_43' title="bbox 0 0 1533 4775; baseline 0 0"><span class='ocrx_word' id='word_1_391' title='bbox 0 0 1533 4775; x_wconf 95' lang='lat' dir='ltr'><strong><em> </em></strong></span> 
     </span>
    </p>
   </div>
  </div>
 </body>
</html>
