3050 4775
256 387 310 444 ιιι
514 384 651 448 tonsu.
671 389 770 446 Erro.
789 390 858 447 xvi
880 391 920 460 rs,
939 392 1054 460 εε-ιο,
1075 392 1117 446 n.

256 571 334 654 ἔθνη
361 570 406 654 μὴ
435 566 504 636 κατ’
533 572 630 637 αὐτοῦ
658 571 830 656 ὁρμήσαιεν
856 573 965 638 ἐδεδίει
995 573 1050 637 καῖ
1079 572 1144 656 πρὸ
1174 578 1240 638 τῶν
1270 574 1375 638 ἄλλων

252 671 439 757 Ῥωμαίους,
463 674 575 739 στέλλει
596 674 678 756 πρὸς
700 674 754 739 τὸν
776 675 914 758 βασιλέα,
943 675 1083 748 σπονόἀς
1103 675 1325 760 ποιησόμενος,
1348 679 1378 741 ελ

211 771 285 840 rtt'
309 777 437 860 αἱροῖτο,
460 777 515 842 καῖ
536 778 636 861 κῆὸος
658 779 701 848 εἰς
723 777 843 842 ἑαυτόν.
888 779 936 852 ὡς
958 779 993 844 θλ
1010 787 1058 862 τῷ
1071 779 1193 862 βασιλεῖ
1203 778 1258 843 καλ
1272 779 1374 862 ἄμφω

255 879 436 961 καταθύμια
460 880 549 954 §does
570 879 608 942 τὰ
636 880 814 963 αἰτούμενα,
846 881 900 945 καῖ
926 881 1022 952 αὐτὸς
1043 882 1063 945 ὁ
1086 880 1211 964 Πέτρος
1232 881 1373 964 doberto,

254 979 308 1044 καλ
331 979 473 1063 γεγόνασι
495 979 554 1064 μὲν
576 981 733 1065 συνθῆκαι
754 983 825 1065 περὶ
852 985 1010 1058 σπονύῶν,
1041 985 1193 1070 tortor»,
1222 983 1257 1049 δὲ
1284 985 1401 1068 attuit

254 1081 336 1165 πρὸς
358 1084 532 1166 συμβίωσιν
555 1083 692 1167 γαμικὴν
714 1085 769 1149 καλ
790 1086 810 1170 ἠ
833 1093 889 1150 τοῦ
911 1087 1066 1170 βασιλέως
1080 1086 1204 1170 typho,
1227 1087 1300 1170 ἣέκ
1315 1091 1375 1152 τοῦ

254 1186 469 1269 πρεσβυτέρου
491 1189 556 1250 τῶν
577 1187 657 1250 οἰῶν
680 1188 778 1252 αὐτοῦ
800 1193 856 1252 τοῦ
879 1186 1106 1272 Χριοτσφόρον
1128 1190 1299 1272 γεγέννητο.

204 1290 244 1354 19
339 1287 380 1352 ‘O
402 1289 437 1354 tt
458 1288 602 1373 βασιλεὺς
617 1288 783 1374 Ῥωμανὸς
804 1291 865 1356 οὔκ
887 1292 1010 1372 ἀρκοῦν
1032 1291 1208 1375 ἡγούμενος
1230 1291 1276 1356 ὅτι
1298 1292 1372 1356 ἑαυ-

254 1396 309 1455 τοῦ
337 1389 391 1456 τὸν
421 1392 549 1476 βασιλέα
578 1391 816 1456 Κωνσταταῖνον
847 1392 1025 1476 ὖπεβλβασε,
1057 1392 1158 1477 λαβὴν
1189 1394 1287 1477 ἐζήτει
1318 1393 1374 1458 καῖ

253 1492 307 1558 τὸν
329 1493 553 1579 Χριστοφόρον
574 1497 740 1580 προθεῖναι
761 1496 875 1560 αὐτοῦ·
908 1493 962 1558 καλ
987 1495 1204 1577 παρεσκεύασε
1229 1495 1286 1578 τὴν
1307 1501 1373 1560 τῶν
1384 1510 1419 1565 10

253 1597 452 1682 Βουλγάρονν
472 1597 598 1682 πληθὺν
621 1599 655 1663 ἕν
676 1604 723 1682 τῷ
745 1604 801 1663 τοῦ
825 1599 929 1682 γάμου
946 1605 1052 1682 καιρῷ
1066 1597 1236 1673 στασιάσαι,
1259 1600 1371 1682 ζητοῦ-

85 1705 147 1762 PII
160 1706 312 1763 19οΑσαν
341 1699 396 1764 τὸν
418 1699 642 1784 Χριστοφόρον
667 1700 732 1784 πρὸ
758 1706 815 1765 τοῦ
842 1700 1081 1766 Κωνσταντίνου
1112 1701 1372 1784 ἀναγορεύεσθαι,

252 1800 306 1865 καλ
329 1801 380 1866 tui
403 1802 459 1886 τὴν
481 1802 586 1867 στάσιν
609 1803 708 1887 ύῆθεν
731 1805 912 1887 οἰκονομῶν
933 1828 960 1867 τι
982 1804 1192 1887 παρεχώρησε
1213 1802 1250 1868 τὸ
1267 1805 1371 1869 αἰτού-

226 1913 348 1986 curvor
371 1905 518 1986 γίνεσθαι.
564 1903 626 1968 εἶτα
653 1906 732 1989 μήτε
760 1905 796 1969 τὸ
823 1907 912 1970 θεῖον
939 1905 1052 1980 δείσας,
1084 1905 1181 1978 ὃτὰς
1202 1906 1373 1990 ὁμολογίας

251 2006 341 2089 αὐτῷ
362 2007 578 2090 ἔμαιεπέθωκε,
601 2004 674 2092 μήτ’
698 2008 855 2080 αῖόεσθελς
876 2008 912 2073 τὸ
935 2005 1090 2093 ὑπήκοον,
1112 2009 1167 2073 καὶ
1181 2011 1283 2092 ἄμφω
1298 2008 1372 2081 τοὺς
1382 2019 1417 2075 15

251 2107 365 2180 ἄλλους
387 2110 462 2181 υἱεῖς
484 2111 581 2176 αὐτοῦ
607 2117 664 2174 τοῦ
687 2110 927 2176 Κωνσταντίνου
955 2112 1130 2194 προτέρους
1161 2113 1372 2196 εὖφημεῖσθαι

250 2212 409 2296 πεποίηκε,
432 2213 487 2276 καῖ
509 2211 528 2276 ύ
549 2217 677 2296 πρῶτος
699 2216 841 2298 πέμπτος
863 2215 994 2297 ἐγένετο,
1022 2214 1076 2278 καλ
1098 2215 1128 2278 ελ
1146 2214 1192 2298 μὴ
1216 2215 1235 2279 ὁ
1256 2214 1373 2298 μικρὸς

247 2313 411 2398 Ῥωμανὸς
433 2315 452 2378 ὀ
474 2321 529 2380 τοῦ
553 2312 780 2400 Χριστσφόρου
803 2316 872 2389 υἱὸς
894 2317 980 2401 ἔφθη
1006 2317 1128 2399 θανών,
1160 2317 1306 2390 κάκεῖνος
1332 2320 1372 2382 ἂν

250 2534 267 2589 8
285 2537 358 2595 ὅπως
376 2536 421 2590 καῖ
439 2536 483 2591 ror
500 2536 559 2592 υλύν
581 2538 662 2593 αὐτοῦ
681 2540 869 2608 Χριστοφόρον
890 2539 1052 2609 προεβίβασε
1076 2546 1123 2593 τοῦ
1145 2538 1274 2609 βασιλέως
1292 2540 1371 2594 Κων-

250 2608 392 2675 σταντύνσο,
410 2607 466 2663 εἶτα
484 2608 543 2670 τοὺς
561 2609 668 2671 λοιποὺς
686 2610 736 2665 δύο
755 2609 780 2665 Ε

304 2823 318 2876 1
338 2823 453 2913 cippum
471 2822 499 2877 ἐν
514 2823 552 2913 J),
572 2838 647 2879 corr.
660 2824 712 2885 Dw
770 2824 788 2880 h
805 2826 939 2895 συνθῆκαι
959 2822 1048 2892 Anu,
1068 2823 1207 2915 compo
1262 2825 1279 2879 6
1298 2830 1371 2880 anto

301 2893 525 3034 fvtcogdssillghmlt,
539 2894 612 3021 (λψρ
668 2967 693 3022 8.
713 2968 730 3023 9
743 2896 1226 3049 Ἑλλλιτοολῖῃ’ρξ1λ1).κωνστανλῖνλνλγεὸηω
1246 2894 1371 3028 Βῧξῖἰξλ

302 3038 407 3107 εβύβασι
426 3036 462 3104 D,
483 3054 558 3093 corr.
579 3038 629 3097 Dw
726 3038 812 3109 λαβὴν
830 3040 957 3111 prDt,
976 3040 1065 3109 λαβεῖν
1082 3037 1110 3093 Α
1202 3039 1242 3094 10.
1263 3038 1296 3093 12
1313 3060 1371 3107 χρι-

302 3112 433 3178 στόφορσν
450 3108 523 3180 Ewp
608 3110 641 3165 10
658 3112 811 3178 πρσςθεῖναι
831 3110 855 3164 Β
934 3109 968 3165 12
986 3110 1030 3164 τὸν
1047 3130 1132 3180 χριστ.
1152 3116 1221 3181 post
1238 3131 1371 3165 κωνσταν·

302 3182 372 3234 τίνου
391 3180 464 3251 pr
565 3183 598 3236 13
617 3186 685 3252 post
704 3183 788 3253 δῆθεν
806 3181 1154 3252 αι1ι1.ὠς1κβῖαςοκ[ι
1246 3180 1279 3237 11
1298 3181 1322 3252 ᾦ
1342 3180 1370 3235 D

303 3251 336 3307 15
354 3251 435 3307 αὐτοῦ
454 3250 594 3324 B⁸DEwp
668 3254 702 3308 18
720 3252 827 3314 ὁ-υῖός
846 3269 903 3309 orn.
922 3252 951 3307 D
974 3256 1025 3309 Wo
1043 3253 1094 3308 lat.

248 3468 366 3539 legatos
384 3468 424 3522 nd
443 3483 547 3539 rogem
567 3468 606 3523 do
626 3483 701 3538 paco
720 3474 758 3537 ot,
778 3469 803 3523 si
823 3469 964 3539 placeret,
984 3469 1076 3524 stium
1094 3468 1132 3522 do
1144 3467 1293 3522 othnitnto
1306 3468 1370 3522 iun·

202 3536 237 3591 24
247 3539 350 3608 gendo
370 3541 465 3593 mittit.
503 3538 558 3595 cui
578 3554 647 3594 curn
666 3543 830 3609 utrumque
849 3540 934 3595 oordi
947 3545 1035 3607 osset,
1055 3540 1121 3609 ipss
1133 3538 1242 3593 Petrus
1255 3538 1370 3609 Byzan-

247 3612 321 3664 tium
341 3612 425 3666 vonit
444 3615 474 3665 et
492 3626 569 3680 paco
587 3612 668 3665 facts
687 3618 808 3681 neptem
829 3613 912 3683 rogis
925 3628 963 3667 ox
978 3611 1202 3681 christophoro,
1221 3610 1281 3666 filio
1295 3617 1370 3665 notu

247 3682 388 3749 maximo,
407 3696 534 3737 uxorem
553 3682 644 3737 ducit.

337 3754 377 3807 19.
415 3753 479 3808 Rex
504 3752 658 3808 Romanus
681 3769 717 3809 oo
742 3770 804 3809 non
833 3759 1002 3821 contentus,
1031 3754 1114 3823 quod
1139 3754 1370 3809 constantinum

247 3825 327 3877 inira
345 3840 378 3879 so
398 3824 568 3890 collocarat,
597 3826 787 3879 occasionem
813 3826 965 3895 quaeritat
987 3826 1079 3880 otiam
1097 3824 1304 3895 christophori
1327 3826 1370 3879 ihi

247 3895 468 3965 praeponendi3
493 3896 598 3965 itaque
616 3896 764 3951 instructu
784 3894 988 3966 Buigarorum
1007 3897 1106 3962 turbs,
1131 3912 1212 3966 quse
1230 3898 1369 3966 tempori·

247 3967 304 4021 bns
323 3966 498 4036 nuptiarum
517 3967 636 4022 illarum
651 3968 827 4038 postulurot,
846 3972 881 4022 ut
893 3966 1126 4038 christophorus
1139 3975 1211 4022 suto
1223 3967 1369 4023 consttu-

246 4038 342 4092 tinum
362 4038 578 4105 nominaretur,
599 4040 685 4108 qussi
706 4043 832 4109 proptor
847 4044 960 4094 motuni
974 4039 1056 4093 illum
1070 4040 1243 4094 necessitati
1256 4039 1369 4093 rodens

219 4109 406 4179 2postulstis
434 4108 553 4165 illorum
582 4112 697 4165 annuit.
735 4110 855 4165 Doindo
881 4125 982 4180 nequo
1012 4110 1102 4165 deum
1129 4111 1254 4178 veritus,
1281 4111 1369 4165 euius

246 4180 370 4235 numine
389 4180 532 4236 invocato
551 4183 708 4252 pactiones
727 4183 870 4248 firmarat,
900 4196 1001 4251 usquo
1025 4182 1231 4237 subiectorum
1250 4181 1369 4253 pudore

246 4252 409 4307 deterritus
435 4253 525 4307 etism
549 4253 626 4308 duos
645 4254 779 4323 reliquos
798 4268 870 4308 suos
888 4253 965 4307 tilios
984 4258 1056 4307 anto
1073 4252 1305 4308 Constantinum
1323 4268 1367 4307 so·

245 4324 336 4378 lutari
366 4324 466 4391 iussit;
496 4326 539 4379 itu
567 4324 680 4394 primus
707 4327 807 4379 sactus
832 4330 878 4379 est
902 4324 1026 4394 quintus
1052 4325 1141 4394 eiquo
1160 4326 1258 4379 minor
1277 4325 1369 4379 etism

246 4394 409 4469 Romanus,
436 4393 642 4473 christophori
661 4396 748 4465 filins,
776 4396 967 4471 praepositus
986 4402 1075 4467 esset,
1102 4396 1159 4453 nisi
1178 4402 1249 4452 tuto
1268 4396 1369 4455 doceo
