3050 4775
249 360 303 417 584
511 362 648 420 ZONAR.
667 363 766 419 EPlT.
786 364 869 421 XVII
891 364 932 435 13,
951 363 1065 433 20-14,
1084 362 1110 419 4.

91 547 239 604 elisere
249 544 417 627 περιόδους
449 545 537 628 αὐτῷ
567 546 740 630 παρακοπὴ
768 552 824 610 τοῦ
853 546 928 619 νοδς
955 550 1019 611 τῶν
1042 546 1224 629 ὀφθαλμῶν
1246 569 1278 609 τε
1301 544 1367 607 δια-

251 647 372 730 στροφὴ
396 647 450 711 καί
472 647 585 719 κλόνος
606 654 663 712 τοῦ
686 650 835 732 σώματος
857 650 911 713 καί
933 650 1130 720 κατόπτωσις
1153 647 1203 713 ἐπὶ
1226 654 1292 730 γῆς,
1315 645 1367 710 εἶτ’

206 754 240 809 21
252 750 378 834 ἐπανῄει
400 752 443 822 εἷς
466 750 577 815 ἑαυτὸν
599 750 654 814 καὶ
675 752 921 820 ἀπσκαθίστατο.
967 758 1058 817 τοῦτο
1080 751 1229 822 πολλάκις
1244 750 1368 815 καὶτοῦ

251 853 405 936 βασιλέως
428 854 564 917 ἐνώπιον
586 855 719 918 ἔπαθεν·
744 854 763 918 ό
786 855 820 918 δὲ
842 862 897 919 τοῦ
920 855 1048 926 πάθους
1067 854 1220 937 οἰκτείρας
1235 853 1288 918 τὸν
1305 854 1368 917 Μι-

250 956 332 1039 χαὴλ
354 958 397 1020 ἔτι
417 957 538 1039 μᾶλλον
559 958 665 1041 φευδῆ
687 959 768 1040 ᾤετο
790 957 827 1021 τὰ
851 958 1001 1041 λεγόμενα
1024 958 1078 1022 καὶ
1100 952 1172 1041 μῆν’
1197 958 1273 1041 ἐρᾶν
1294 952 1398 1041 μήτ’ῑι

206 1059 385 1143 morimini
415 1064 527 1124 τοῦτον
557 1062 661 1132 οὕτως
688 1063 799 1145 ἔχοντα
828 1062 928 1125 ἔθετο.
975 1062 1030 1125 είσί
1061 1062 1088 1125 δ’
1116 1062 1150 1125 οἳ
1173 1060 1296 1142 λέγουσι
1323 1059 1369 1143 μὴ

251 1163 402 1246 ἀγνοῆσαι
428 1161 483 1227 τδν
508 1165 637 1248 βασιλέα
665 1164 719 1229 τόν
748 1166 861 1247 ἔρωτα,
894 1188 952 1223 ss*
977 1160 1005 1227 δ’
1030 1164 1075 1227 ὅτι
1098 1169 1216 1246 σφριγᾷ
1239 1165 1258 1246 ῆ
1282 1162 1370 1246 βασί-

251 1265 339 1329 λωσα
362 1264 416 1328 καλ
444 1266 515 1347 περὶ
543 1265 580 1329 τὰ
609 1267 778 1350 ἀφροδίσια
806 1268 937 1349 μέμηνε,
971 1274 1026 1350 τῆς
1056 1266 1138 1349 πρὸς
1166 1264 1220 1329 τὸν
1243 1264 1372 1347 Μιχαὴλ

252 1369 349 1451 αὐτῆς
371 1369 474 1453 ῥοπῆς
496 1370 642 1452 ἠνείχετο,
667 1370 915 1452 ὗποκρινόμενος
938 1370 1076 1451 ἄγνοιαν,
1100 1366 1214 1450 ἵναμὴ
1238 1366 1373 1430 πλείοσιν

252 1471 383 1554 δμιλοίη.
454 1517 458 1522 -
1385 1478 1423 1532 10

208 1577 243 1631 23
345 1574 473 1639 Τούτων
497 1574 532 1639 δὲ
554 1576 658 1645 οὕτως
680 1573 819 1657 ἐχόντων
841 1575 860 1638 ό
884 1572 1091 1657 αὐτοκράτωρ
1112 1572 1251 1656 ἐνόσησε,
1274 1572 1331 1635 καί
1343 1574 1375 1635 οῖ

219 1677 403 1759 Βδιφδῆκει
429 1676 465 1741 τδ
494 1678 670 1761 πρόσωπον
696 1678 750 1742 καὶ
777 1676 812 1741 τδ
835 1676 945 1760 ἆσθμα
969 1676 1009 1760 ῆν
1031 1676 1158 1759 συνεχὲς
1179 1675 1234 1739 καὶ
1256 1678 1275 1758 ῆ
1300 1676 1375 1757 ὄφις

254 1780 342 1862 αὐτῷ
365 1779 457 1863 ἐῴκει
479 1786 595 1863 νεκροῦ
618 1781 672 1844 καί
694 1788 748 1864 τῆς
770 1780 911 1863 κεφαλῆς
934 1781 1031 1844 αὐτοῦ
1054 1779 1089 1843 ιδ
1112 1778 1207 1844 πλέον
1223 1778 1373 1861 ίφίλωτο·

165 1899 172 1912 ·
253 1884 287 1945 αἶ
318 1881 378 1964 γὰρ
410 1882 510 1965 τρίχες
541 1884 637 1966 αὐτῆς
668 1884 880 1966 ἀπερρύησαν.
935 1883 1051 1964 λέγεται
1083 1888 1160 1963 γοῦν
1192 1881 1375 1977 φαρμάκοις

209 1986 517 2069 24περιεργασθῆναι
540 1985 559 2049 ό
581 1986 764 2067 ἄνθρωπος.
810 1988 895 2049 οὕτω
924 1982 951 2048 δ’
977 1987 1062 2068 ἔχων
1089 1985 1181 2069 ἀπῄει
1206 1984 1288 2067 πρὸς
1314 1986 1373 2067 βα-
1386 1988 1423 2043 15

254 2088 376 2150 λανεῑον
397 2091 462 2151 τῶν
485 2088 518 2150 ἐν
540 2093 604 2158 τοῖς
625 2088 790 2171 βασιλείοις
813 2088 1015 2172 λουσόμενος,
1039 2088 1092 2151 καί
1115 2086 1208 2171 ἀπῄει
1226 2088 1296 2151 οὔτε
1311 2110 1375 2169 χει-

209 2188 502 2272 οῡραγωγούμενος
534 2188 599 2254 οὔτ’
629 2190 739 2253 αὐτίκα
768 2192 975 2273 τεθνήξεσθαι
1002 2191 1281 2273 προσδοκώμενος.
1328 2190 1376 2261 ὡς

92 2290 294 2355 winiterii
316 2290 351 2355 τὸ
375 2296 469 2374 σῶμα
493 2293 659 2377 ἐκάθηρεν,
683 2293 784 2358 είσέδυ
807 2294 862 2375 τὴν
886 2294 952 2358 ἐκεῖ
971 2294 1212 2377 κολυμβήθραν,
1236 2294 1314 2358 ἔνθα
1334 2292 1373 2376 δὴ

213 2394 293 2459 eost
319 2401 384 2459 πᾶν
412 2396 518 2479 ᾄδεται
545 2398 689 2479 γενέσθαι
715 2403 772 2461 τοῦ
800 2397 974 2480 δράματος·
1008 2399 1173 2481 συμπιέσαι
1205 2397 1264 2480 γάρ
1292 2419 1376 2468 τινας

313 2554 548 2624 1παρακοπῆνΒ
660 2556 768 2612 tants
786 2565 833 2626 γῆς
853 2557 922 2610 add.
941 2565 986 2626 τῆς
1005 2555 1033 2610 Ι)
1143 2557 1375 2611 3ἀπσκαθίστατα

312 2624 438 2695 prDi,
457 2626 664 2682 ἀποκαθίσταται
683 2626 711 2681 Α
822 2629 1025 2697 4σίκτειρῆσας
1044 2627 1166 2698 BOEwp
1274 2629 1376 2683 5ὤετο

310 2699 402 2766 φευδῆ
419 2696 467 2753 BC
540 2699 641 2767 θῷετο
660 2698 757 2768 Bpr
829 2699 894 2768 μηδ’
908 2701 980 2770 Ewp
1054 2701 1174 2769 ῖέρωτα
1193 2699 1217 2754 δ’
1236 2697 1272 2766 Α,
1290 2701 1376 2768 ἔρωτα

312 2770 398 2822 εἰδότα
411 2770 436 2823 δ’
449 2769 532 2839 pr,
552 2777 621 2839 post
639 2772 725 2838 ἔρωτα
744 2772 933 2825 intercidisse
953 2771 1002 2825 vel
1021 2771 1100 2832 εἰδὼς
1119 2771 1167 2827 vel
1187 2771 1282 2826 simile
1302 2772 1376 2838 quid

312 2842 484 2931 suspicatur
504 2841 531 2894 Β
538 2843 670 2933 -λλῙμοΙλ,
689 2841 776 2925 Psell.
797 2859 824 2912 p.
843 2842 886 2906 44,
906 2843 942 2934 2β
1013 2853 1128 2947 σφῧριγγᾷ
1148 2843 1184 2936 φ*
1255 2843 1375 2924 θρσπῆς

311 2911 591 3049 {lstimir
621 2913 783 3053 finitis
796 2915 1044 3054 willerius
1115 2913 1375 3067 „tis-tis.-

313 3054 407 3109 om.D
479 3055 551 3109 αὐτῶ
570 3055 618 3111 BC
692 3057 724 3110 15
743 3059 953 3126 κατεργασθῆναι
973 3056 1000 3110 Ι)
1072 3057 1208 3125 βαλανεῖον
1221 3057 1375 3126 DEwth,

311 3126 459 3196 βαλανείων
477 3126 503 3180 Α
577 3127 618 3182 15.
639 3127 672 3181 16
690 3128 756 3194 πρός
775 3148 797 3181 τι
817 3135 870 3180 τῶν
887 3129 915 3182 ἒν
933 3137 986 3188 τοῖς
1003 3129 1144 3198 βασιλείοις
1161 3129 1309 3198 βαλανείων
1327 3127 1375 3182 BC

314 3198 347 3251 16
364 3199 600 3268 χειραγογοόμενος
619 3198 654 3268 p*
711 3201 744 3254 18
763 3199 796 3270 δὴ
819 3199 909 3256 om.C
965 3199 1006 3254 19.
1027 3217 1055 3272 p.
1065 3199 1125 3268 585,
1138 3201 1152 3253 l
1165 3201 1237 3255 αὐτῶ
1247 3221 1317 3261 τινας
1327 3199 1376 3256 BC

214 3356 247 3410 21
260 3361 373 3429 quebot
392 3364 422 3413 et
441 3364 572 3414 tremore
591 3360 812 3429 corripiebatur
832 3365 862 3414 et
880 3361 963 3414 humi
982 3361 1173 3430 procidebam
1199 3361 1292 3430 idque
1313 3375 1376 3416 sse·

260 3432 327 3500 pius
341 3431 368 3484 ei
382 3432 472 3485 etiam
486 3446 586 3484 coram
600 3446 675 3500 rege
688 3431 855 3499 accidebat,
875 3433 928 3500 qui
940 3431 1093 3487 Michaelis
1112 3432 1251 3486 morbum
1271 3432 1376 3487 dolens

259 3503 357 3571 magis
382 3503 473 3556 etiam
499 3503 701 3572 suspicionem
726 3503 833 3556 falsam
858 3503 1027 3571 iudicabam
1055 3519 1155 3574 neque
1181 3505 1259 3558 enim
1286 3505 1375 3559 telem

214 3572 308 3626 22νεί
327 3588 430 3627 amare
450 3574 499 3627 vel
518 3575 613 3628 amari
626 3589 716 3643 posse
734 3575 861 3643 putavit.
899 3573 1093 3642 Suetonium,
1113 3576 1164 3646 qui
1177 3575 1279 3629 dicant
1296 3591 1376 3630 smo-

259 3644 417 3698 remilium
430 3661 491 3698 non
506 3644 629 3699 latuisse
642 3661 758 3715 regem3
779 3646 832 3699 sed
846 3660 912 3699 cum
929 3647 1050 3713 <sciret>
1065 3647 1219 3702 mulierem
1237 3646 1376 3700 lascivire

259 3722 352 3785 atquo
379 3717 513 3770 insanire
538 3717 669 3784 libidine,
697 3717 847 3771 tolerabat
872 3719 1106 3787 propensionem
1134 3719 1199 3772 eius
1228 3733 1261 3772 er
1284 3733 1303 3771 a
1326 3718 1375 3773 Mi·

259 3787 402 3855 chaelem,
422 3788 562 3842 simulata
580 3789 763 3858 ignorantia,
783 3803 821 3843 ne
838 3789 889 3842 illa
909 3804 976 3843 eum
996 3788 1132 3859 pluribus
1151 3804 1214 3843 rem
1228 3735 1361 3844 haberet„

214 3857 250 3911 23
348 3859 434 3922 Quae
453 3876 521 3913 cum
541 3860 584 3913 ito
603 3867 711 3926 essent,
738 3862 903 3930 imperator
922 3861 951 3913 in
972 3861 1109 3914 morbum
1129 3861 1242 3929 incidit,
1270 3862 1376 3916 inlicta

259 3931 345 3995 iacie,
365 3945 445 3998 quae
458 3929 579 4002 quidem
594 3933 703 3985 mortui
716 3931 820 3986 similis
834 3936 907 3998 eret,
928 3936 957 3986 ct
970 3934 1076 3986 crebro
1091 3932 1224 3986 anhelitu
1238 3933 1375 4002 spiritum

257 4017 353 4071 segre
376 4003 523 4070 trahebat,
551 4004 684 4056 maxima
709 4008 795 4072 parte
822 4005 927 4072 cepitis
954 4004 1066 4070 calvus,
1096 4003 1210 4073 capillis
1236 4003 1374 4072 delapsis.

214 4073 250 4126 24
259 4073 346 4138 Quod
370 4075 483 4127 melum
507 4075 533 4128 ei
559 4075 685 4128 venenis
710 4074 820 4128 dicitur
845 4089 910 4129 esse
935 4075 1136 4129 conciliatum.
1173 4074 1222 4130 Sic
1248 4075 1375 4130 affectus

257 4147 289 4198 in
314 4146 468 4214 quoddam
492 4147 597 4214 regiae
619 4145 761 4200 balneum
785 4146 921 4200 levatum
940 4147 1012 4210 abit,
1041 4162 1059 4200 a
1083 4146 1165 4200 nulle
1189 4150 1376 4202 sustentatus

213 4215 248 4269 25
259 4232 359 4285 neque
378 4231 532 4286 quoquam
551 4221 678 4286 putante
697 4231 766 4270 eum
786 4218 884 4271 stetim
906 4219 1092 4272 moriturum.
1129 4217 1170 4273 Ut
1186 4223 1287 4272 autem
1307 4233 1375 4288 pur·

214 4294 480 4415 stillulis
496 4288 852 4430 illitiultuid
876 4290 928 4415 lit
946 4290 1376 4432 llttitllldlttttit

361 4401 368 4429 i
