3050 4775
353 419 509 485 SEDITIO
529 421 788 485 ARMENIORVM
807 427 858 484 ET
876 423 1101 486 NAV'I'ARVM.
1232 424 1285 485 511

167 611 266 694 βολὴν
289 611 433 697 ἀλλήλων
454 611 508 676 καί
530 613 634 694 θροῦν
655 611 708 677 καλ
729 612 845 696 κρότον
859 612 959 678 πολὺν
973 612 1027 677 καί
1042 610 1143 695 φόνον
1158 610 1287 694 ἀνδρῶν

32 715 373 798 ΒΙῦὸθὲκατέρωθεν.
418 721 473 798 τῆς
502 714 536 778 dd
563 715 674 798 φήμης
700 715 735 778 τὸ
763 715 891 798 γεγονὸς
912 721 976 787 τοῖς
999 715 1032 778 έν
1054 720 1092 800 τῇ
1113 714 1200 779 πόλει
1222 714 1314 798 πρὸ3

163 823 219 900 τῆς
242 817 403 890 έπανόθου
422 823 478 882 τοῦ
500 817 655 900 βασιλέως
677 818 931 902 καταγγειλάσης,
955 820 986 881 οί
1007 821 1062 881 τοῦ
1087 817 1192 901 δήμου
1211 817 1285 882 ἀτά-

166 919 278 983 σθαλοι
301 919 380 984 κατὰ
404 915 583 1002 συμμορίας
606 918 766 1002 γενόμενοι
788 921 949 1004 πολλαχοῦ
969 920 1023 983 καλ
1038 926 1102 992 τοῖς
1115 920 1287 1004 Ἀρμενίοις

139 1022 343 1086 ῦέπανιοῦσιν
370 1023 606 1097 ὑπαντιάζοντες
633 1022 736 1096 ξύλοις
765 1023 904 1093 ἐκείνους
931 1024 1130 1086 συνέκοπτον.
1176 1023 1223 1093 ὡς
1252 1023 1314 1086 dit

165 1125 219 1188 καλ
241 1125 260 1189 ὁ
282 1125 426 1208 βασιλεὺς
451 1126 585 1209 έιγνθιίκει
613 1125 692 1190 κατὰ
723 1125 779 1208 τὴν
811 1123 931 1208 ἀγορὰν
962 1130 1027 1188 τῶν
1045 1124 1286 1212 Ἀρτοπρατίων,

165 1229 271 1311 ὕβρεις
302 1228 449 1292 κάκείνου
477 1229 625 1312 κατέχεον
653 1228 705 1292 καλ
735 1228 880 1311 θόρυβος
908 1227 985 1311 ἦρτο
1007 1228 1061 1292 καλ
1083 1228 1160 1311 βοαί
1179 1252 1211 1291 τε
1233 1227 1287 1291 καί

167 1331 351 1412 συνθρομαί,
384 1330 438 1394 καλ
465 1331 495 1394 ολ
521 1331 580 1413 μέν
607 1330 718 1401 λίθους
740 1331 857 1414 ἠφίαυν
879 1330 959 1393 κατὰ
981 1336 1037 1392 τοῦ
1059 1329 1223 1413 βασιλέως,
1256 1331 1287 1394 oi

167 1431 202 1495 tt
224 1431 311 1495 κόνιν
334 1433 465 1496 ἔπαπον
487 1430 555 1497 κατ’
576 1433 672 1497 αὐτοῦ
695 1434 749 1498 καί
772 1434 978 1516 έθυσφήμουν
1000 1431 1096 1497 αὐτὸν
1118 1435 1211 1517 μέχρι
1232 1439 1321 1516 τῆςΒ

124 1534 295 1616 ΙΟάγορᾶς,
319 1535 384 1617 ἥτις
406 1537 556 1617 ἔστρωται
578 1542 644 1606 ταῖς
665 1536 758 1610 πλαξὶ
781 1535 835 1599 καί
857 1535 912 1598 τὸν
934 1535 1024 1599 κίονα
1047 1536 1136 1618 φέρει
1157 1536 1211 1599 τὸν
1228 1559 1286 1600 κυ-

167 1637 299 1720 κλοτερῆ
324 1661 357 1699 τε
383 1637 437 1700 καί
459 1644 658 1720 πορφυροῦν.
704 1638 757 1702 καί
780 1639 810 1702 εἰ
827 1639 873 1721 μή
897 1661 975 1708 τινες
995 1642 1061 1701 τῶν
1083 1638 1314 1721 έντιμοτέρωνῦ

166 1739 302 1802 πολιτιῦν
333 1739 431 1804 ἐκεῖσε
462 1739 516 1805 τὸν
542 1741 669 1823 βασιλέα
700 1741 863 1824 δεξάμενοι
889 1739 963 1810 τοὺς
989 1740 1049 1823 μέν
1072 1740 1288 1824 ἐφισταμένους

167 1841 256 1924 αῦτῷ
287 1841 340 1905 καλ
373 1842 617 1926 θυσφνγμοῦντας
648 1843 752 1914 ἄλλως
782 1867 815 1907 τε
847 1843 1056 1914 ἀτακτοῦντας
1083 1843 1286 1927 ἀνεχαίτισαν,

168 1943 287 2008 ἐκεῖνον
310 1945 345 2008 δὲ
367 1945 478 2028 κύκλῳ
499 1946 717 2029 περιλαβόντες
740 1946 907 2029 εὐφήμουν
929 1945 983 2009 καλ
1006 1946 1109 2017 οῦτανς
1131 1945 1227 2009 αῦτόν
1244 1946 1287 2016 είς

123 2044 204 2107 lind
227 2047 366 2128 βασίλεια
390 2047 589 2130 ὁιεσώσαντσ,
621 2047 700 2132 τάχα
728 2049 767 2112 ἄν
789 2073 816 2112 τι
837 2050 918 2131 μέγα
942 2049 1056 2132 συνέβη
1080 2047 1191 2112 κακόν.
1237 2048 1314 2112 tao

167 2149 278 2212 τεῦθεν
301 2149 463 2214 θιαθίθοτο
486 2150 580 2233 λόγος
602 2151 649 2222 ὡς
671 2152 705 2215 έν
728 2151 924 2235 ἱπποδρομίᾳ
947 2151 966 2214 ό
988 2150 1132 2235 βασιλεὺς
1147 2152 1287 2234 έγκοτῶν

167 2258 213 2333 τῷ
237 2252 333 2335 δήμῳ
358 2252 461 2334 μέλλει
489 2253 584 2317 αιίτόν
612 2253 804 2337 ἀμύνασθαι.
851 2254 982 2338 ἁμίλλης
1013 2252 1071 2317 οῦν
1101 2255 1313 2338 τελουμένηςῖ

171 2446 203 2501 lt>
221 2448 294 2507 ὅπως
312 2454 359 2502 τοῦ
377 2447 465 2518 θῆμσυ
483 2449 650 2519 φοβηθέντος
668 2448 714 2505 καί
732 2448 763 2503 ἐκ
783 2456 829 2505 τοῦ
843 2450 960 2518 θεάτρου
972 2448 1214 2519 ὠτσῦιὸράσκοντσς
1226 2450 1287 2503 πολ·

166 2518 207 2573 tol
225 2520 410 2589 όιεφθάρησαν
430 2518 477 2576 ΟΕ

222 2680 367 2742 δίκιίνσις
386 2680 422 2751 Ι),
442 2696 518 2737 corr.
538 2681 590 2741 Dw
662 2683 679 2737 6
697 2682 879 2752 ἀρτοπρατίανν
896 2680 977 2737 ARw
1019 2680 1084 2737 cod.
1098 2680 1187 2739 Goisl.
1200 2680 1287 2737 Cedr.

223 2751 364 2822 (Scyllia.)
376 2753 404 2807 ll
414 2770 442 2824 p.
453 2754 514 2823 371,
526 2753 568 2822 14,
581 2754 777 2823 dorostorensem
786 2752 864 2822 Dlii,
876 2770 904 2808 v.
915 2755 955 2809 ad
995 2753 1034 2808 lv
1044 2754 1115 2823 222
1186 2754 1287 2811 ἵίκεί·

196 2860 199 2866 -
221 2844 269 2879 κου
288 2823 312 2880 0
397 2826 414 2880 8
432 2826 541 2896 ἔβαλλον
560 2826 665 2895 (ἔβαλον
675 2824 709 2891 Β)
728 2825 796 2880 κατὰ
814 2833 860 2880 τοῦ
878 2834 1036 2894 κρατοῦντος
1055 2824 1079 2880 O
1163 2826 1181 2879 9
1198 2826 1287 2879 ἔπλατ-

222 2916 266 2950 τον
285 2895 312 2949 D
413 2898 447 2950 10
465 2897 641 2967 κατέστρωται
661 2896 685 2951 Ο
786 2899 819 2951 11
839 2918 866 2951 τε
885 2913 942 2952 om.
961 2895 986 2951 0
1088 2898 1243 2965 πορφύρεον
1262 2896 1287 2952 Ο

225 2968 258 3021 12
275 2968 381 3021 πολλῶν
400 2967 435 3035 D¹
454 2969 568 3022 πσλιτῶν
589 2984 664 3023 corr.
684 2967 736 3027 Dw
844 2969 1018 3023 antelmius
1037 2968 1106 3022 add.
1125 2975 1180 3021 τῶν
1197 2967 1224 3021 D

225 3039 258 3092 13
275 3046 343 3109 post
361 3040 524 3109 titulatarum
543 3040 613 3093 add.
631 3040 677 3095 καί
696 3040 863 3110 ἀπεσόβησαν
881 3040 961 3096 OWo
980 3039 1030 3093 lat.
1128 3039 1163 3092 14
1179 3040 1287 3109 περιβα·

221 3110 309 3170 λόντες
328 3111 586 3181 (mortalitatem,
606 3126 681 3166 corr.
697 3110 798 3177 Dw)O
871 3111 913 3164 14.
928 3111 962 3165 15
979 3111 1058 3179 μέχρι
1076 3116 1130 3163 τῶν
1145 3112 1287 3180 βασιλείων

222 3182 373 3253 προήγαγον
386 3183 467 3237 0Wo
480 3182 539 3245 lat..
560 3184 623 3251 ἄχρι
642 3190 687 3237 τοῦ
705 3184 831 3237 καλατίου
849 3182 1024 3251 προέπεμψαν
1043 3179 1129 3237 Codr.
1143 3180 1286 3251 (Scyllia.)

223 3252 252 3307 Il
271 3270 299 3323 p.
318 3254 379 3321 371,
400 3254 433 3309 19
506 3256 539 3307 16
558 3255 691 3309 όιεθέῦοτο
710 3253 785 3324 pr
859 3255 892 3310 lt
910 3254 1043 3322 ἀμυνεῖται
1062 3252 1186 3307 αῦτόνΟ

169 3434 253 3489 tione
273 3448 341 3488 cum
360 3449 473 3504 magno
493 3448 647 3488 murmure
666 3438 696 3489 et
721 3433 852 3487 tumultu
870 3434 949 3487 inter
968 3448 1001 3487 se
1026 3430 1287 3501 congrederentur

169 3510 199 3560 et
216 3506 370 3574 utrimque
389 3506 504 3575 aliquot
520 3506 577 3559 viri
596 3504 749 3559 caderent.
787 3504 853 3569 Quo
872 3509 944 3558 ante
963 3503 1092 3559 reditum
1111 3504 1193 3574 regis
1217 3504 1314 3559 tivi-3

170 3578 227 3631 bue
246 3578 393 3644 nuntiato,
421 3578 583 3631 temeraria
603 3576 688 3646 plebs
707 3578 737 3629 in
757 3576 897 3631 cohortes
917 3576 1096 3645 plerumque
1117 3575 1215 3629 divisa
1234 3573 1287 3629 Ar·

169 3649 285 3703 rnenios
302 3647 474 3715 redeuntes,
504 3649 623 3702 obviam
651 3662 784 3718 egressa,
813 3647 945 3701 fustibus
964 3647 1113 3702 caedebat
1133 3652 1164 3701 et
1188 3647 1314 3716 ipsum4

169 3734 273 3790 rogem
287 3720 345 3773 iam
359 3720 390 3773 in
404 3720 502 3773 lorum
517 3720 676 3789 panarium
691 3734 885 3789 progressum
898 3718 1065 3773 maledictis
1081 3718 1287 3773 insectabatur

170 3800 298 3860 ortoque
318 3790 497 3845 tumultuet
517 3805 668 3845 concursu
688 3792 769 3844 lacto
789 3798 820 3844 et
838 3790 970 3845 elamore
987 3789 1117 3855 sublato,
1144 3789 1195 3843 alii
1214 3790 1287 3859 lapi·

169 3862 260 3917 dibus
273 3878 376 3932 regem
396 3868 511 3931 petunt,
531 3862 581 3915 alii
595 3862 751 3931 pulverem
766 3861 796 3916 in
816 3876 885 3915 eum
904 3866 1052 3931 spargunt
1072 3865 1102 3915 et
1120 3858 1286 3915 maledictis

168 3934 321 4003 usquein
345 3934 444 3988 forum
470 3933 596 4003 lapideis
621 3932 732 3987 tabulis
759 3937 885 3987 suatum
914 3936 1147 4002 prosequuntur,
1174 3933 1206 3986 in
1225 3944 1286 3999 quo

169 4006 310 4061 columna
323 4004 455 4060 rotunda
468 4005 682 4075 porphyretica
701 4005 759 4058 sita
777 4008 831 4058 est,
868 4002 913 4058 Ao
931 4004 988 4058 nisi
1008 4002 1131 4072 quidam
1144 4018 1183 4057 ex
1196 4000 1314 4057 hono-5

169 4076 333 4133 ratioribus
346 4076 464 4130 civibus
477 4090 552 4147 rege
563 4077 622 4129 illie
641 4080 782 4145 suscepto
800 4076 983 4129 insectantes
997 4090 1065 4129 eum
1079 4080 1109 4129 et
1127 4072 1287 4128 maledieta

169 4150 344 4218 ingerentes
368 4147 513 4216 nulloque
539 4147 645 4201 ordine
671 4147 890 4201 tumultuantes
911 4147 1125 4216 repressissent
1142 4145 1288 4213 illumque

170 4234 284 4273 corona
308 4220 441 4273 cinctum
466 4234 534 4273 cum
555 4219 664 4272 faustis
686 4218 955 4271 acclamationibus
977 4219 1009 4270 in
1033 4216 1151 4286 regiam
1171 4231 1288 4270 servas·

169 4296 245 4359 sent,
264 4290 392 4345 fortasse
411 4305 555 4359 magnum
576 4288 728 4358 quoddam
748 4289 862 4343 malum
883 4290 1053 4343 exstitisset.
1091 4286 1165 4341 Inde
1184 4287 1314 4341 rumoril

170 4364 323 4417 emanavit
351 4362 433 4429 regis
462 4362 536 4415 iram
565 4360 644 4415 ludis
668 4361 860 4429 equestribus
883 4361 913 4413 in
933 4359 1037 4430 populi
1055 4358 1201 4413 ultionem
1220 4372 1287 4412 eru·

170 4442 299 4507 piuram.
336 4432 500 4503 Aliquanto
520 4432 614 4503 igitur
633 4438 701 4504 post
721 4446 788 4488 oum
809 4437 962 4487 certamen
981 4436 1122 4502 equestre
1136 4430 1313 4501 enesaunt
