3050 4775
340 473 628 537 meaosotmia
665 474 824 538 esttibi
844 475 1106 540 evuaamcvbi.
1229 478 1283 539 563

164 660 304 733 σπονδάς
333 662 389 727 τόν
413 687 446 727 τε
474 664 507 728 ἓν
529 664 758 748 Ἰεροσολύμοις
789 664 876 746 ναόν,
910 666 943 729 ἕν
969 663 999 748 qi
1024 664 1061 730 τδ
1086 670 1143 729 τοῦ
1170 665 1282 749 κυρίου

162 770 282 848 μνῆμα,
305 767 521 849 κατηρείπωσε
543 768 655 831 καὶτὰ
679 769 746 832 ἐκεῖ
763 770 967 852 μοναστήρια.

249 866 289 931 Ὁ
309 868 344 932 δὲ
358 869 502 951 βασιλεὺς
517 875 658 953 συνεχῶς
672 878 710 954 τῇ
725 870 908 955 Βουλγαρίᾳ
930 872 1141 955 προσβάλλων
1164 871 1310 935 ἐκάκουν

163 970 277 1053 ταύτην
308 971 362 1034 καλ
393 972 541 1055 ἐκεράϊζε.
585 972 631 1055 μὴ
663 973 839 1055 δυνάμενος
868 974 903 1037 δέ
925 997 960 1055 γε
983 974 1001 1035 δ
1024 974 1180 1057 Σαμουὴλ
1202 973 1310 1037 ἀντι-3

137 1073 405 1155 ῦπαρατάξασδαι
426 1082 473 1156 τῷ
495 1080 560 1139 τῶν
576 1075 745 1157 Ῥωμαίων
768 1076 971 1159 στρατεύματι
992 1077 1124 1160 τάφροις
1144 1076 1200 1146 τάς
1223 1077 1283 1140 εἰσ-

164 1173 261 1246 όδους
284 1175 465 1239 ἀποκλεῖσαι
487 1179 575 1260 αὐτῷ
597 1178 785 1260 ἐπεχείρησε,
812 1177 868 1249 τάς
892 1178 1071 1260 δυσχωρίας
1094 1178 1284 1261 δποφράξας

165 1277 350 1359 οἰκοδομαῖς
377 1278 430 1341 καλ
453 1278 599 1361 φύλακας
622 1281 787 1363 ἐπιστήσας
810 1282 927 1351 αι’παῖς.
974 1278 1050 1363 ἧκεν
1073 1278 1130 1344 οὖν
1153 1280 1171 1344 δ
1194 1283 1311 1364 βασι-4
1325 1288 1353 1341 D

163 1376 233 1449 λεδς
256 1376 350 1450 αὖθις
372 1380 426 1443 καὶ
448 1382 594 1465 ἐβιάσατο
616 1382 675 1465 μὲν
697 1383 753 1466 τὴν
768 1382 922 1466 πάροδον,
947 1384 1154 1467 ἀπεκρούσθη
1171 1383 1205 1447 δὲ
1220 1388 1284 1449 τῶν

164 1482 319 1563 φυλάττων
341 1484 580 1568 άνδισταμένων
602 1487 890 1570 ἐρρωμενέστερον·
915 1487 996 1570 πλὴν
1019 1488 1079 1550 οὐκ
1097 1488 1213 1569 ἀπέστη
1229 1491 1310 1569 stige

121 1594 156 1647 10
165 1585 381 1667 ἐγχειρήσεως,
414 1582 479 1650 ἀλλ’
508 1587 603 1659 αὐτὸς
629 1589 689 1671 μὲν
714 1590 907 1672 προσέμενεν
934 1591 975 1653 ἔτι
1000 1590 1197 1671 πειρώμενος
1227 1594 1284 1652 τοῦ

166 1686 332 1770 δράματος,
364 1689 552 1773 έκπέπομφε
584 1691 618 1754 δὲ
650 1696 715 1755 τῶν
746 1698 930 1774 στρατηγῶν
961 1694 1014 1756 ἕνα
1041 1689 1119 1773 μετὰ
1145 1696 1201 1753 τοῦ
1228 1685 1282 1753 ὑπ’

164 1787 260 1853 αὐτὸν
281 1790 438 1874 τάγματος
461 1794 618 1876 ἑτέρωθεν
639 1795 752 1875 ποδεν,
776 1796 805 1858 εἰ
824 1795 950 1859 δύναιτο
964 1794 1137 1877 περιελθεῖν
1153 1792 1206 1856 καὶ
1220 1817 1283 1875 μη-

164 1893 366 1976 χανήσασθαί
384 1917 412 1957 τι
433 1894 515 1977 πρὸς
536 1896 593 1977 τὴν
616 1897 772 1961 διέλεοσιν.
820 1897 839 1959 δ
863 1896 897 1960 δὲ
913 1893 952 1961 δι’
971 1897 1059 1978 δρῶν
1081 1896 1135 1959 καὶ
1158 1896 1310 1978 δυσχω-6

165 1997 244 2076 ριῶν
274 1995 402 2060 πολλῶν
430 1997 567 2061 διελθὼν
592 1999 646 2062 καλ
671 1998 745 2071 τοὺς
772 1999 980 2082 Βουλγάροος
1005 1999 1118 2063 tudda
1145 1999 1284 2081 ἐμπίπτει

120 2106 155 2161 15
166 2096 245 2159 κατὰ
267 2098 372 2162 νώτου
394 2106 458 2170 τοῖς
479 2106 536 2165 τοῦ
564 2101 720 2183 ἐρύματος
748 2102 891 2185 φύλαξιν,
924 2105 958 2165 οἲ
981 2108 1027 2185 τῷ
1054 2100 1170 2183 ἀδράῳ
1197 2124 1283 2183 περι-

166 2199 245 2270 δεεῖς
271 2201 431 2282 γεγονότες
459 2203 563 2266 οὐκέτι
589 2210 645 2286 τῆς
671 2204 816 2288 φυλακῆς
837 2204 1020 2288 ἐφρόντιζον
1041 2210 1097 2267 τοῦ
1121 2208 1283 2286 φραγμοῦ,

165 2298 230 2364 ἀλλ’
255 2303 346 2374 ὅπως
368 2303 457 2368 αὐτοὶ
485 2304 540 2369 τὸν
567 2305 703 2389 ὄλεθρον
731 2307 939 2389 φυλάξωνται
957 2306 1029 2390 περὶ
1055 2306 1197 2369 πλείστου
1226 2304 1283 2368 ἐτί-

164 2405 266 2468 θεντο.
311 2406 379 2469 τότε
406 2407 445 2490 δὴ
474 2407 580 2478 ἀδείας
611 2408 646 2471 τδ
671 2408 850 2492 Ῥωμαικὸν
879 2411 1077 2493 δραξάμενον
1108 2409 1309 2491 στράτευμαλ
1365 2403 1368 2414 ’

165 2507 294 2590 ῥήγνυσι
326 2508 380 2572 τδν
408 2508 560 2592 φρογμδν
586 2510 639 2574 καὶ
668 2512 754 2576 δίεισι
780 2511 835 2575 καὶ
864 2511 971 2576 διώκει
993 2513 1047 2576 καὶ
1068 2511 1204 2582 πολλοὺς
1225 2511 1443 2594 μένΡ11226Α

165 2718 183 2772 3
205 2719 254 2773 δσα
275 2719 304 2773 ἐν
328 2720 479 2790 Βοολγσρλφ
508 2721 676 2791 (βσολγάροις
695 2722 729 2788 Ε)
757 2721 877 2791 ἐποίησιν
900 2725 916 2776 δ
937 2723 1059 2794 βασιλεὺς
1081 2724 1218 2783 Βασίλεισς
1237 2721 1284 2778 ΟΕ

166 2790 184 2843 9
201 2791 275 2850 ὅπως
293 2791 353 2851 τοὺς
372 2791 510 2861 φραγμοὺς
529 2801 583 2846 τῶν
602 2794 674 2861 δρῶν
691 2794 817 2848 καθεῖλεν
835 2796 851 2848 δ
867 2794 990 2864 βασιλεὺς
1008 2796 1054 2850 καλ
1067 2797 1104 2855 εἰς
1117 2795 1284 2863 Βουλγαρίσν

164 2862 356 3004 milii?
376 2865 459 2928 (ὅπως
476 2863 535 2924 τοὺς
546 2894 578 2903 -
589 2865 669 2935 εἶσέβ.
688 2865 733 2920 καλ
753 2881 810 2921 om.
831 2867 864 2932 Ε)
882 2867 943 2935 περὶ
961 2875 1006 2937 τῆς
1025 2869 1142 2936 τελευτῆς
1163 2873 1209 2920 τοῦ
1228 2867 1284 2920 Σα-

221 3129 272 3183 ti
290 3127 319 3184 τδ
328 3137 421 3200 μνῆμα
430 3138 475 3186 τοῦ
484 3132 691 3200 χριστοῦΟλλῙο
702 3132 752 3188 lat.
823 3133 992 3203 4γεοῐῐι.Ι)
1066 3131 1283 3198 devastavere,

220 3216 297 3255 corr.
317 3200 363 3262 Ow
444 3203 630 3273 ε’πεχείρισεΟ
712 3205 747 3258 10
764 3205 930 3274 ἔγχειρίσεως
949 3205 976 3258 D
1059 3206 1088 3258 ll
1111 3205 1156 3258 ἕνα
1176 3219 1232 3258 om.
1253 3203 1284 3270 C,

221 3272 290 3326 add.
310 3272 356 3332 Οτι
429 3275 463 3328 12
480 3276 694 3344 ἓτερωδέπσυδεν
712 3276 786 3346 Ewp
864 3277 1066 3348 μηχανήσεσδαι
1086 3275 1113 3328 D
1187 3274 1222 3328 14
1239 3275 1285 3330 καλ

220 3343 313 3398 λαθὼν
331 3344 391 3404 τοὺς
408 3346 573 3416 βουλγάρσνς
591 3346 673 3417 Eup,
694 3362 751 3401 om.
771 3346 798 3399 D

167 3548 380 3619 solymitanum
404 3550 555 3620 tempium,
583 3551 614 3604 in
639 3566 700 3620 quo
723 3551 837 3606 domini
856 3551 1036 3622 sepulerum,
1065 3557 1095 3609 et
1120 3553 1199 3608 illius
1225 3552 1284 3607 loei

167 3623 351 3676 monasteria
372 3621 529 3676 destruxit.

256 3693 295 3746 At
314 3709 369 3748 rex
382 3691 557 3762 Buigariam
572 3694 686 3748 crebris
698 3695 947 3764 impressionibus
966 3695 1106 3749 vastabat
1119 3700 1149 3750 et
1162 3695 1310 3764 urebat32

168 3765 217 3817 eui
230 3778 297 3817 eum
309 3763 430 3820 Samaei
443 3765 510 3819 aeis
522 3766 662 3820 resistere
675 3781 736 3819 non
750 3769 860 3835 posset,
879 3781 1003 3834 operam
1017 3767 1117 3834 dabat,
1137 3773 1170 3821 ut
1183 3766 1310 3820 aditus3

167 3837 255 3904 regni
275 3837 302 3889 ei
322 3838 410 3890 fessis
429 3835 528 3891 ductis
546 3836 720 3891 secluderet
738 3844 768 3891 et
782 3839 940 3906 angustias
959 3837 1094 3892 locorum
1108 3839 1236 3892 castellis
1254 3843 1284 3892 et

168 3908 326 3976 praesidiis
355 3913 527 3976 occuparet.
564 3907 630 3962 Rex
653 3914 755 3962 autem
778 3909 887 3962 iterum
914 3923 1079 3978 aggressus
1102 3912 1132 3964 vi
1155 3925 1209 3977 per
1233 3907 1310 3963 arr-4

168 3979 286 4047 gustias
311 3980 393 4032 faeta
415 3980 471 4033 etsi
495 3980 608 4033 virtute
630 3979 899 4048 praesidiariorum
922 3981 1071 4049 repulsus,
1099 3987 1198 4034 tamen
1218 3979 1309 4033 coe-5

168 4050 227 4118 ptis
252 4065 313 4103 non
333 4049 454 4116 destitit,
483 4049 536 4103 sed
555 4051 721 4118 permansit
739 4051 870 4104 subinde
889 4050 1045 4104 castellum
1064 4054 1191 4115 tentans,
1220 4064 1282 4103 uno

168 4135 208 4174 ex
227 4120 356 4174 ducibus
375 4135 443 4174 euni
462 4136 518 4174 suo
537 4122 674 4175 exercitu
693 4122 793 4187 misso,
812 4123 836 4175 si
849 4123 968 4190 uspiam
981 4121 1052 4174 aiibi
1066 4134 1120 4188 per
1138 4120 1283 4190 ambages

168 4192 337 4261 ingressum
357 4193 477 4261 aperire
496 4198 606 4260 posset.
643 4191 671 4245 is
691 4207 745 4261 per
764 4197 882 4246 mentes
900 4193 1071 4260 multasque
1095 4190 1310 4246 difficultatesss

168 4261 309 4332 Balgaris
334 4263 469 4332 deceptis
492 4265 647 4332 ingressus
670 4279 690 4316 a
713 4269 801 4332 tergo
824 4264 854 4316 in
874 4262 1087 4333 praesidiarios
1109 4263 1203 4328 irruit,
1232 4265 1284 4330 qui

169 4349 202 4387 re
214 4335 314 4388 subite
328 4335 479 4404 perterriti
492 4349 553 4387 nen
572 4337 632 4388 iam
652 4335 690 4388 de
709 4335 877 4388 munitione
895 4335 1018 4402 tuenda,
1038 4334 1090 4387 sed
1105 4333 1143 4388 de
1161 4335 1284 4387 interitu

169 4405 293 4459 vitando
307 4405 497 4460 laborabant.
519 4405 564 4459 Ibi
575 4406 728 4459 Romanus
741 4406 895 4460 exereitus
907 4406 989 4460 nullo
1004 4406 1182 4476 probibente
1195 4406 1311 4475 rupta'i

169 4479 335 4532 munitione
347 4478 455 4532 transit
468 4477 629 4545 hostesque
643 4484 821 4547 persecutus
832 4477 940 4532 inuitos
951 4479 1067 4545 oceidit,
1081 4479 1182 4548 plures
1196 4479 1284 4548 capit,
