3050 4775
263 414 317 475 718
547 413 803 477 terranem.
823 414 923 477 XVIII
943 420 984 489 18,
1002 412 1099 477 4-12.

235 608 254 663 4
348 601 389 666 ‘0
409 602 515 685 μέντοι
537 602 746 686 Βοιανειάτης
774 604 809 667 ἔκ
840 602 1007 687 θιαφόρων
1035 606 1135 686 γενῶν
1163 600 1266 683 έσυτῳ
1293 623 1382 683 περι-

262 704 476 787 ποιησάμενος
489 704 630 788 τάγματα
645 705 699 769 καλ
717 704 881 788 Τούρκους
895 705 1166 789 προσηταιρίσατο,
1189 700 1237 768 ὧν
1252 703 1384 787 ἐξῆρχεν

263 805 282 868 ὁ
307 805 541 889 Κοντλουμοῦς,
573 812 638 871 τῶν
660 806 748 890 παρά
770 807 912 891 Πέρσαις
933 810 1098 893 τυγχάνων
1120 812 1313 890 περιφανῶν,
1346 808 1385 877 ὃς

262 916 309 991 τῷ
335 909 498 992 σουλτάνῳ
520 910 600 973 κατὰ
624 912 713 993 γένος
734 914 910 995 προσήκων
932 912 1003 995 περὶ
1024 918 1079 995 τῆς
1102 911 1202 994 ἀρχῆς
1225 910 1313 992 αὐτῷ
1336 909 1383 972 άι-

236 1012 402 1093 ὃεφέρετο,
435 1012 489 1075 καὶ
510 1012 592 1094 πρὸς
613 1013 773 1095 πολέμους
796 1014 857 1097 ἤθη
885 1020 1000 1097 χωρεῖν
1030 1014 1245 1096 ἡτοιμάζοντο.
1290 1017 1413 1075 τοῦτοὸ

261 1120 309 1195 τῷ
330 1114 449 1197 χαλιφᾷ
471 1115 622 1197 ἁγγελθέν
646 1112 752 1198 (οὗτος
776 1116 810 1181 δὲ
832 1113 907 1199 παρ’
926 1116 1031 1187 αὐτοῖς
1052 1114 1313 1198 ὑπερβαλλόντως
1334 1138 1383 1177 τε-

262 1217 394 1299 τίμηται,
426 1217 474 1288 ὡς
502 1218 538 1281 ἔκ
566 1223 621 1281 τοῦ
651 1218 761 1300 γένους
784 1220 839 1279 τοῦ
863 1215 1058 1298 Μουχούμετ
1079 1214 1271 1295 κατάγεσθαι
1292 1236 1383 1295 νομι-

263 1318 408 1402 ζόμενος)
442 1322 485 1391 είς
513 1321 652 1403 ἀγωνίαν
679 1319 824 1402 ἐνέβαλεν
853 1319 902 1382 ἵνα
928 1317 975 1401 μὴ
1002 1314 1078 1401 παρ’
1103 1316 1207 1387 αὐτοῖς
1230 1314 1385 1399 ἐμφύλιος

237 1424 386 1505 6γένηται
415 1423 564 1505 πόλεμος.
609 1424 720 1487 αὐτίκα
748 1422 851 1486 τοίνυν
878 1422 908 1485 εί
931 1422 985 1484 καί
1007 1427 1062 1503 τῆς
1084 1420 1200 1491 οἰκείας
1223 1418 1385 1502 διατριβῆς

226 1535 253 1588 Ι)
262 1524 308 1607 μὴ
333 1526 443 1599 ἐξιέναι
464 1534 512 1609 τῷ
534 1526 654 1609 χαλιφᾷ
675 1526 758 1609 μηάὲ
775 1522 970 1608 δημοσιεύειν
985 1522 1169 1606 νενόμισται,
1193 1522 1311 1592 ἐκεῖνος
1326 1526 1383 1584 τοῦ
1394 1534 1432 1588 10

264 1629 361 1698 ἔθους
382 1630 628 1713 καταφρονήσας
651 1631 740 1703 ἔξεισι
758 1629 813 1692 καὶ
828 1628 928 1691 άττεισι
943 1626 1025 1711 πρὸς
1039 1625 1112 1697 τοὺς
1126 1625 1198 1708 περί
1211 1631 1266 1708 τῆς
1282 1624 1385 1707 ἀρχῆς

264 1730 477 1813 άντερίξοντας
487 1731 541 1794 καί
555 1732 657 1795 πείθει
671 1732 801 1801 τούτους
816 1738 870 1813 τῆς
885 1729 944 1813 μὲν
958 1730 1065 1813 μάχης
1080 1729 1261 1812 ἀφέξεσθαι,
1276 1726 1332 1791 τὸν
1347 1726 1384 1791 δὲ

264 1832 396 1896 σουλτὰν
419 1834 498 1915 ἔχειν
525 1833 585 1915 μὲν
611 1834 668 1917 τὴν
694 1834 812 1896 οἰκείαν
841 1832 943 1916 ἀρχὴν
970 1832 1275 1914 άνακρωτηρίαστον,
1308 1852 1383 1893 συν-

264 1936 404 2016 άρασθαι
428 1935 462 1999 άέ
484 1943 530 2017 τῴ
553 1942 695 2018 συγγενεῖ
713 1936 879 2008 παντοίως,
903 1935 937 1999 ἐν
958 1935 1140 2017 κατασχέσει
1156 1933 1300 2016 γενέσθαι
1315 1932 1424 2016 poi-D
1439 1940 1500 1995 iv

237 2048 254 2103 i
264 2060 324 2120 ρας
335 2036 514 2121 Ῥωμαϊκῆς
536 2040 591 2102 καλ
612 2039 725 2121 ταύτης
748 2038 862 2121 ἄρχειν.
909 2036 959 2100 ἐπὶ
974 2036 1093 2107 τούτοις
1109 2036 1288 2120 γενομένων
1303 2035 1384 2099 ἐκεί-
1396 2046 1433 2101 15

264 2163 330 2211 νοις
352 2142 552 2223 συμβάσεων,
575 2141 839 2223 ὁΚουτλουμοῦς
861 2141 904 2211 είς
923 2139 980 2223 τῆν
994 2137 1058 2203 ὑπὸ
1070 2138 1248 2221 Ῥωμαίους
1262 2138 1384 2220 ἐγένετο

238 2243 318 2308 8καλ
340 2243 407 2306 τότε
433 2250 481 2325 τῴ
504 2242 692 2326 Βοτανειάτγγ
721 2242 986 2327 συνεστρατεύετο.
1032 2242 1116 2325 έχων
1149 2238 1206 2305 οὗν
1238 2238 1384 2323 στρατιάν

266 2439 281 2493 1
300 2440 339 2492 ὅτι
357 2439 441 2507 (ἄταις
454 2439 488 2502 Ε)
508 2440 536 2493 ολ
549 2440 662 2508 Τοῦρκοι
681 2438 725 2500 τάς
740 2436 892 2508 Ῥωμαϊκὰς
910 2437 1039 2506 κατέσχον
1057 2435 1148 2506 χώρας
1166 2435 1195 2492 έν
1213 2443 1246 2507 τῇ
1263 2435 1318 2504 ἑῴα
1336 2435 1384 2488 καί

265 2510 436 2580 ᾠκειώσαντο
455 2510 503 2566 ΟΕ

319 2686 335 2739 1
353 2685 528 2754 ποιησάμενος
546 2682 570 2737 Β
665 2685 683 2739 3
701 2683 882 2754 κουτλουμοῦς
900 2683 928 2738 Α
946 2682 1065 2754 Scylitz.
1085 2699 1114 2754 p.
1134 2682 1195 2752 732,
1214 2682 1238 2750 6,
1258 2681 1384 2736 κουτλου·

317 2756 384 2826 μούς
397 2754 524 2826 prDi,
542 2755 759 2824 κουλτουμούςῦ
831 2755 849 2810 4
867 2755 978 2811 σουλτὰν
991 2755 1074 2826 pr,
1093 2754 1241 2810 σουλτᾶνΕ
1304 2773 1384 2821 προς·

319 2830 397 2899 ήκων
415 2825 541 2898 prDi,
559 2836 694 2897 προςῆιιον
706 2828 733 2881 Α
805 2827 823 2882 5
841 2826 1030 2897 ῆτοιμάζετοΕ
1102 2827 1119 2881 6
1138 2823 1299 2896 άπαγγελθὲν
1308 2825 1383 2894 Ewp

354 2897 1264 3025 ιι
1278 2912 1384 3036 τε

318 3043 544 3168 σου
598 3043 703 3166 ευ
1029 3040 1059 3168 ε
1077 3041 1265 3168 τινα
1283 3039 1374 3165 e·

318 3188 393 3240 κείαν
407 3129 526 3240 ossfptssp
573 3135 792 3254 dnpmrgyp'l‘ozsor
805 3135 836 3254 C‘,
850 3129 999 3243 οίπεέλῦιέ.
1019 3129 1037 3167 a
1058 3185 1092 3239 14
1110 3185 1139 3238 δὲ
1152 3132 1384 3266 ρύεῐμυγγενεῐοέέ

353 3259 458 3316 πάντως
478 3255 530 3309 BD
603 3256 637 3311 16
656 3256 882 3326 κουτλουμοῦςΑ,
901 3255 1082 3325 κουτλουμοίις
1101 3255 1240 3325 Βῦττμῦτ,
1258 3255 1384 3308 κουτουλ·

318 3327 591 3471 ἕὲῆὲνθῂῆτλουμούς
609 3327 645 3397 Ι),
663 3329 827 3398 κουτλουμύς
847 3329 879 3397 Ε,
899 3345 927 3383 v·
947 3327 987 3384 ad
1006 3344 1050 3383 vs.
1069 3329 1087 3383 3
1188 3327 1221 3382 li
1240 3327 1296 3380 τότε
1314 3331 1385 3396 post

238 3563 256 3618 4
355 3561 496 3617 Ceterum
514 3561 690 3617 Botaniatea
708 3561 881 3632 legionibus
901 3577 918 3617 e
938 3561 1065 3617 diversis
1083 3561 1227 3630 gentibus
1247 3559 1385 3615 conflatis

266 3634 356 3687 etiam
375 3633 493 3688 Turcoa
511 3635 568 3688 sibi
588 3634 769 3702 conciliavit,
788 3648 918 3704 quorum
937 3633 1001 3688 dux
1020 3638 1086 3688 erat
1104 3631 1270 3699 Cutlumua,
1289 3631 1386 3686 Perea

265 3705 396 3772 illustris,
417 3706 469 3773 qui
488 3721 557 3759 oum
575 3705 704 3773 sultano,
727 3707 776 3759 cui
794 3721 909 3774 genere
927 3711 993 3759 crat
1011 3705 1210 3776 propinquus,
1229 3703 1268 3758 de
1287 3719 1384 3773 regno

238 3777 483 3845 &contendebam
501 3779 624 3846 iamque
643 3775 683 3830 ad
702 3791 787 3830 arma
800 3793 848 3832 rea
861 3777 1026 3846 spectabat.
1063 3775 1097 3830 Id
1112 3776 1276 3845 chaiiphae‚
1297 3776 1385 3828 cuius

266 3848 350 3918 apud
374 3848 441 3901 iilos
468 3849 602 3902 maxima
629 3853 674 3903 est
699 3850 873 3916 auctorItae,
901 3852 935 3902 nt
961 3849 1012 3916 qui
1031 3863 1050 3901 a
1068 3845 1260 3902 Muehumeto
1284 3851 1386 3901 ortum

266 3935 386 3974 sumere
417 3924 548 3989 putetur,
585 3935 731 3988 magnum
764 3920 899 3974 dolorem
935 3920 1042 3986 attulit,
1079 3918 1161 3988 quod
1192 3919 1271 3974 Inter
1301 3919 1386 3988 ipsos

238 3990 345 4046 ssbella
364 3992 465 4045 civilia
484 3994 585 4046 essent
604 3992 728 4045 oritura.
766 3991 912 4054 Quamvis
930 3991 1025 4061 igitur
1042 3991 1134 4045 moris
1154 4007 1216 4045 non
1235 3996 1322 4057 esset,
1350 3995 1386 4044 ut

266 4078 322 4118 ano
342 4062 408 4117 loco
428 4062 592 4118 excederet
611 4067 641 4117 et
660 4063 691 4117 in
710 4063 833 4133 publico
853 4068 1035 4130 versaretur,
1058 4067 1160 4117 tamen
1179 4063 1228 4116 ilie
1246 4063 1385 4116 instituto

266 4135 406 4205 neglecto
425 4134 465 4188 ad
484 4149 537 4189 eoa
555 4134 628 4201 abii,
655 4135 706 4203 qui
726 4134 764 4188 de
783 4149 880 4204 regno
899 4133 1069 4203 litigabant,
1094 4133 1193 4203 iisque
1212 4133 1386 4204 persuadet,

266 4211 300 4260 ut
329 4208 438 4260 omisso
469 4205 549 4260 bello
580 4205 720 4260 sultanuo
749 4206 953 4275 principatum
984 4219 1072 4260 suum
1100 4209 1204 4260 teneat
1231 4207 1386 4274 integrum

266 4284 462 4348 cognatoque
484 4277 564 4332 omni
584 4291 642 4346 ope
661 4284 783 4345 praesto
802 4278 849 4345 ait,
868 4283 902 4331 nt
915 4276 1058 4331 Romanis
1072 4277 1236 4347 provinciis
1251 4276 1387 4331 subactis

239 4351 401 4420 iimperet
448 4348 564 4414 Quibus
592 4347 785 4417 pactionibus
813 4348 938 4402 firmatis
967 4347 1124 4404 Cntlumuc
1150 4348 1318 4404 Romanam
1345 4347 1387 4400 di-

239 4422 379 4478 8tioncm
399 4421 556 4491 ingressus
573 4417 754 4474 Boioniatae
775 4435 898 4491 operam
917 4424 1019 4489 navat,
1049 4421 1101 4492 qui
1124 4421 1212 4476 iustis
1230 4420 1324 4491 copiis
1344 4419 1387 4473 in-
