3050 4775
394 438 590 499 DIOGENES
608 440 795 501 VINCITVR
815 440 840 497 Α
859 438 1006 500 uineis,
1205 441 1257 501 tol

140 623 267 690 δόντων
289 629 354 690 τῶν
376 625 524 690 ἐναντίων
546 626 634 709 αὐτῷ
657 626 825 709 διαρπαγῇ,
858 627 940 709 ἔγνω
962 624 1018 710 τὴν
1040 624 1147 710 μάχην
1169 626 1259 690 λῦσαι

0 752 3 785 t
23 727 194 799 weisunt
216 728 423 802 ἐπαναζεῦξαι
444 728 515 811 περὶ
537 728 591 792 τδν
613 728 748 812 χάρακα.
795 729 983 811 ἐπιστρέψας
1012 727 1069 793 οὖν
1090 728 1147 812 τήν
1168 729 1258 811 βασι·
1270 732 1304 788 10

140 830 230 913 λυτήν
257 831 395 914 σημαίαν
423 830 518 901 αὐτός
539 827 565 894 τ’
589 831 716 916 ἐπανῄει
742 832 797 895 καί
824 838 862 915 τῇ
890 839 1015 915 στρατιᾷ
1041 832 1135 897 ταύτὸ
1161 836 1260 897 ποιεῖν

141 933 344 1015 διεσήμαινεν.
390 935 421 998 οῖ
441 933 500 1017 μὲν
523 932 581 998 οὖν
602 935 673 1017 περί
694 934 790 999 αὐτὸν
805 935 891 1005 ὄντες
907 934 1082 1019 ἀθορύβως
1098 937 1260 1001 ἐποιοῦντο
1271 940 1303 995 11

113 1034 176 1101 bui
204 1036 384 1100 κελευσθέν.
430 1037 500 1101 ὅσοι
527 1036 562 1100 δέ
583 1037 698 1120 πόρρω
720 1061 776 1101 ποι
797 1036 853 1107 τὰς
874 1038 1062 1121 παρατάξεις
1085 1038 1259 1122 ἐκέκτηντο,
1271 1044 1306 1098 12

142 1138 249 1222 φυγήν
270 1144 326 1203 τοῦ
349 1139 504 1222 βασιλέως
525 1137 581 1221 τήν
603 1138 809 1223 ὑποστροφὴν
828 1138 1038 1223 άπετόπασαν,
1057 1140 1294 1223 Ἀνδρονίκουῦ

140 1247 198 1305 τοῦ
221 1242 292 1306 υἱοῦ
315 1246 371 1305 τοῦ
394 1240 556 1323 Καίσαρος
579 1241 633 1305 τὸν
654 1242 749 1325 λόγον
771 1242 986 1327 ὑποβαλόντος
1007 1249 1074 1315 ταῖς
1100 1244 1261 1326 φάλαγξιν.

142 1344 189 1407 ἀεὶ
211 1342 273 1427 γάρ
296 1344 316 1407 ὅ
337 1368 369 1407 τε
391 1346 518 1427 Καῖσαρ
540 1344 595 1408 καῖ
617 1346 649 1409 οί
675 1346 788 1409 τούτου
816 1346 891 1416 υίεῖς
917 1345 1097 1429 ἐφήδρευον
1124 1352 1171 1428 τῷ
1201 1346 1260 1427 βα·
1271 1352 1306 1407 13

145 1446 223 1510 σιλεῖ
249 1447 304 1513 καῖ
336 1448 471 1530 ἀφανῶς
502 1447 718 1531 ἐπεβούλευον.
763 1449 845 1533 ἄρας
870 1446 928 1513 οὖν
955 1449 1065 1512 αὐτίκα
1093 1448 1171 1531 μετὰ
1198 1453 1262 1511 τῶν
1271 1454 1307 1511 14

97 1558 132 1612 10
142 1550 214 1633 περὶ
242 1549 338 1615 αὐτὸν
360 1550 599 1633 όἊνδρόνιιιος
633 1550 758 1634 (ἐξῆρχε
785 1551 845 1635 γὰρ
874 1552 934 1616 οὐκ
963 1551 1122 1634 ἐλαχίστης
1148 1552 1262 1634 μοίρας

143 1652 354 1736 στρατιωτῶν)
379 1652 444 1716 dat
466 1654 602 1737 ῥυτῆρος
625 1654 855 1737 ἐπανελήλυθεν
871 1656 914 1725 είς
928 1654 983 1719 τὸν
997 1654 1133 1737 χάρακα.
1171 1658 1306 1717 roduald

143 1754 198 1818 καί
224 1754 297 1826 τοὺς
324 1754 452 1825 λοιποὺς
479 1756 632 1838 ἐτρέψατο
665 1758 708 1827 είς
739 1758 854 1841 φυγήν,
887 1759 944 1827 οὓς
975 1758 1078 1827 οὕτως
1109 1756 1263 1839 ἀκόσμως

143 1858 325 1928 ἐπανιόντας
352 1858 371 1921 ὁ
397 1856 541 1940 βασιλεὺς
569 1859 768 1942 θεασάμενος
795 1861 877 1943 ἔστη,
910 1866 1015 1944 στῆναι
1048 1859 1083 1923 δέ
1114 1859 1168 1923 καί
1199 1864 1263 1930 τοῖς

142 1960 286 2024 ἀπιοῦσιν
320 1960 521 2025 ἐνεκελεύετσ.
576 1958 641 2025 ἀλλ’
671 1962 921 2045 ἐξεκεκώφεισσν
954 1964 1088 2035 ἅπαντες
1121 1962 1175 2026 καί
1208 1968 1263 2045 τῆς
1273 1969 1307 2023 16

96 2069 247 2147 15φυγής
276 2063 315 2126 οὗ
342 2064 498 2145 γωδίεντσ.
544 2064 592 2135 ὡς
619 2064 654 2127 δέ
680 2063 715 2128 τδ
741 2064 925 2148 παράλογον
947 2071 1002 2148 τῆς
1024 2070 1128 2148 φυγῆς
1151 2064 1262 2127 δυστύ-
1274 2073 1307 2129 17
1320 2070 1466 2127 w111225

146 2189 234 2249 χημα
258 2170 323 2229 τῶν
342 2166 511 2249 Ῥωμαίων
536 2165 591 2231 καί
618 2167 740 2251 μήνιμα
767 2168 856 2231 θεῖον
883 2168 1025 2250 ἔγνωσαν
1052 2168 1083 2231 οῖ
1112 2167 1264 2249 πολέμιοι,

145 2267 244 2340 εὐθὺς
276 2269 417 2352 ἐπῆλθον
447 2276 494 2352 τῷ
524 2270 650 2353 βασιλεῖ
695 2270 773 2334 όδέ
798 2269 876 2353 μετὰ
903 2274 969 2334 τῶν
994 2269 1066 2353 περί
1091 2268 1187 2333 αὐτὸν
1208 2268 1264 2351 τήν
1275 2278 1309 2334 18
1326 2277 1354 2332 Ι)

145 2371 253 2456 μάχην
276 2371 412 2447 ἐδέξατο,
435 2372 489 2437 καί
510 2374 603 2457 μέχρι
625 2374 685 2458 μέν
706 2397 788 2444 τινος
811 2374 1004 2458 ἐρρωμένως
1027 2374 1175 2457 ἀντεῖχον,
1201 2372 1263 2438 είτα

142 2480 207 2538 τῶν
229 2475 288 2557 μὲν
310 2475 480 2559 πεσόντων,
505 2477 695 2541 ἑαλωκότων
714 2475 743 2541 δ’
760 2477 887 2559 ἐτέρων,
910 2477 1158 2562 περιεστοιχίσδη
1181 2475 1262 2559 πρὸς

97 2588 134 2643 20
142 2583 206 2642 τῶν
228 2578 405 2662 βαρβάρων
428 2579 447 2641 ὁ
468 2579 629 2663 βασιλεύς·
676 2576 741 2644 ἀλλ’
767 2580 843 2644 οὐδὲ
869 2581 972 2652 οὕτως
995 2580 1140 2644 ἐνέδωκε.
1185 2580 1261 2644 πολ·
1274 2587 1307 2642 19

196 2803 210 2858 1
231 2804 307 2859 λύσαι
327 2803 399 2874 Ewp
471 2804 554 2876 δτήν
572 2805 692 2874 στρατιὰν
711 2806 784 2877 Ewp
856 2806 874 2860 4
892 2805 1086 2877 διεσήμηνενΒ
1158 2805 1263 2860 ἐποίουν

197 2875 292 2930 ODDi
364 2876 381 2931 5
398 2878 555 2945 παρατάξεις
574 2875 676 2948 Apr
695 2879 842 2948 (φάλαγγας
861 2875 981 2948 Scylitz.
1001 2895 1030 2948 p.
1048 2878 1159 2946 698,1)‚
1179 2879 1263 2941 τάξεις

198 2945 265 3002 CDt'
336 2949 354 3002 8
372 2950 469 3018 nolano
488 2947 599 3018 Apr,
619 2958 715 3018 καῖσαρ
734 2948 817 3003 BSDt'
897 2951 948 3004 υίοῖ
967 2949 991 3004 Β
1065 2949 1099 3003 10
1117 2949 1204 3003 αὐτῶν
1224 2965 1262 3004 ex

196 3019 275 3072 αὐτόν
293 3024 366 3073 mut.
386 3020 413 3072 D
485 3021 501 3073 ό
520 3036 577 3074 om.
592 3019 620 3073 D
695 3022 728 3075 13
746 3022 883 3090 ἀτώμενος
896 3023 911 3075 δ
923 3020 1066 3092 κρατῶνΟ
1141 3021 1174 3074 19
1191 3041 1263 3090 περι·

195 3090 340 3160 εστοιχήδη
359 3089 383 3144 Β
455 3090 492 3145 20
509 3091 568 3146 οὐδ’
586 3090 610 3145 Β

143 3306 227 3372 ritus,
246 3321 287 3360 ne
304 3306 343 3361 ab
363 3305 500 3361 hostibus
520 3307 730 3376 diriperentur,
751 3308 863 3362 omissa
881 3322 988 3378 pugrra
1007 3305 1047 3362 ad
1066 3308 1179 3362 vallum
1197 3308 1263 3362 rad-

143 3378 188 3430 ire
207 3377 320 3431 statuit.
358 3377 433 3433 Cum
452 3379 546 3447 igitur
565 3379 651 3448 regio
672 3377 783 3432 vexillo
804 3393 953 3433 converso
979 3381 1127 3434 exercitui
1149 3377 1309 3435 denua-10

143 3449 255 3512 tiaeset,
284 3453 318 3503 ut
336 3449 417 3504 idem
436 3451 559 3516 iaceret,
588 3451 609 3503 ii
629 3451 682 3519 qui
705 3465 800 3519 prope
820 3451 919 3520 ipsum
942 3455 1029 3506 erant
1049 3453 1113 3506 sine
1132 3448 1307 3505 tumuitull

143 3521 227 3574 iussa
245 3525 316 3574 sunt
335 3524 484 3590 exsecuti3
503 3521 557 3575 sed
577 3536 705 3590 quorum
725 3521 847 3578 ordines
866 3521 958 3590 longe
978 3522 1139 3590 distabant,
1167 3519 1309 3577 renes-12

145 3606 211 3645 sum
239 3593 321 3661 regis
350 3593 456 3662 sugam
483 3593 776 3662 interpretantem,
805 3608 842 3646 eo
861 3607 1001 3648 sermone
1020 3594 1059 3647 ab
1077 3592 1262 3661 Andronico,

145 3660 284 3717 Caesaris
301 3663 371 3731 fllia,
391 3664 474 3734 apud
487 3665 655 3733 phalanges
674 3679 789 3734 sparso.
826 3663 951 3733 Semper
965 3665 1044 3718 enim
1058 3663 1170 3720 Caesar
1188 3667 1264 3719 eiua·
1275 3664 1309 3716 13

145 3748 207 3858 Rue
226 3733 278 3787 filii
296 3737 361 3804 regi
383 3736 594 3790 obtrectabant
613 3741 643 3789 et
664 3735 835 3789 clanculum
854 3735 1086 3791 insidiabantur.
1123 3735 1152 3790 Is
1170 3735 1309 3806 igitur14

174 3805 348 3874 ndronieus,
367 3822 436 3861 oum
454 3823 515 3861 non
535 3808 678 3861 minimae
696 3808 850 3861 exercit-us
869 3807 948 3876 parti
963 3807 1135 3876 imperaret,
1163 3809 1264 3862 statim

147 3879 297 3930 eumenis
317 3893 396 3946 equo
415 3880 567 3933 concitato
586 3879 617 3931 in
636 3878 750 3932 vallum
769 3878 867 3946 rediit,
891 3893 971 3947 quae
989 3893 1038 3932 res
1056 3886 1173 3932 cetoros
1193 3876 1309 3947 quo-15

147 3962 207 4016 que
226 3949 257 4001 in
274 3949 382 4019 fugam
395 3951 553 4004 convertit.
591 3948 674 4013 Quos
692 3964 761 4003 oum
776 3951 818 4003 ita
831 3949 1008 4020 perturbate
1021 3950 1133 4003 reverti
1147 3949 1265 4003 videret

146 4033 211 4084 rex,
242 4021 375 4074 substitit
398 4026 428 4075 et
447 4021 595 4075 abeuntes
616 4035 739 4090 quoque
758 4022 897 4075 hortatus
920 4025 974 4086 eat,
1004 4025 1039 4074 ut
1057 4021 1263 4075 subsisterent.

146 4089 207 4145 Sed
235 4091 459 4147 obsurduerant
487 4107 591 4147 ornnes
618 4107 677 4146 neo
698 4093 806 4162 fugam
829 4092 1030 4148 remittebant.
1069 4090 1143 4144 Cum
1163 4091 1362 4148 antemisit

146 4163 248 4216 hostes
265 4165 452 4232 inopinatam
471 4163 676 4218 Romanorum
695 4164 802 4232 fugam
822 4179 861 4218 ex
880 4163 985 4216 divina
1003 4164 1049 4216 ira
1069 4168 1204 4218 coortam
1223 4164 1265 4216 in·

147 4233 333 4302 teiiegerent,
362 4250 465 4304 regem
489 4236 589 4290 statim
613 4236 800 4289 invaserunt.
838 4235 867 4288 Is
893 4250 965 4288 vero
990 4248 1058 4288 oum
1078 4235 1140 4289 suis
1160 4248 1265 4304 pugna
1276 4235 1310 4288 18

147 4320 209 4358 non
239 4305 406 4360 detrectata
433 4307 473 4360 ad
500 4311 619 4376 mannus
646 4307 764 4361 fortiter
788 4307 910 4374 rastitit3
938 4306 1049 4360 deinde
1072 4305 1139 4360 aliis
1161 4306 1265 4373 caesis,

148 4377 244 4444 captis
263 4377 338 4445 aliis,
357 4379 583 4433 circumventus
595 4392 614 4431 a
629 4378 767 4432 barbaris
785 4393 825 4432 ne
843 4379 886 4432 ita
900 4377 1020 4448 quidem
1034 4379 1131 4432 cessit.
1169 4376 1265 4430 Enim·
1276 4377 1310 4431 19

148 4462 222 4502 vero
246 4462 315 4503 cum
337 4450 447 4504 inuitos
465 4449 656 4504 vulnerasset
676 4453 706 4504 et
724 4449 892 4518 occidisset,
922 4447 1044 4504 tandem
1068 4453 1098 4504 et
1116 4450 1181 4519 ipae
1199 4449 1265 4502 iati-
