3050 4775
454 382 645 439 LEONTIVS
665 382 797 438 REGNO
816 380 994 437 POTITVR.
1229 381 1282 435 233

164 567 313 648 ρυίντων,
342 567 470 649 ὕβριζον
491 565 550 647 μὲν
572 564 626 629 τὸν
649 564 873 645 Ἰσοστινισνάν,
897 565 1064 647 εὐφήμουν
1087 562 1121 627 δὲ
1144 562 1197 626 τὸν
1221 562 1282 626 Λε-

165 668 275 741 όντιον,
304 674 527 751 συνεργοῦντος
549 668 602 731 καὶ
626 667 813 731 Καλλινίκου
836 674 891 731 τοῦ
913 668 1117 750 πατριάρχου.
1163 666 1330 729 ἐκεῖθεν-34

166 767 195 833 δ’
220 772 263 842 είς
284 772 320 835 τὸ
343 771 514 855 ἱππήλατον
528 773 808 853 μεταχωρήσαντες
823 772 959 852 θέατρον
973 770 1010 832 τὰ
1027 772 1123 853 ὅμοια
1140 770 1282 851 διεπράτ-
1295 772 1323 826 D

165 896 264 956 τσντο,
297 874 350 937 καὶ
374 873 428 938 τόν
446 873 661 939 Ἰσυστινιανδν
683 880 747 937 τῶν
771 874 957 955 ἀνακτόρων
979 874 1182 956 ἐξαγαγόντες
1204 872 1284 936 κατὰ

12 992 86 1046 Dm
100 991 157 1047 394
165 978 221 1060 τὴν
243 976 430 1059 Σφενδόνην
453 977 698 1060 ἒρρινοτόμησαν
720 978 775 1041 καὶ
796 979 838 1047 είς
856 976 1014 1058 Χερσώνα
1038 977 1146 1040 ε’ἀεντο
1169 975 1284 1057 ὑπερό-

166 1104 246 1163 ρων,
280 1079 437 1150 ἐνιαυτοὺς
465 1080 629 1153 ἑξκαίδεκα
657 1088 711 1163 τῆς
738 1081 894 1163 βασιλείας
921 1082 1127 1164 κρατήσαντα.
1172 1079 1227 1143 τόν
1254 1074 1330 1141 t'35

166 1183 314 1265 ἐκτομίαν
332 1182 507 1263 Στέφανον,
531 1182 584 1245 τὸν
608 1183 811 1263 σακελλάριον
834 1183 966 1265 δηλαδὴ,
990 1181 1119 1245 καὶτὸν
1141 1180 1285 1264 μοναχὸν

170 1283 342 1349 Θεοδόσιον
370 1284 423 1348 τὸν
450 1285 572 1367 γενικδν
603 1285 830 1367 συλλαβόμενοι
860 1286 914 1347 καὶ
943 1286 1087 1367 σχοίνους
1114 1285 1285 1365 ἐξάψαντες

165 1392 231 1451 τών
252 1387 364 1450 ποδῶν
386 1388 501 1463 αὐτῶν,
526 1388 672 1469 σύροντες
695 1386 745 1450 διὰ
768 1395 823 1471 τῆς
839 1388 958 1470 ἀγορᾶς
973 1390 1016 1458 είς
1030 1386 1084 1450 τὸν
1100 1386 1189 1450 Βοῦν
1203 1386 1285 1469 ἀπή-

122 1504 157 1557 10
167 1512 266 1571 γαγον
288 1489 341 1552 καί
364 1491 570 1553 κατέκαυσαν.

259 1591 387 1655 Τούτων
408 1592 442 1655 δὲ
457 1594 636 1675 γενομένων
651 1594 670 1656 ό
686 1592 833 1663 Λεόντιος
854 1600 909 1677 τὴς
930 1594 1086 1675 βασιλείας
1108 1593 1286 1676 ἐκράτησεν,
1297 1588 1340 1652 23

166 1692 218 1777 ἐφ’
244 1694 282 1760 οὗ
306 1698 337 1759 ολ
352 1696 486 1777 Ἄραβες
507 1695 562 1765 τὰς
574 1695 754 1777 Ῥωμαϊκὰς
770 1698 1009 1779 κατατρέχοντες
1024 1698 1134 1779 χώρας
1152 1695 1288 1765 πολλοὺς

167 1800 387 1882 αἰχμαλώτους
419 1798 605 1881 ἐλάμβανον,
639 1798 701 1862 εἶτα
734 1799 788 1863 καὶ
815 1800 871 1881 τὴν
890 1799 1043 1881 Ἀφρικὴν
1071 1794 1127 1881 ὑφ’
1157 1797 1321 1868 ἑαυτοδςΡ
1333 1797 1444 1854 11943

167 1902 363 1985 ε’τισιὴσαντο.
410 1902 521 1965 στέλλει
548 1902 650 1964 τοίνυν
677 1908 769 1965 τοῦτο
791 1903 911 1983 μοδάνν
934 1903 952 1964 ό
974 1901 1118 1984 βασιλεὺς
1141 1901 1315 1971 Λεόντισς2

124 2014 158 2069 15
168 2005 223 2067 ἕνα
238 2010 303 2067 τῶν
317 2005 490 2085 πατρικίων
500 2003 659 2087 Ἰωάννην,
678 2004 779 2086 ἀνδρα
796 2005 994 2087 δραστήριον,
1009 2005 1088 2087 μετὰ
1103 2010 1159 2068 τοῦ
1174 2003 1287 2068 στόλου

167 2108 285 2178 παντὸς
306 2114 344 2191 τῇ
364 2106 532 2189 Ῥωμαίων
555 2108 705 2189 ἡγεμονίᾳ
728 2107 784 2189 τὴν
808 2106 958 2191 Ἀφρικὴν
981 2107 1223 2172 ἀνασώσασθαι·
1253 2107 1316 2177 ὃς3
1333 2108 1457 2164 Wlll'l‘l

167 2210 222 2273 καί
243 2210 376 2293 πολέμῳ
399 2209 471 2280 τοὺς
494 2211 561 2273 ἐκεῖ
579 2211 776 2291 τρεψάμενος
790 2209 930 2291 Ἀροβας
945 2210 1000 2292 τὴν
1015 2210 1169 2292 Ἀφρικὴν
1183 2210 1290 2272 αάτιῑνν

168 2312 370 2396 ἠλευθέρωσε
402 2313 496 2375 κάκεῖ
524 2314 744 2396 παρεχείμασε,
780 2314 907 2396 γράφας
938 2312 975 2375 τὰ
1007 2313 1211 2396 πεπραγμένα
1243 2319 1291 2394 τῷ

168 2416 290 2498 βασιλεῖ
307 2416 361 2479 καί
383 2415 419 2480 τὸ
441 2417 588 2499 ποιητέον
610 2417 779 2498 ἀνομένων
801 2417 979 2500 ἐπιταγῆναι
997 2417 1095 2498 αὐτῷ.
1142 2416 1211 2480 δδὲ
1226 2419 1317 2479 τῶν4

168 2601 243 2654 ἳὸτι
267 2603 419 2672 κατηνέχθη
443 2610 497 2657 τῶν
520 2603 675 2670 ἀνακτόρων
697 2603 713 2656 ό
732 2602 916 2662 Ἰουστινιανδς
939 2601 985 2655 καί
1008 2601 1055 2690 τὴν
1080 2601 1139 2668 ῥῖνα
1167 2601 1236 2668 (ilva
1255 2601 1290 2666 Ε)

168 2673 274 2741 ἐτμήθη
295 2673 342 2728 ΟΕ
416 2675 447 2728 11
467 2675 587 2744 βασιλεία
600 2676 728 2729 Λεοντίου
741 2673 847 2729 ACDE
919 2676 993 2733 ὅπως
1011 2694 1058 2743 την
1073 2673 1203 2742 Ἀφρικὴν
1221 2672 1291 2726 εἶλον

169 2745 197 2797 οἱ
209 2745 318 2815 Ἄραβες
335 2745 380 2798 καί
399 2747 472 2806 ὅπως
492 2745 574 2816 αὐτὴν
592 2747 732 2816 ἀφῄρηντο
752 2745 775 2801 O

225 2921 242 2975 4
254 2922 388 2992 ἐξάγοντες
399 2923 423 2976 Ε
494 2923 520 2977 4.
531 2924 548 2978 5
560 2925 588 2978 ἒν
600 2933 631 2992 τῇ
640 2925 772 2993 σφενδόνη
783 2925 918 2992 (σφενδόνι
929 2923 963 2988 Β)
976 2923 1000 2977 0
1072 2923 1089 2973 5
1101 2923 1290 2991 ε’ρινστόμησαν

224 2992 334 3064 Apr,
354 2995 560 3064 ε’ρρινοτόμησαν
579 2993 630 3062 Dt',
650 3013 677 3050 v.
697 2996 737 3050 ad
756 2995 825 3049 XIV
845 2997 887 3061 ll,
906 2995 923 3049 I
1033 2995 1050 3047 6
1068 2995 1210 3057 ἑξκαίδεκα
1228 2992 1289 3057 ΑΒ,

224 3068 253 3128 ἕξ
271 3067 316 3120 καί
334 3067 400 3120 δέκα
419 3067 451 3132 Ε,
470 3069 614 3121 ἑκκαίδεκα
633 3065 762 3136 prDt',
782 3083 810 3120 v,
829 3066 902 3120 XIII
921 3065 964 3131 95,
983 3065 1026 3133 23,
1046 3064 1114 3118 XVI
1134 3065 1177 3130 22,
1197 3065 1226 3130 13
1252 3065 1289 3117 cf.

226 3137 264 3191 de
289 3152 415 3191 numero
440 3153 589 3192 annorum
609 3137 644 3193 G.
663 3137 699 3192 M.
720 3155 747 3208 p.
767 3139 827 3206 615,
848 3139 882 3192 16
904 3142 935 3191 et
953 3136 1115 3190 Muraltum
1135 3132 1216 3188 essai
1234 3140 1291 3189 eet.

225 3226 253 3277 p.
264 3209 317 3263 319
378 3207 412 3262 13
425 3209 610 3277 δορυαλώτους
624 3209 647 3264 Ο
710 3211 797 3265 1218
810 3218 855 3277 τῆς
867 3210 986 3277 ἀφρικῆς
998 3207 1116 3267 ἐκείνους
1129 3207 1253 3261 ἀπώσατο
1266 3205 1290 3260 O

227 3281 262 3334 19
279 3281 420 3348 ἀναμένων
439 3279 564 3351 EwpDi‚
583 3281 733 3349 ἀ..μά’ων
750 3280 785 3347 Α,
803 3281 959 3348 προςμίνων
977 3279 1003 3332 R

170 3458 247 3514 Inde
266 3460 297 3512 in
311 3459 461 3514 theatrum
482 3464 622 3529 equestre
642 3460 770 3530 digressi
790 3459 896 3513 eadem
915 3458 1097 3512 factitabant
1115 3463 1145 3512 et
1155 3451 1337 3512 lustrata-34

170 3546 245 3586 rrum
270 3546 287 3584 e
313 3531 399 3600 regia
429 3531 571 3585 eductum
600 3546 674 3585 naso
702 3533 733 3584 in
756 3530 865 3584 Funde
892 3531 1030 3599 praeciso
1053 3531 1085 3584 in
1110 3529 1291 3585 chersonem

170 3603 356 3672 relegarunt,
386 3617 454 3656 cum
474 3619 571 3656 annos
590 3603 720 3656 sedecim
740 3608 908 3671 regnasset.
944 3599 1130 3672 Stephanum
1150 3615 1224 3654 vero
1243 3595 1337 3653 ‹eu-35

170 3673 305 3728 maehum
335 3678 364 3727 et
389 3674 577 3728 sacellarium
607 3679 636 3727 et
655 3673 858 3728 Theodosium
888 3673 1078 3739 monachum,
1107 3672 1293 3740 logothetam

171 3745 356 3815 generalem,
377 3745 618 3814 comprehensos,
647 3745 772 3799 funibus
791 3744 831 3798 ad
850 3745 943 3814 pedes
962 3743 1102 3814 alligatis,
1121 3743 1293 3813 persarum

171 3819 204 3871 in
222 3816 337 3870 Bovem
356 3819 525 3886 pertractos
544 3817 784 3870 combusserunt

262 3887 305 3942 23.
343 3887 459 3951 Quibus
465 3886 823 3957 rebuagestisLaortrrvs
832 3903 961 3957 regnum
972 3888 1078 3954 tenuit,
1089 3886 1145 3941 aab
1154 3882 1294 3954 qqura·

173 3961 227 4014 hes
240 3958 393 4013 Romanas
412 3959 602 4014 incursantes
622 3961 796 4028 provincias
815 3962 926 4013 multos
939 3958 1077 4029 captivae
1090 3956 1292 4021 abducebant,

172 4031 295 4086 tandem
318 4027 449 4084 Africam
469 4045 592 4100 quoque
611 4030 808 4098 subegerunt
846 4029 912 4094 Quo
932 4030 1055 4098 cognito
1075 4044 1130 4082 rex
1148 4023 1320 4081 Leontiuess

173 4102 318 4157 Ioannem
339 4102 508 4170 patricium,
538 4103 637 4154 virum
657 4107 822 4164 strenuum,
851 4117 918 4155 eum
939 4106 1002 4154 tota
1031 4100 1126 4153 classe
1145 4099 1235 4151 mittit
1253 4097 1292 4151 ad

173 4173 308 4228 Africam
328 4171 464 4226 Romano
485 4173 611 4243 imperio
631 4173 885 4242 recuperandam
910 4173 962 4240 qui
981 4171 1144 4231 Arabibus,
1163 4169 1214 4237 qui
1233 4167 1320 4221 illici}

174 4250 271 4310 erant,
298 4243 376 4298 bello
396 4245 547 4314 superatis
567 4247 597 4298 et
616 4259 654 4298 ex
673 4242 778 4298 Africa
797 4244 932 4313 expulsis
950 4243 1010 4296 illie
1029 4241 1181 4305 hiemavit,
1201 4238 1293 4293 rebus

173 4317 237 4370 suia
255 4317 349 4386 gestis
368 4315 407 4369 ad
426 4331 531 4385 regem
542 4316 724 4384 perscriptis,
745 4319 935 4385 exspectans,
955 4313 1028 4383 quid
1047 4327 1138 4382 porro
1158 4311 1196 4365 de
1215 4309 1294 4365 illiua

173 4388 323 4442 sententia
343 4386 514 4440 faciendum
535 4392 622 4442 esset.
660 4385 719 4442 Sed
729 4384 942 4456 Agerenorum
962 4400 1097 4441 summus
1115 4382 1220 4438 eorrarri
1240 4381 1321 4445 (aie4
