3050 4775
280 457 333 518 562
558 455 694 517 ZONAR„
714 455 814 516 ΕΡΙΤ.
831 455 915 516 XVII
933 459 959 530 8,
977 455 1075 528 23-9,
1093 454 1120 514 l.

236 643 592 727 κλαπωεδησαυρίσδσι
619 643 714 724 αὐτῷ.
759 641 814 706 τὸν
837 641 898 724 γὰρ
920 642 1016 705 ἄλλον
1038 638 1256 724 χρηματισμὸν
1279 639 1339 704 οὐκ
1361 639 1402 702 ἄν

280 769 324 817 τις
346 741 399 808 ὑπ’
424 745 563 829 ἀριθμὸν
586 744 711 809 δύναιτο
735 745 872 826 ἀγαγεῖν,
904 746 941 814 tq
966 748 1031 808 τῶν
1052 743 1190 824 τομειλινν
1212 743 1301 824 αὐτῷ
1322 742 1400 825 κλη-

281 849 455 930 ρωδέντων
477 847 540 912 ὑπὸ
564 853 622 930 γῆν
643 847 680 910 τὰ
701 845 795 910 λοιπὰ
811 846 1030 930 έδηοαύρισεν,
1052 845 1157 916 ἕλικας
1172 845 1290 926 ὀρύξας
1303 844 1400 926 λαβυ-

194 958 217 1012 Β
237 958 272 1012 95
282 949 459 1032 ρινδώδεις.
504 949 558 1014 καί
580 951 746 1032 ὑπερχειλῆ
773 949 832 1032 μὲν
858 949 939 1032 ἦσαν
961 949 1064 1012 λίθων
1084 948 1264 1012 πολυτελῶν
1284 952 1349 1010 τῶν
1370 969 1402 1010 τε

282 1051 388 1116 ἄλλων
410 1051 464 1115 καὶ
486 1057 550 1116 τῶν
573 1053 706 1134 λευκῶν,
737 1051 784 1122 οίς
806 1052 968 1126 ίδιάζουσα
991 1052 1099 1134 κλῆσις
1121 1050 1153 1114 οί
1173 1051 1342 1132 μάργαροι,
1364 1048 1430 1112 crib

237 1155 422 1237 ἓδκιβώτια.
467 1161 513 1237 τῷ
537 1155 572 1219 δὲ
594 1155 638 1224 είς
660 1161 771 1237 χρῆσιν
794 1154 854 1217 οδκ
871 1152 963 1236 ἦσαν,
987 1151 1063 1216 ἀλλὰ
1079 1153 1208 1236 βραχεῖς
1222 1176 1300 1224 τινες
1314 1152 1403 1234 αὐτῷ

282 1256 339 1338 τὴν
360 1259 534 1340 πορφύραν
555 1257 722 1340 ἐκόσμουν,
746 1252 784 1320 ἵν’
801 1257 868 1338 έχοι
882 1257 1084 1338 τούπίσημον,
1106 1252 1188 1338 ᾗπερ
1204 1256 1237 1319 έν
1251 1255 1403 1337 προόδοις

283 1359 433 1442 ἐκέχρητο
460 1358 514 1423 καί
544 1355 588 1422 ὅτ’
613 1359 798 1442 ἐχρημάτιζε
819 1359 966 1442 πρέσβεσι
989 1358 1043 1421 καί
1065 1358 1116 1422 ὅτε
1137 1356 1204 1420 τινὰ
1227 1357 1322 1440 ἄλλην
1345 1357 1402 1440 δη-

237 1462 397 1544 ιὶῖμοτελῆ
425 1461 515 1526 ἐτέλει
542 1463 725 1544 πανήγυριν.
771 1462 802 1525 οί
825 1457 853 1526 δ’
878 1461 965 1524 ἄλλοι
990 1465 1055 1531 τοῖς
1082 1461 1219 1543 ταμείοις
1241 1461 1402 1524 έναποκεί-

237 1574 273 1629 28
281 1587 370 1646 μενοι
397 1563 499 1646 ἄχθος
530 1563 611 1647 ἦσαν
643 1563 780 1628 ἐτώσιον.
825 1562 866 1647 ἠν
892 1559 920 1627 δ’
949 1563 984 1626 έν
1013 1561 1073 1645 μέν
1102 1562 1254 1645 πολέμων
1281 1568 1403 1644 καιροῖς
1413 1569 1449 1625 10

281 1667 422 1738 ποικίλος
450 1690 494 1737 τις
523 1667 577 1730 καὶ
599 1665 655 1749 τὴν
678 1668 810 1750 γνώμην
831 1665 914 1747 πρὸς
934 1663 1008 1735 τοὺς
1028 1663 1093 1728 tuo
1115 1670 1204 1748 χεῖρα
1225 1665 1403 1748 πολυειδὴς,

281 1770 316 1832 έν
344 1765 372 1832 δ’
403 1769 545 1852 ἠρεμίατς
573 1768 627 1832 καὶ
655 1771 823 1852 εἰρηνικαῖς
854 1767 1074 1831 καταπόσεσιν
1105 1768 1320 1850 ἀρχικώτερος
1349 1768 1404 1832 καί

281 1871 336 1941 τὰς
359 1870 456 1954 ὀργὰς
479 1871 618 1954 ἐταμίευε
633 1871 687 1934 καὶ
702 1872 816 1942 ταύτας
833 1872 976 1953 συνέχων
990 1866 1066 1953 παρ’
1083 1871 1188 1952 ἑαυτῷ
1203 1869 1404 1952 έδημοσίευεν

72 1985 160 2041 WIII
167 1987 218 2040 180
236 1975 316 2040 aab
348 1980 470 2055 καιροῖς
504 1973 558 2037 καί
592 1973 799 2037 ἀνταπεδίδου
834 1979 897 2044 τοῖς
930 1973 1156 2055 ἁμαρτήσασιν.
1201 1973 1251 2035 ὢν
1283 1972 1318 2036 δὲ
1347 1972 1404 2055 τὴν

197 2077 417 2158 Οδθγνώμην
439 2075 568 2158 στερρὸς
591 2077 630 2140 ου’·
653 2076 774 2159 ῥᾳδίως
796 2075 923 2159 ἠλλοίου
945 2074 982 2138 τὰ
1002 2075 1145 2148 δόξαντα.
1191 2073 1241 2138 διδ
1255 2075 1310 2140 καί
1323 2076 1404 2157 πρὸς
1414 2080 1449 2134 15

284 2179 340 2248 οὓς
363 2179 403 2240 δν
425 2179 513 2260 ἔτυχε
534 2178 657 2262 μήνιμά
679 2203 705 2242 τι
726 2181 864 2261 τρέφων,
898 2179 937 2242 οὐ
959 2177 1037 2260 ταχὺ
1058 2177 1242 2260 μετήλλαττε
1263 2177 1299 2241 τδ
1322 2177 1441 2262 brioci)
1457 2183 1499 2238 IV

238 2293 272 2347 31
284 2281 399 2351 αὐτοῖς.
445 2279 522 2343 ἀλλὰ
549 2286 644 2344 ταῦτα
671 2280 731 2364 μέν
758 2279 973 2361 παραατοτικὰ
999 2285 1056 2344 τοῦ
1084 2279 1188 2363 λίθους
1213 2279 1326 2343 τούτου
1347 2285 1403 2344 τοῦ

284 2383 528 2467 αὐτοκράτορος,
552 2385 571 2467 ἡ
590 2379 618 2447 δ’
635 2384 752 2467 ἱστορία
774 2383 899 2467 έχέσδω
915 2387 979 2448 τῶν
994 2378 1043 2447 ἐπ’
1059 2383 1157 2447 αὐτοῦ
1171 2384 1405 2467 πατραγμένων

284 2484 337 2549 καί
361 2486 530 2569 διηγείσδω
553 2487 590 2549 τὰ
614 2488 738 2571 ἐφεξῆς.

254 2594 275 2658 9
369 2586 410 2651 ‘O
435 2594 490 2671 τῆς
516 2588 677 2670 Αἰγύπτου
706 2590 877 2673 κατάρχων
907 2587 962 2661 τὰς
992 2587 1075 2671 πρδς
1099 2588 1277 2673 Ῥωμαίους
1307 2587 1449 2661 licerio

285 2745 321 2799 20
338 2746 376 2799 ὅτι
396 2747 424 2799 οἱ
436 2746 570 2816 Ἀχαρηνσί
588 2747 632 2801 τὸν
651 2748 719 2815 (om.
740 2748 774 2809 Ε)
792 2748 820 2803 c’r
836 2746 1009 2817 Ἰερουσαλὴμ
1027 2746 1153 2803 καθεῖλον
1171 2748 1235 2801 ναόν
1253 2745 1301 2803 ΟΕ

339 2890 357 2945 3
374 2890 548 2960 ίδησαύριζεν
567 2892 630 2955 (-ιζε
648 2890 683 2957 Β)
703 2891 726 2947 O
813 2892 829 2946 7
848 2891 1012 2959 ἀνεκόσμουν
1030 2890 1094 2961 w*p
1113 2891 1216 2945 invitis
1234 2888 1288 2944 AR
1353 2891 1401 2960 ἔχη

339 2960 419 3017 Dlln
519 2962 548 3016 τδ
565 2962 694 3031 ἐπίσημον
712 2962 735 3019 C
807 2964 825 3018 8
842 2963 908 3018 ἄλλα
927 2962 949 3018 C
1021 2962 1038 3017 9
1056 2962 1166 3015 ἐπετέλει
1186 2960 1212 3015 D
1286 2962 1321 3015 10
1337 2962 1402 3031 ἄχδ.

338 3032 383 3103 ἐκ]
433 3050 489 3089 om.
510 3033 542 3088 Il.
562 3032 660 3089 XVIII
680 3034 732 3088 104
801 3035 926 3103 πολέμων
943 3032 1005 3101 ΑΟ,
1023 3034 1132 3101 πολέμω
1151 3034 1183 3099 Ε,
1201 3033 1317 3101 πολέμου
1337 3033 1401 3102 w'p

340 3107 372 3159 11
392 3105 571 3175 πρὸς-χεῖρα
584 3122 641 3161 om.
652 3103 792 3160 OWolat.
867 3105 901 3160 12
919 3104 944 3159 δ’
954 3103 1016 3171 ΑΒ,
1033 3106 1062 3158 δι’
1069 3104 1121 3172 w‘,
1140 3104 1175 3159 δι’
1186 3104 1222 3174 p*
1295 3103 1329 3157 14
1346 3104 1402 3158 ἕνα·

337 3178 446 3232 πεδίδου
465 3176 493 3233 Ι)
565 3177 733 3247 ἁμαρτήμασι
752 3176 780 3231 D
853 3177 886 3231 li
905 3177 993 3236 αὐτοῖς
1013 3192 1069 3230 om.
1089 3174 1117 3227 D
1190 3177 1224 3231 18
1242 3176 1287 3230 ὕπ’
1305 3176 1333 3229 Ι)

241 3310 275 3365 24
285 3314 431 3369 talentum
443 3315 509 3368 auri
523 3315 553 3369 in
567 3314 716 3370 thesauris
729 3315 879 3370 habuisse.
910 3312 1018 3384 Neque
1030 3314 1109 3369 enim
1120 3314 1244 3369 alterius
1253 3315 1403 3384 pecuniae

285 3386 364 3440 ullus
383 3400 527 3440 numerus
547 3391 646 3454 potest
665 3387 740 3453 iniri,
761 3385 843 3455 quod
863 3386 1059 3440 conclavibus
1076 3386 1198 3455 repletis
1216 3401 1284 3440 cam
1302 3391 1402 3442 terrae

240 3452 276 3507 at
286 3456 450 3511 mandabat
460 3458 648 3512 anfractibus
658 3458 752 3511 instar
763 3457 927 3526 labyrinthi
937 3458 1065 3525 effossis3
1084 3464 1218 3512 ceterum
1228 3464 1259 3513 et
1269 3459 1401 3513 cistellae

286 3528 394 3597 plenae
409 3532 496 3582 erant
514 3530 641 3597 gemmis
662 3543 730 3581 cum
749 3528 815 3582 aliis
834 3533 898 3582 tum
917 3527 1055 3583 candidis
1073 3528 1138 3597 illis,
1157 3543 1238 3599 quae
1256 3530 1401 3599 peculiari

240 3595 408 3654 canonino
426 3601 611 3669 margaritae
631 3598 782 3653 dicuntur.
818 3598 925 3668 Neque
952 3615 1027 3654 vero
1050 3600 1087 3654 iis
1114 3601 1266 3665 utebatur,
1295 3602 1401 3670 paucis

286 3672 421 3740 exceptis
440 3670 480 3724 ad
500 3672 633 3740 insignia
645 3686 801 3740 purpurae
814 3671 1001 3736 exornanda,
1021 3686 1090 3740 qua,
1110 3686 1178 3725 cum
1194 3672 1335 3742 prodibat
1347 3678 1401 3726 aut

285 3742 394 3811 legatis
412 3742 618 3811 respondebat
637 3748 690 3795 aut
711 3742 787 3798 alios
802 3742 939 3811 publicos
953 3744 1045 3796 festos
1058 3742 1123 3797 dies
1137 3743 1319 3810 celebrabat,
1337 3748 1401 3797 ute-

187 3810 384 3867 2'l.28batur.
421 3812 567 3882 Reliquae
591 3814 623 3867 in
647 3814 843 3867 conclavibus
868 3814 974 3867 inutile
1000 3814 1121 3883 pondus
1143 3814 1292 3868 iacebant.
1329 3814 1401 3869 Erat

285 3891 386 3938 autem
420 3884 488 3938 belli
520 3886 706 3953 temporibus
736 3885 861 3953 ingenio
891 3886 978 3939 vario
1006 3891 1037 3939 et
1068 3886 1223 3955 multiplici
1252 3885 1401 3941 adversus

285 3955 447 4022 subiectos,
466 3956 558 4010 rebus
577 3956 745 4025 tranquillis
760 3963 791 4010 ct
804 3957 920 4025 pacatis
933 3957 1153 4023 vehementi013
1172 3958 1247 4010 iram
1266 3956 1401 4011 dissimu-

285 4026 368 4081 labat
386 4026 469 4095 apud
488 4042 521 4081 se
540 4042 731 4097 suppressam
748 4028 802 4082 sed
816 4028 977 4081 occasione
990 4028 1062 4081 data
1075 4028 1250 4097 proferebat
1262 4034 1293 4083 et
1309 4028 1401 4082 delin-

239 4096 447 4166 99quentibus
467 4098 563 4152 ricem
583 4098 738 4153 reddebat.
777 4098 913 4167 Cumquc
932 4100 1079 4167 pertinaci
1099 4106 1178 4153 essct
1196 4100 1329 4169 ingenio,
1350 4100 1401 4153 ‹lc-

239 4170 275 4221 30
284 4172 368 4223 creta
380 4183 436 4223 sua
450 4169 530 4223 lraud
545 4169 633 4224 laclle
646 4169 792 4225 mutabat.
829 4170 1031 4233 Quamobrem
1045 4170 1069 4223 si
1084 4170 1195 4238 quibus
1213 4173 1307 4225 iratus
1326 4177 1400 4239 erat,

239 4242 271 4294 31
283 4242 320 4294 iis
348 4256 409 4295 non
438 4242 527 4295 facile
556 4241 742 4310 placabatur.
784 4240 885 4310 Atque
913 4240 988 4295 baec
1013 4240 1052 4294 ad
1079 4240 1280 4295 declarandos
1309 4242 1401 4297 buius

282 4312 473 4382 imperatoris
492 4327 592 4367 mores
609 4311 690 4365 dicta
708 4320 793 4380 sunt;
814 4328 897 4367 nunc
916 4312 955 4365 ad
974 4328 1023 4366 res
1041 4313 1098 4367 sub
1117 4328 1154 4367 eo
1173 4318 1276 4382 gestas
1295 4328 1401 4368 secun-

284 4382 355 4437 dum
375 4382 511 4439 ordinem
530 4382 707 4439 referendas
726 4385 823 4438 oratio
842 4382 957 4438 redeat.

372 4456 396 4510 9.
433 4452 568 4526 Aegypti
588 4455 728 4526 princeps
750 4454 849 4509 soluto
868 4454 1073 4511 Romanorum
1097 4456 1221 4512 loedere
1244 4462 1275 4511 et
1293 4456 1400 4513 Hiero·
