3050 4775
249 439 303 498 506
525 440 662 498 ZONAR.
681 443 780 498 EPIT.
799 444 868 500 XVI
886 445 929 513 25,
948 445 1062 514 20-26,
1081 447 1108 502 3.

249 647 280 687 τε
303 624 356 688 καί
379 625 556 708 στρατευταί
571 625 625 688 καί
640 627 670 690 σί
684 626 870 709 κεκλημένοι
885 631 1142 711 πριοτονοτάριοι,
1165 632 1199 694 οἳ
1209 631 1368 702 παντοίαις

212 727 426 792 Βκακώσεσιν
449 727 604 802 ἐξεπίεζον
625 727 660 792 τδ
685 729 828 812 ὑπήκοον
850 731 904 794 καὶ
926 733 969 801 είς
991 733 1124 815 ἐσχάτην
1144 733 1279 814 ἀπορίαν
1294 758 1367 796 συν-

249 829 378 913 ήλασαν,
402 829 478 894 οὐδὲ
497 835 561 893 τῶν
575 832 771 896 παντάπασιν
786 833 923 915 ἀπόρων,
934 835 1124 917 φειδόμενοι,
1148 835 1225 899 ἀλλὰ
1240 836 1370 906 τούτους

247 932 307 1014 μὲν
338 939 403 1003 ταῖς
436 933 601 1014 δρομιιιαῖς
632 935 802 1016 στρατείαις
833 936 1052 1018 ἐγγράφοντες,
1086 935 1158 1009 τοὺς
1190 936 1225 1002 δὲ
1255 937 1370 1020 πρῴην

248 1035 371 1106 ταύταις
396 1035 620 1118 ὑποκειμένους
642 1037 686 1106 εἰς
708 1035 762 1108 τάς
784 1038 967 1109 πλευστικάς
988 1041 1264 1123 μετεγγράφοντες,
1296 1041 1396 1111 τούςό

249 1137 284 1201 δὲ
306 1138 470 1220 πλωίμους
491 1139 703 1220 μετατιθέντες
726 1141 770 1210 εἰς
793 1141 982 1222 στρατιώτας
1003 1142 1128 1216 πεζούς,
1151 1141 1224 1213 τοὺς
1246 1143 1281 1207 δὲ
1295 1144 1369 1226 πρίν

251 1241 413 1312 τοιούτους
443 1247 506 1312 τοῖς
538 1240 680 1313 ἱππόταις
708 1244 964 1326 ἐγκαταλέγοντες
990 1245 1044 1308 καί
1071 1245 1144 1316 τοὺς
1170 1244 1303 1318 ἱππότας
1326 1247 1369 1318 είς

249 1343 491 1425 καταφράκτους
519 1344 699 1427 ἀμείβοντες
728 1346 782 1410 καί
806 1347 930 1430 ἑκάστῳ
951 1349 1126 1431 βαρύτερον
1148 1348 1369 1431 στρατιωτικόν

204 1445 431 1516 trinorciense
462 1446 677 1530 λειτούργημα.
723 1449 817 1533 ἐῴκει
848 1449 908 1533 γὰρ
940 1449 976 1513 τό
1008 1455 1073 1514 πᾶν
1105 1457 1143 1536 τῇ
1177 1451 1368 1533 στρατιιύτιδι

204 1553 239 1606 22
247 1549 449 1632 μεταχειρίσει
471 1549 736 1633 ἐπιγραφόμενος·
761 1553 839 1616 ὅθεν
861 1553 915 1617 καί
937 1552 1041 1636 δόγμα
1062 1555 1139 1618 ὅσον
1153 1555 1189 1618 τὸ
1203 1551 1272 1618 κατ’
1289 1556 1366 1619 ἐκεῖ·
1382 1561 1415 1615 10

247 1674 303 1714 νου
335 1651 479 1716 ἐθέσπισε
511 1653 583 1724 τοὺς
615 1655 649 1718 ἐν
678 1655 829 1738 πολέμοις
856 1656 1075 1739 ἀνῃρημένους
1100 1659 1290 1740 στρατιώτας
1317 1654 1366 1721 ἀπ’

248 1756 315 1837 ἴσης
342 1755 491 1836 τιμᾶσθαι
519 1762 582 1826 τοῖς
609 1757 743 1840 μάρτυσι
770 1759 830 1822 καί
856 1761 965 1841 ὕμνων
987 1759 1111 1842 όμοίων
1132 1761 1293 1842 τυγχάνειν
1314 1760 1367 1824 καί

203 1863 238 1916 93
247 1857 475 1940 παραπλησίας
490 1860 697 1942 γεραίρεσθαι.
726 1861 780 1924 καί
794 1863 824 1926 τί
835 1862 880 1945 μὴ
897 1861 916 1924 ό
931 1860 1126 1945 πατριάρχης
1140 1863 1197 1926 καί
1208 1887 1286 1934 τινες
1300 1868 1365 1927 τῶν

90 1963 113 2018 l’
122 1963 235 2018 1120311
248 1961 431 2044 ἀρχιερέων,
455 1961 531 2024 ἀλλὰ
554 1962 619 2046 μὴν
641 1965 694 2027 καί
717 1967 792 2028 ἔνιοι
806 1970 871 2029 τῶν
885 1965 1033 2046 λογάδων
1048 1970 1103 2047 τῆς
1118 1965 1282 2047 γερουσίας
1297 1989 1365 2047 γεν-

248 2065 344 2135 ναίιος
367 2065 562 2147 ἀντέστησαν,
586 2067 725 2150 λέγοντες
747 2068 841 2139 “πῶς
855 2070 896 2132 ἀν
910 2069 942 2130 ol
956 2068 990 2131 ἐν
1003 2067 1153 2149 πολέμοις
1168 2068 1368 2150 ἀναιροῦντες
1380 2075 1412 2129 15

247 2167 301 2230 καί
323 2168 544 2250 ἀναιρούμενοι
564 2169 733 2252 λογίζοιντό
756 2194 812 2234 τισι
834 2171 991 2253 μάρτυρες
1013 2173 1033 2253 ἢ
1056 2176 1120 2241 τοῖς
1134 2171 1285 2253 μάρτυσιν
1300 2171 1365 2234 ι’σο-

247 2271 373 2352 στάσωι,
406 2273 462 2342 οὓς
491 2273 521 2335 ol
547 2273 627 2336 θεῖοι
650 2272 781 2344 κανόνες
803 2273 866 2337 ὑπὸ
890 2274 1038 2356 ἑπιτίγμον
1059 2274 1199 2356 ἄγουσιν,
1231 2273 1281 2338 ἐπὶ
1302 2280 1509 2356 τρι-1111111

247 2375 328 2439 ετιάν
339 2381 393 2458 τῆς
408 2375 594 2459 φρικώδους
611 2376 666 2440 καί
680 2377 766 2459 ίερᾶς
781 2375 895 2448 αύτούς
910 2375 1108 2459 ἀπείργοντες
1121 2376 1362 2461 μεταλήψεως”,

202 2479 237 2535 24
246 2477 314 2562 τάχ’
338 2480 377 2542 ἂν
399 2478 434 2543 τὸ
457 2480 623 2544 θεσπέσιον
646 2480 746 2544 ἐκεῖνο
769 2480 934 2563 κεκύρωτο
956 2480 1126 2563 θέσπισμα.
1171 2479 1211 2563 ἦν
1234 2480 1269 2545 δὲ
1283 2480 1365 2564 πρὸς

247 2686 283 2741 10
300 2688 488 2755 σημιίωιταιΕ
571 2688 604 2743 19
622 2690 660 2743 ὅτι
679 2688 751 2758 παρὰ
770 2696 817 2744 τοῦ
837 2691 923 2743 Φωκιί
939 2688 968 2743 ιδ
986 2688 1143 2758 τεταρτηρόν
1161 2689 1276 2757 νόμισμά
1295 2689 1364 2757 (0111.

247 2756 281 2823 C)
300 2779 326 2813 τε
345 2761 414 2823 (om.
434 2760 469 2825 Ε)
487 2760 634 2831 ἐπενοήθη·
653 2762 699 2815 καί
718 2762 735 2831 ἦ
754 2763 910 2831 προτίμησις
927 2768 972 2831 τῆς
990 2760 1049 2821 νίας
1066 2768 1185 2831 χαραγῆς
1203 2758 1251 2816 cl]

297 2965 316 3019 4
334 2968 464 3035 στρατίαις
483 2967 556 3037 Ewp
628 2968 645 3023 5
662 2968 871 3039 μετεγράφοντες
889 2968 926 3035 Ι),
946 2967 1157 3036 μεταγράφοντες
1175 2984 1195 3048 p
1269 2966 1299 3019 11
1319 2967 1362 3020 άν-

298 3039 470 3107 αιρουμίνους
488 3039 562 3109 pr
646 3040 687 3094 11.
709 3040 743 3093 12
761 3040 852 3108 ε’πίσης
871 3038 951 3094 ARw
975 3039 1040 3105 ,ἐπ’
1061 3041 1120 3107 ἴσης
1138 3039 1181 3093 Dt
1258 3039 1293 3092 14
1310 3060 1364 3106 γεν

298 3111 457 3249 (ναίσγςὲῐη.
478 3109 518 3238 (119
560 3183 567 3203 Ι
611 3112 731 3237 ΙὲΒροεί
748 3112 794 3167 καί
813 3111 881 3165 add.
901 3113 930 3165 οί
945 3056 981 3180 λθ,
1001 3110 1059 3167 del.
1079 3110 1131 3169 Dav
1233 3111 1366 3181 λογιζοντο

310 3196 352 3236 sle
537 3204 603 3253 ταχα
688 3200 734 3255 wp

244 3388 439 3458 inspectores,
461 3389 613 3457 militares,
638 3391 846 3459 protonotarii,
874 3390 926 3460 qui
944 3390 1098 3445 subiectos
1117 3390 1197 3444 omui
1217 3389 1364 3444 malorum

244 3474 358 3527 genere
372 3474 532 3532 oppressos
552 3460 591 3515 ad
610 3476 757 3516 summam
777 3467 945 3532 egestatem
963 3461 1159 3531 redegerunt,
1177 3476 1217 3515 ne
1236 3462 1365 3531 egentis·

244 3532 387 3586 simorum
408 3531 530 3601 quidem
549 3532 652 3587 habita
671 3534 802 3602 ratione;
830 3548 900 3587 uam
922 3548 974 3587 eos
992 3534 1025 3587 iu
1044 3531 1194 3587 dromicos
1212 3533 1366 3587 exercitus

243 3602 433 3672 referebant,
461 3604 512 3672 qui
537 3604 620 3674 prius
644 3605 675 3657 in
693 3605 729 3659 iis
754 3606 886 3670 merant,
913 3605 946 3658 in
964 3604 1104 3659 nauticos
1125 3604 1365 3673 transferebant3

244 3672 414 3729 classiarios
440 3674 470 3728 in
498 3674 654 3744 pedestres
681 3677 842 3743 exercitus,
870 3675 987 3746 pedites
1015 3676 1047 3730 in
1075 3679 1190 3729 turmas
1218 3675 1364 3744 equiturn,

244 3746 361 3814 equit-es
374 3747 404 3799 in
418 3746 629 3815 cataphractos
643 3748 826 3813 inserebant,
839 3748 967 3816 singulis
976 3748 1104 3816 gravius
1117 3746 1241 3801 militiae
1253 3760 1364 3802 munus

136 3810 179 3866 21.
199 3811 304 3871 22assi
349 3822 444 3871 antes.
472 3816 547 3871 Nam
561 3818 600 3871 ad
614 3832 706 3872 unam
720 3832 784 3873 rem
796 3818 955 3872 militarem
966 3818 1119 3872 referebat
1129 3819 1238 3872 omnia.
1268 3816 1365 3884 Unde,

244 3902 304 3956 quo
344 3889 374 3941 in
395 3902 431 3943 eo
452 3889 516 3955 luit,
536 3888 658 3943 decreto
678 3890 787 3956 sanxit,
806 3896 841 3943 ut
859 3890 967 3943 milites
986 3891 1017 3943 in
1031 3890 1116 3944 bellis
1128 3890 1279 3945 interlecti
1297 3890 1362 3959 pari

244 3972 311 4013 cum
331 3960 516 4028 martyribus
535 3960 650 4015 honore
670 3962 842 4016 colerentur
860 3966 890 4015 et
911 3961 1058 4015 similibus
1081 3960 1199 4028 hymnis
1221 3976 1257 4015 ac
1276 3976 1365 4014 vene-

198 4026 234 4081 23
243 4031 361 4085 ratione
381 4030 616 4086 celebrarentur.
654 4032 768 4097 Quodsi
787 4031 961 4101 patriarcha
981 4038 1011 4087 et
1024 4031 1147 4100 quidam
1161 4047 1201 4085 ex
1215 4032 1365 4101 primariis

243 4100 453 4157 sacerdotibus
472 4108 502 4156 et
521 4109 644 4158 senatus
661 4104 849 4173 principibus
861 4119 923 4157 non
936 4108 1059 4158 strenue
1072 4104 1250 4157 restitissent
1262 4119 1367 4171 rogas·

243 4176 379 4242 seutque,
408 4189 468 4243 quo
489 4175 626 4243 pactoli,
647 4176 748 4243 quiin
769 4176 854 4229 bellis
872 4180 902 4229 ct
923 4175 1088 4229 caederent
1105 4180 1136 4228 at
1155 4173 1365 4241 caederentur,

243 4250 392 4313 martyres
415 4245 544 4299 iudicari
570 4251 694 4315 possent
717 4251 770 4301 aut
794 4246 979 4316 martyribus
997 4262 1094 4315 pares,
1114 4260 1191 4315 quos
1208 4259 1365 4300 sacrorum

244 4330 394 4371 canonum
416 4332 544 4371 censura
567 4323 694 4384 notaret,
722 4319 886 4373 trienninm
910 4332 930 4371 a
952 4317 1111 4373 tremenda
1133 4316 1185 4370 illa
1206 4322 1237 4371 et
1258 4322 1365 4371 sancta

244 4388 455 4443 communione
468 4403 583 4455 arcens,
603 4390 731 4443 forsitan
749 4390 908 4459 egregium
921 4387 995 4443 illud
1013 4388 1168 4444 decretum
1181 4394 1280 4442 ratum
1294 4388 1365 4443 iuis-

198 4456 297 4517 24set.
333 4457 470 4535 Apparet
489 4460 619 4516 eundern
639 4462 788 4517 avaritiae
801 4476 924 4533 quoque
937 4460 1072 4516 deditum
1086 4460 1192 4529 luisse,
1211 4476 1281 4515 nam
1294 4475 1364 4515 cum
