3050 4775
263 358 476 419 conemini
494 358 705 421 NICAENUM.
743 358 928 418 Evsnslvs
946 359 1126 422 ARIANVS.
1223 360 1256 421 21

133 546 205 611 υἱὸν
237 547 410 630 δμοούσιον
441 546 495 611 καὶ
526 546 678 631 ὁμότιμον
710 546 763 611 καί
791 547 950 613 ουναΐδιον
977 548 1184 631 ἐδογμάτισαν
1211 556 1258 632 τῷ

131 652 238 733 πατρί,
271 650 325 715 τὸν
347 652 470 734 Ἄρειον
499 651 533 715 δὲ
560 651 614 716 καί
641 651 715 724 τοὺς
746 652 857 735 ἐκείνῳ
889 652 1077 736 ὁμόφρονας
1107 659 1162 736 τῆς
1193 658 1258 718 τῶν

132 754 327 835 ὀρθοδόξων
350 754 539 838 ὁμηγύρεως
561 756 762 839 ἐξεκήρυξαν.

218 856 280 920 Ἦν
313 858 347 921 δὲ
378 862 444 921 τῶν
474 856 511 920 τὰ
535 856 657 940 Ἀρείου
684 858 924 942 πρεσβευόντων
951 858 1005 922 καί
1034 860 1053 921 δ
1080 858 1283 942 Παμφίλου8

103 954 300 1043 5Εύσέβιος,
327 967 382 1044 τῆς
405 961 438 1024 ἓν
460 960 650 1044 Παλαιστίνῃ
674 962 866 1044 Καισαρείας
887 960 1053 1045 τυγχάνων
1076 961 1256 1043 ἐπίσκοπος,

132 1066 170 1133 ὃς
201 1064 362 1145 μετέπειτα
393 1064 510 1146 λέγεται
542 1064 713 1149 ἀποστῆναι
744 1071 800 1147 τῆς
832 1068 888 1128 τοῦ
915 1063 1038 1146 Ἆρείου
1073 1064 1169 1148 δόξης
1203 1064 1257 1129 καί

131 1166 402 1250 δμογνωμονῆσαι
436 1173 499 1237 τοῖς
532 1164 691 1230 συναΐδιον
724 1164 779 1230 τὸν
809 1166 879 1230 υίδν
912 1164 966 1229 καί
1000 1166 1172 1248 δμοούσιον
1209 1173 1256 1248 τῷ

130 1269 228 1351 πατρί
259 1270 479 1352 δογματίζουσι
505 1271 558 1333 καὶ
587 1270 738 1353 δεχθῆναι
764 1268 853 1350 παρὰ
884 1273 948 1332 τῶν
979 1268 1078 1332 θείων
1108 1270 1256 1352 πατέρων

130 1372 176 1443 είς
199 1373 376 1437 κοινωνίαν.
422 1374 507 1437 οὕτω
529 1372 588 1455 μὲν
611 1371 668 1437 οὖν
693 1371 786 1437 ταῦθ’
815 1371 1021 1455 ἱστορούμενα
1047 1371 1135 1454 παρά
1162 1371 1317 1435 τινων9Β

85 1473 120 1527 10
130 1475 274 1557 εὕρηται·
298 1475 460 1558 ἀμφίβολα
484 1470 512 1538 δ’
537 1476 654 1546 ἐκεῖνος
676 1474 755 1537 auro
780 1474 819 1537 δι’
836 1471 885 1538 ὧν
905 1474 939 1537 ἐν
959 1479 996 1557 τῇ
1018 1474 1255 1557 ἐκκλησιαστικῇ

20 1576 121 1633 111185
131 1577 253 1659 ἱστορίᾳ
275 1579 401 1661 εὕρηται
424 1580 688 1661 συγγραψάμενος
714 1577 825 1659 τίθησι.
870 1576 1031 1658 πολλαχοῦ
1060 1576 1120 1660 γὰρ
1149 1577 1182 1640 ἐν
1209 1585 1255 1659 τῷ
1265 1579 1300 1633 10

132 1681 292 1763 εἰρημένην
315 1682 533 1764 συγγράμματι
554 1681 739 1763 ᾰρειανίζων
754 1678 1034 1761 καταλαμβάνεται,
1058 1679 1168 1743 αι’νιίκα
1184 1681 1258 1762 περί

132 1806 197 1846 που
219 1782 276 1865 τὴν
299 1783 401 1866 ἀρχὴν
423 1790 478 1847 τοῦ
500 1784 621 1867 βιβλίου
644 1781 699 1846 τδν
713 1781 814 1864 Δαβίδ
836 1782 971 1863 εἰσάγων
991 1782 1118 1863 λέγοντα
1133 1782 1255 1853 “αι’ντδς

132 1884 207 1957 είπε,
230 1886 285 1948 καί
309 1886 515 1969 ἐγενήθησαν
539 1885 634 1957 αὐτὸς
657 1884 833 1966 ἐνετείλατο,
856 1885 910 1948 καὶ
929 1884 1152 1968 ἕκτίσθηοαν”,
1177 1884 1255 1969 φησί
1265 1886 1298 1941 ll

83 1988 186 2051 incon
208 1988 268 2071 μὲν
290 1989 409 2071 ποτέρα
432 1989 485 2053 καί
511 1988 642 2072 ποιητὴν
668 1987 715 2058 ὡς
742 1987 874 2071 ποιητὴν
900 1988 1103 2069 πανηγεμόνα
1130 1988 1253 2070 νομίζε-

130 2090 208 2154 σθαι
240 2092 394 2174 βασιλικῷ
424 2091 651 2174 προστάττοντα
684 2092 821 2174 νεύματι,
853 2089 908 2154 τὸν
940 2090 975 2154 δὲ
1005 2090 1117 2154 τούτου
1150 2091 1252 2155 δευτε-

128 2194 264 2275 ρεύοντα
299 2194 387 2257 θεῖον
417 2193 512 2277 λόγον
542 2199 608 2265 τοῖς
639 2199 803 2277 πατρικαῖς
833 2193 1054 2277 ὑπουργοῦντα
1086 2193 1252 2277 ἐπιταγαῖς.

126 2402 146 2456 4
163 2403 227 2471 περὶ
246 2403 376 2474 Εὐσεβίον
395 2409 440 2458 τοῦ
458 2404 605 2474 Παμφίλου
625 2402 656 2473 C,
675 2404 691 2456 δ
707 2403 856 2472 Παμφίλου
875 2401 1005 2473 Εὐσέβιος
1025 2400 1181 2470 άρειανίζων
1198 2401 1223 2456 Ε

184 2601 369 2670 ἱλδμόφρονας
381 2599 476 2670 ἐκείνῳ
489 2599 602 2666 (ἐκείνου
615 2600 654 2668 D)
668 2598 741 2670 pr
813 2599 832 2653 4
850 2603 922 2654 ante
934 2605 987 2652 τῶν
1001 2597 1070 2653 add.
1083 2599 1140 2653 τότε
1149 2597 1251 2669 DEwp

184 2671 201 2724 6
221 2680 267 2727 τοῦ
287 2687 344 2726 om.
363 2671 388 2726 Ε
512 2673 605 2742 δόξης·
625 2674 654 2725 ολ
669 2672 699 2727 δὲ
716 2671 762 2726 καί
781 2670 833 2726 CD
954 2671 972 2725 8
989 2671 1073 2725 θείων
1089 2668 1150 2736 AB,
1170 2671 1252 2739 ἁγίων

184 2743 263 2813 pr
335 2743 353 2797 9
366 2747 435 2812 posi·
447 2746 588 2798 κοινωνίαν
601 2744 670 2797 add.
684 2743 774 2813 pr:
792 2743 892 2810 μᾶλλον
903 2741 993 2810 μέντοι
1005 2743 1033 2796 δν
1052 2750 1090 2810 τῷ
1107 2750 1251 2810 πρακτικῷ

183 2823 231 2883 τῆς
248 2815 356 2884 πρώτης
376 2816 489 2870 συνόδου
514 2816 560 2869 καί
583 2815 744 2884 δπερμαχῶν
767 2815 875 2883 εὕρηται
900 2821 955 2867 τῶν
976 2821 1083 2880 πιστῶν,
1114 2829 1170 2868 om.
1190 2812 1250 2881 ΑΕ,

184 2888 237 2954 qui
258 2887 363 2941 eadem
383 2889 448 2942 fere
468 2887 585 2941 addunt
604 2889 619 2950 ἕ
635 2886 677 2954 11,
696 2887 750 2940 ubi
769 2885 843 2955 pr
864 2886 1005 2939 omittunt
1077 2884 1112 2938 10
1129 2885 1251 2953 εὕρηνται

183 2957 209 3012 Ε
283 2959 314 3010 11
334 2959 442 3026 εὕρηται
462 2975 518 3012 orn.
540 2958 562 3011 B
635 2958 670 3012 13
688 2955 782 3028 Δαβλδ]
799 2957 907 3010 Psalm.
921 2955 1059 3022 32(33),9
1132 2955 1166 3008 14
1183 2957 1251 3023 ε’γεν-

183 3030 305 3097 νήθησαν
324 3029 355 3096 Ε,
376 3045 404 3083 v.
425 3028 463 3083 ad
481 3028 554 3083 XIII
574 3029 598 3097 1,
617 3029 635 3082 2
765 3027 842 3097 φησὶ]
861 3027 897 3081 Η.
917 3028 950 3081 Ε.
970 3027 983 3080 I
1002 3027 1027 3095 9,
1046 3027 1064 3082 ί)
1082 3027 1250 3081 Heinichen

184 3101 219 3155 15
231 3100 303 3155 ώσὰν
314 3101 424 3155 Euseb.
489 3100 602 3169 ποιητὴν
612 3101 658 3154 καί
666 3101 834 3169 πανηγεμόνα
844 3097 953 3167 Cpr,
962 3100 1129 3168 πανηγεμόνα
1139 3098 1249 3152 Euseh.

182 3168 228 3226 Di
304 3173 458 3240 νομίζεσθαι
477 3169 602 3242 prDz'‚
623 3173 713 3239 νομίζε
732 3170 759 3224 Α
842 3170 876 3224 16
893 3171 1027 3239 βασιλικῷ
1045 3170 1152 3238 νεύματι
1170 3189 1250 3236 προσ·

182 3243 305 3297 τάττοντα
323 3243 432 3298 Euseb.
534 3243 576 3297 16.
597 3243 631 3297 11
650 3243 693 3296 τδν
711 3242 740 3296 δὲ
758 3242 851 3296 τούτου
870 3242 1054 3309 δευτερεύοντα
1065 3239 1249 3308 -ἒπιταγαῖςΙ

183 3313 327 3369 V.VaIeS.
340 3314 381 3369 ad
394 3314 503 3369 Eusob.
516 3314 554 3368 Η.
567 3314 599 3368 Ε.
613 3313 627 3368 Ι
640 3313 692 3378 2,5
748 3313 782 3367 16
801 3313 986 3381 δευτερεύοντα
1004 3313 1035 3368 δὲ
1052 3312 1144 3365 τούτου
1164 3309 1195 3378 C,
1221 3310 1251 3364 δὲ

182 3387 270 3454 τούτῳ
289 3386 474 3454 δευτερεύοντα
491 3386 601 3441 Eusob.
704 3390 773 3455 post
789 3385 867 3454 λόγον
887 3384 1032 3438 nonnulla
1051 3382 1120 3438 add.
1139 3383 1249 3438 Euseb.

220 3466 275 3516 ταῖς
292 3465 431 3526 πατρικαῖς
448 3457 594 3521 ἐπιτάξεσιν
611 3458 794 3526 ὑπουργοῦντα
812 3456 922 3510 Euseb.

219 3651 284 3707 Arii
311 3659 425 3708 sectam
453 3659 516 3708 tum
545 3653 778 3723 amplexabatur
803 3654 893 3706 ctiam
918 3651 1068 3706 Eusebius
1092 3646 1277 3720 Pamphili‚8

126 3725 301 3782 Caesareae
314 3723 505 3778 Palaestinae
519 3726 687 3794 episcopua,
708 3739 798 3793 quem
818 3724 944 3793 posthac
963 3723 1126 3776 descivisse
1145 3723 1250 3776 dicunt

126 3797 168 3850 ab
182 3795 299 3850 Ariana
320 3797 462 3866 opinione
482 3799 511 3850 et
531 3796 718 3850 consensisse
738 3811 806 3848 cum
826 3795 862 3849 iis
881 3796 933 3863 qui
952 3794 1043 3848 filium
1064 3794 1142 3862 patri
1162 3808 1249 3846 coao-

126 3875 250 3922 ternum
276 3867 472 3936 eiusdemque
497 3873 627 3922 naturae
653 3881 718 3920 osse
745 3866 855 3919 docent
882 3871 912 3919 et
935 3881 953 3919 a
977 3866 1088 3918 divinis
1111 3865 1249 3934 patribus

127 3939 167 3993 ad
193 3939 436 3994 communionem
459 3941 623 4008 receptum.
661 3935 709 3992 Sic
732 3938 809 3990 haec
833 3953 851 3989 a
874 3936 1027 3991 nonnullis
1050 3937 1188 4005 exposita
1206 3931 1276 3989 rei)

128 4013 304 4082 pariuntur3
328 4009 382 4063 sed
407 4010 552 4079 ambigua
575 4009 625 4063 ille
649 4024 685 4063 oa
708 4008 808 4062 reddit
826 4009 871 4074 iis,
896 4023 976 4076 quae
994 4009 1025 4060 in
1045 4007 1249 4061 ecclesiastica

127 4081 256 4136 historia
272 4081 311 4134 ab
331 4096 367 4135 eo
387 4083 553 4150 composita
572 4081 778 4134 Inveniuntur.
816 4077 1043 4148 Saepenumero
1063 4079 1142 4132 onim
1158 4079 1189 4130 in
1203 4093 1248 4140 eo,
1260 4074 1295 4127 10

129 4154 166 4208 de
187 4167 248 4222 quo
270 4153 409 4217 diximus,
428 4153 540 4221 scripto
555 4152 628 4206 Ario
646 4153 753 4204 i'avore
774 4150 1022 4218 ‹leprehenditur3
1042 4165 1078 4203 ac
1098 4150 1197 4203 statim
1217 4149 1248 4200 In

127 4225 198 4279 libri
217 4225 282 4278 sere
301 4224 386 4278 initio
406 4221 555 4277 Davidem
573 4223 721 4276 inducens
741 4222 889 4276 dicentem
909 4221 994 4290 “ipse
1014 4220 1090 4274 dixit
1111 4225 1141 4274 ct
1167 4221 1248 4272 iacta

128 4301 208 4362 sunt,
230 4296 297 4364 ipse
320 4293 477 4349 mandavit
501 4300 541 4354 ei¹
553 4299 655 4348 creata
675 4293 760 4347 suni''
780 4293 823 4345 nit
841 4297 956 4362 patrem
977 4298 1006 4346 et
1026 4294 1172 4346 factorem
1193 4305 1247 4359 pro
1260 4288 1291 4340 11

129 4369 247 4422 faetore
266 4371 296 4421 ct
316 4367 448 4421 onmium
469 4381 569 4421 rerum
590 4365 666 4420 duce
686 4365 800 4432 haberi,
825 4366 877 4434 qui
901 4365 986 4435 regio
1011 4367 1089 4417 nutu
1111 4364 1247 4432 imperet,
