3050 4775
282 403 335 457 250
601 403 736 463 ZONAR.
756 405 854 461 El'lT.
873 405 928 463 XV
948 407 971 473 1,
991 404 1087 460 6-20.

114 585 241 643 W11182
256 585 385 667 Ἱμοίοις
412 586 606 667 ἐπίπρασκον
637 588 707 670 περὶ
734 588 807 657 τοὺς
835 588 981 669 ἐκτομίας
1008 588 1210 669 ἐπτοημένοις
1233 587 1294 650 ἀεί·
1327 584 1400 656 τούς

282 688 316 751 δὲ
338 690 459 753 τούτων
480 691 617 771 πατέρας
640 690 736 761 εὐθὺς
759 692 903 772 ἔκτεινον,
927 692 976 753 ἵνα
998 692 1044 773 μή
1066 714 1142 753 ποτε
1161 694 1333 773 μηνιῶνιες
1348 688 1399 752 ded

254 791 352 861 8τσύς
383 792 499 862 uuidar
530 794 761 875 βουλεύσωνται
793 790 861 856 κατ’
891 794 998 857 αὐτῶν
1024 794 1238 857 ἐπανάστασιν.
1282 792 1337 855 καὶ
1361 790 1400 875 ἦν

279 889 355 975 παρ’
380 895 485 965 αὐτοῖς
506 895 542 958 τὸ
564 896 661 959 παῖθα
684 902 782 959 τεκεῖν
804 894 929 976 ἀγαθὸν
950 894 1007 976 τὴν
1030 896 1105 977 ὄφιν
1132 894 1315 977 δυστύχημα
1342 894 1398 975 μέ-

243 1036 245 1039 -
281 1018 391 1077 γιστον,
415 1004 469 1080 τῆς
492 1002 556 1061 τῶν
577 998 702 1061 παίδων
725 999 910 1078 εὐπρεπείας
925 997 1167 1079 ἀλλαοσομένοις
1182 995 1236 1060 τὸν
1250 997 1426 1059 θάνατονῐ)

254 1098 333 1161 linai
356 1100 440 1162 σύτω
462 1099 521 1181 μὲν
543 1106 607 1170 τοῖς
625 1099 791 1182 Ἀβασγοῖς
814 1102 844 1163 οἱ
866 1104 960 1183 σφῶν
981 1101 1216 1182 προσεφέροντο
1243 1100 1398 1181 ἄρχοντες.

194 1202 217 1259 C
239 1199 489 1271 1οἸουστινιανὸς
513 1200 547 1265 δὲ
570 1202 588 1265 ό
611 1207 738 1283 πρῶτος
761 1203 879 1273 στείλας
900 1198 976 1284 παρ’
1001 1203 1106 1272 ούτοῖς
1128 1203 1182 1265 ἕνα
1205 1207 1270 1265 τῶν
1288 1202 1321 1265 ἐν
1336 1206 1399 1271 τοῖς

279 1303 442 1386 βασιλείοις
465 1304 627 1386 εὐνούχων
650 1304 754 1386 σφίσιν
776 1305 914 1387 ὁμογενῆ
944 1304 1064 1384 (πολλοί
1088 1304 1148 1386 γὰρ
1170 1304 1242 1386 περὶ
1263 1303 1301 1366 τὰ
1320 1303 1398 1367 Ῥω-

278 1406 384 1487 μαίων
411 1406 519 1489 ἀρχεῖα
546 1413 679 1470 τοιοῦτοι
706 1406 905 1489 ἐστρέφοντο)
938 1408 1048 1471 ἀπεῖπε
1079 1413 1143 1477 τοῖς
1174 1406 1304 1489 ἡγεμόσι
1334 1412 1399 1470 τῶν

275 1507 440 1590 Ἀβασγῶν
467 1510 576 1593 μηκέτι
603 1510 725 1592 μηδένα
753 1509 810 1593 τὴν
838 1510 1037 1591 ἀρρενωπίαν
1065 1509 1267 1590 ἐκτέμνεσθαι
1290 1508 1397 1589 βιαζό-
1410 1514 1446 1567 10

237 1616 267 1668 ll
278 1628 387 1691 μενον·
420 1611 606 1695 τελευτήσειν
629 1612 689 1695 γὰρ
711 1612 769 1695 τὴν
790 1614 903 1693 πρᾶξιν
925 1611 1030 1681 αὐτοῖς
1057 1612 1100 1681 εἷς
1127 1610 1229 1693 κενόν,
1261 1609 1399 1695 μηθενὸς

237 1712 443 1795 12Ῥωμοίων
465 1715 618 1797 πρίασθαι
640 1715 879 1798 βουλησομένου
898 1713 972 1783 τοὺς
987 1714 1133 1795 ἐκτομίας
1148 1714 1262 1777 αὐτῶν.
1307 1719 1398 1777 τοῦτο

279 1821 342 1885 τοῖς
361 1816 525 1899 Ἀβασγσῖς
548 1818 756 1899 ἀσμενέστατα
783 1816 1022 1898 προσεὸέθεκτο,
1055 1815 1109 1878 καὶ
1131 1822 1169 1899 τῇ
1192 1817 1320 1899 ἐπιταγῇ
1342 1822 1398 1879 τοῦ

279 1920 433 1999 βασιλέως
444 1918 612 2001 Ῥωμαίων
627 1921 844 2003 θαρρήσαντες
858 1925 914 1983 τοῦ
929 1920 1040 1983 λοατοῦ
1055 1917 1136 2000 πρὸς
1155 1917 1288 2000 τοῦργον
1307 1924 1398 1981 τοῦτο

278 2026 342 2091 τοῖς
370 2021 520 2103 ἄρχουσιν
549 2022 654 2085 αὐτῶν
683 2022 743 2105 ούχ
774 2023 962 2093 ύτιέκυπτον,
993 2022 1132 2085 κάκεῖνοι
1165 2021 1199 2085 δὲ
1229 2020 1312 2103 πρὸς
1342 2019 1398 2103 τὴν
1410 2025 1444 2080 15

236 2128 269 2181 13
279 2126 391 2203 πρᾶξιν
417 2122 498 2206 ἦσαν
524 2124 722 2204 νωθέστεροι.
768 2124 830 2187 ελτο
858 2124 912 2187 καί
940 2125 1041 2206 ἅμφω
1068 2123 1141 2193 τοὺς
1168 2124 1275 2187 αὐτῶν
1297 2124 1396 2206 ἀρχη-

236 2230 268 2283 14
280 2224 354 2306 γοὺς
388 2225 574 2296 καθελόντες
609 2226 725 2308 ἤθελον
758 2227 907 2307 βιοτεύειν
941 2226 1118 2309 αὐτόνομοι.
1167 2226 1260 2309 μέχρι
1292 2228 1435 2308 μέντοιΙ)
1451 2230 1497 2284 ΙΙΙ

280 2328 345 2391 τότε
367 2327 421 2392 καὶ
447 2334 501 2412 τῆς
528 2334 593 2393 τῶν
621 2334 806 2412 χριστιανιῖνν
831 2330 1004 2412 θρησκείας
1030 2328 1111 2413 ἦσαν
1142 2329 1285 2413 ἀμύητοι,
1318 2328 1396 2411 ἄλση

241 2436 267 2490 Ι)
280 2430 314 2494 ii
336 2430 389 2494 καὶ
412 2431 488 2502 ύλας
511 2433 655 2515 ἐσέβοντο
678 2432 790 2495 καὶτὰ
816 2433 929 2513 θένόρο
953 2432 1073 2502 τούτοις
1096 2433 1130 2506 ἐξ
1153 2432 1298 2515 ἀφελείας
1317 2433 1396 2513 βαρ-

330 2706 438 2775 4πορὰ
457 2716 509 2766 τοῖς
528 2707 652 2777 ἀβοσγοῖς
672 2708 744 2777 pr
836 2709 924 2768 θεοῖς
943 2707 979 2774 D,
999 2716 1044 2777 τῆς
1063 2723 1139 2762 corr.
1159 2708 1211 2766 Dw
1291 2709 1396 2760 παιθιῦν

332 2778 368 2847 p*
387 2779 489 2834 invitis
507 2779 588 2832 Allw
669 2781 686 2832 9
704 2781 844 2848 ἐτρέφοντο
865 2779 944 2849 Ευρ,
964 2780 1179 2833 versabantur:
1205 2780 1256 2833 Wo
1275 2779 1324 2832 let

333 2850 363 2903 ll
385 2850 472 2910 αὐτοῖς
492 2850 538 2920 τὴν
555 2853 652 2920 πρᾶξιν
671 2851 697 2904 D
783 2852 820 2911 ὡς
840 2851 876 2915 D,
894 2853 930 2910 εἰς
949 2867 1026 2905 corr.
1044 2850 1097 2908 Dw
1182 2851 1215 2904 12
1232 2851 1396 2919 βουλησομέ-

331 2942 392 2980 νους
410 2921 475 2990 w*p
591 2923 624 2975 14
646 2922 756 2991 τοῦργον
775 2922 836 2988 ΑΟ,
855 2922 966 2989 τοῦργον
985 2920 1109 2991 Ewth',
1129 2939 1158 2974 v.
1177 2921 1395 2986 Gneltlingium

333 2993 409 3062 Allg.
430 2993 525 3047 Ledre
544 3010 569 3046 υ.
590 2995 697 3048 Acuent
717 3001 772 3048 cet.
794 2995 855 3047 lcn.
877 2994 945 3047 1835
965 2993 1089 3063 pasis.
1109 2999 1138 3047 ct
1157 2993 1264 3047 Zonar.
1282 2992 1350 3046 XVI
1370 2994 1394 3059 9,

331 3064 376 3116 24.
397 3064 439 3130 90,
461 3066 501 3119 16.
521 3065 563 3130 9‘2,
583 3065 626 3118 λθ.
646 3065 728 3119 XVII
750 3067 792 3129 19,
808 3066 831 3117 l.
850 3065 924 3130 27,9
997 3065 1031 3118 18
1049 3066 1182 3134 θρησκίος
1201 3065 1237 3131 D,
1257 3081 1332 3119 corr.
1344 3063 1395 3122 Dw

334 3136 367 3190 19
386 3137 484 3198 τούτοις
499 3135 537 3206 ἐξ]
558 3137 603 3191 καί
621 3137 712 3196 λίθους
732 3136 769 3202 D,
788 3138 886 3196 τούτοις
904 3136 933 3199 ἕξ
952 3135 1004 3195 Dw

250 3401 411 3457 lacessitis
430 3419 542 3474 magna
561 3406 691 3474 pecunia
711 3405 899 3472 vendebant3
922 3421 1089 3476 eorumque
1107 3411 1210 3475 patres
1229 3407 1328 3460 statim
1349 3421 1395 3459 oc·

278 3473 427 3542 cidebant‚
447 3475 628 3544 nequando
648 3476 716 3530 irati
730 3483 855 3546 propt-er
874 3477 950 3531 lilios
960 3477 1138 3532 seditionem
1158 3482 1264 3532 contra
1284 3493 1316 3532 se
1335 3493 1395 3533 mo-

249 3543 392 3600 8verent.
429 3546 501 3600 Erat
520 3547 613 3617 igitur
632 3548 714 3617 apud
740 3563 793 3603 eos
812 3548 935 3602 filiolum
964 3549 1108 3618 genuisse
1127 3549 1286 3618 pulchrum
1304 3550 1395 3604 intor-

249 3613 395 3670 9tunium
423 3618 596 3687 maximum,
624 3633 661 3673 ee
690 3635 854 3690 puerorum
882 3619 1035 3690 elegantia
1061 3625 1158 3676 morte
1185 3620 1258 3676 luta.
1294 3620 1395 3691 Atque

233 3684 267 3738 10
278 3687 392 3758 Abasgi
417 3691 460 3742 sic
479 3704 498 3742 a
526 3691 588 3744 suis
608 3691 796 3761 principibus
823 3692 1042 3746 tractabantur.
1079 3691 1265 3747 lastinianus
1292 3697 1395 3747 autem

279 3759 400 3828 primus
429 3761 519 3815 misso
547 3761 586 3814 sd
617 3777 668 3816 eos
693 3763 779 3832 regio
806 3763 946 3816 eunucho
972 3763 1103 3831 quodam
1130 3779 1234 3818 eorum
1254 3764 1395 3834 populari

277 3831 372 3896 (multi
398 3832 476 3886 enim
501 3833 577 3886 tales
600 3834 630 3886 in
659 3834 778 3904 palatiis
797 3833 940 3888 Romanis
969 3835 1181 3899 versabantur)
1200 3834 1395 3905 Abasgurum

278 3902 465 3971 principibus
485 3904 705 3970 interdixisse
726 3920 815 3974 que-m
841 3906 871 3958 in
890 3910 1045 3974 posterum
1064 3906 1193 3960 invitum
1213 3912 1396 3974 castrareut3

233 3971 263 4023 ll
278 3977 420 4042 capturos
444 3975 523 4029 enirn
549 3975 684 4030 laborem
708 3977 838 4043 inanem,
867 3976 988 4030 nemine
1015 3975 1220 4032 Romanorum
1248 3982 1396 4032 castratos

233 4043 381 4098 lienium
402 4051 548 4114 empturo.
585 4046 651 4101 Hoc
670 4047 787 4116 Abasgi
812 4047 1005 4116 cupidissime
1031 4054 1215 4117 acceperunt
1234 4049 1396 4119 edictoque

276 4117 358 4185 regis
377 4116 504 4172 Romani
532 4117 601 4172 freti
625 4118 768 4188 deinceps
787 4119 974 4189 principibus
1002 4121 1116 4173 sinsin
1143 4135 1181 4173 ea
1200 4135 1312 4174 renen
1332 4135 1396 4175 ces-

277 4193 390 4256 serunt,
423 4188 474 4259 qui
503 4195 533 4243 et
552 4191 608 4258 ipsi
634 4191 693 4244 iam
722 4191 882 4260 segniores
912 4189 952 4243 ad
972 4191 1003 4244 id
1021 4193 1139 4245 fucinus
1171 4197 1258 4245 erent
1277 4191 1395 4246 redditi.

233 4257 349 4312 ieron
367 4259 457 4314 etiarn
477 4265 608 4329 utroque
622 4263 757 4330 principe
776 4261 895 4315 sublato
915 4261 977 4315 suis
987 4261 1107 4331 legibus
1125 4263 1230 4316 vivere
1242 4262 1395 4329 volebant,

234 4328 267 4380 14
278 4345 346 4384 cunr
367 4330 406 4384 etl
427 4331 458 4384 id
486 4347 583 4400 usque
602 4338 721 4402 ternpus
740 4331 929 4387 Christianae
953 4332 1108 4404 religionis
1127 4337 1229 4388 essent
1255 4334 1347 4388 rudes
1366 4340 1396 4388 et

278 4401 362 4455 lucos
391 4417 427 4456 ac
446 4402 537 4458 silvas
560 4407 780 4459 venerarentur
811 4409 841 4458 et
863 4404 990 4458 arbores
1018 4405 1178 4460 barbarica
1205 4405 1396 4475 simplicitate
