3050 4775
396 371 783 443 consulumttoponts
802 366 1010 441 connrnvtt.
1232 372 1266 437 tt

141 567 344 649 πεντακόσια,
367 566 405 631 τὰ
427 568 486 651 μὲν
507 567 632 631 πλεῖστα
654 567 792 651 μονήρη,
819 569 882 631 ἔστι
905 562 933 631 δ’
957 568 978 629 ἃ
1000 562 1056 629 καί
1082 564 1186 649 διήρη,
1213 565 1270 628 καί

142 694 221 735 τισιν
243 671 350 734 αὐτῶν
372 668 427 733 καί
449 670 484 735 ἐκ
507 677 561 754 τῆς
583 666 717 753 πρῴρας
739 670 794 733 καί
816 671 852 733 ἐκ
875 675 930 753 τῆς
955 668 1103 752 πρύμνης
1129 668 1300 751 πηδιίλιαΟ

143 775 277 857 ἤσκητο,
308 774 362 837 καί
390 774 583 857 κυβερνήτας
610 774 725 843 ναύτας
752 796 785 835 τε
813 772 941 843 διπλοῦς
969 769 1062 854 εἶχον,
1096 771 1187 841 ὅπως
1213 770 1316 834 κα118

144 875 314 939 ὲτιπλέωσι
336 874 390 938 καί
414 875 604 957 ἀναχωρῶσι
629 875 675 957 μὴ
705 875 969 957 ἀναστρεφόμενοι
997 873 1051 937 καί
1076 871 1150 943 τοὺς
1178 872 1267 936 ἐναν-

115 978 230 1047 brieve
252 978 287 1041 ἔν
308 1001 340 1040 τε
366 984 414 1058 τῷ
442 977 596 1059 πρόσπλῳ
624 977 678 1040 καί
704 984 751 1059 τῴ
779 975 914 1058 ἀπόπλῳ
941 976 1048 1039 αὐτῶν
1074 975 1268 1058 optumos?

142 1078 228 1161 πρὸς
250 1080 370 1149 τούτοις
392 1078 499 1160 ἐπάγει
521 1078 539 1143 ὁ
563 1078 657 1153 Δίων,
686 1079 732 1150 ὡς
755 1079 831 1143 ἑπτὰ
855 1077 919 1142 ἀπὸ
941 1084 1006 1143 τῶν
1032 1076 1184 1161 Θρᾳκίων
1205 1102 1265 1141 πυ-
1278 1086 1312 1141 19

143 1182 213 1245 λῶν
239 1182 354 1265 πύργοι
381 1181 610 1264 καθεστηκότες
638 1182 719 1265 πρὸς
746 1181 802 1263 τὴν
829 1181 993 1245 ύάλασσαν
1021 1179 1114 1263 ἦσαν·
1146 1180 1312 1244 comatae

146 1280 175 1347 δ’
200 1284 309 1365 είμέν
331 1308 374 1354 τις
397 1284 483 1366 ἄλλῳ
510 1308 556 1366 τῳ
582 1285 781 1367 προσέμιξεν,
809 1285 927 1366 ἥσυχος
953 1282 1004 1365 ἦν·
1037 1283 1066 1345 εἰ
1091 1282 1125 1345 δὲ
1154 1282 1193 1365 δὴ
1221 1289 1268 1364 τῴ

144 1387 269 1469 πρώτῳ
290 1412 317 1449 τι
340 1387 504 1469 ἐνεβόησεν
526 1389 545 1469 ἢ
569 1387 623 1451 καὶ
645 1386 735 1450 λίδον
757 1386 980 1468 προσέρριψεν,
1004 1384 1098 1455 αύτός
1120 1408 1151 1447 τε
1169 1384 1268 1449 ἐλάλει

95 1490 183 1557 loix
207 1512 289 1559 τινος
310 1495 456 1571 μηχανῆς
478 1489 599 1571 καὶτῷ
628 1489 766 1571 δευτέρῳ
793 1488 828 1551 τὸ
856 1487 933 1551 αύτδ
958 1487 1130 1568 παρεδίδου
1151 1493 1266 1569 ποιεῖν,

144 1591 201 1655 καί
224 1592 310 1655 οὕτω
334 1590 384 1655 διὰ
406 1592 534 1655 πάντων
558 1592 679 1674 ὁμοίως
701 1591 824 1673 ἐχώρει,
848 1590 924 1654 οὐδὲ
947 1590 1151 1673 ἐπετάραττσν
1173 1590 1266 1673 ἀλλή-
1277 1602 1310 1656 21

143 1694 231 1775 λους,
261 1693 326 1757 ἀλλ’
354 1694 387 1757 ἐν
413 1700 461 1776 τῴ
482 1695 570 1777 μέρει
591 1694 704 1765 πάντες
725 1694 813 1775 παρὰ
836 1700 891 1757 τοῦ
914 1692 978 1776 πρὸ
1001 1694 1099 1756 αὐτοῦ
1122 1692 1141 1756 ό
1164 1693 1268 1774 ἕτερος

142 1799 203 1879 τήν
224 1820 257 1859 τε
280 1796 393 1879 φωνὴν
415 1796 469 1860 καί
491 1796 546 1880 τὴν
569 1797 651 1879 ἠχὴν
674 1796 856 1878 διεδέχοντο.

240 1898 371 1981 Τοιαύτη
387 1899 446 1981 μέν
461 1896 518 1963 σύν
532 1904 588 1964 τοῦ
605 1899 779 1974 Βυζαντίου
794 1900 890 1963 πύλαι
905 1900 925 1982 η
940 1899 1030 1971 πόλις
1047 1900 1225 1983 ἐτύγχανεν·
1249 1898 1313 1966 (522
1324 1910 1350 1965 D
1361 1912 1397 1969 W
1407 1914 1478 1972 1118

96 2012 131 2066 15
144 2001 181 2065 δὲ
199 2000 342 2083 ἀοίδιμος
357 2002 595 2073 Κωνσταντῖνος
609 2002 843 2065 πολλαπλασίαν
858 2002 956 2084 αὐτὴν
971 2002 1177 2085 ἐξειργάσατο.
1212 2004 1266 2068 καί
1277 2016 1312 2069 23

144 2210 181 2263 14
199 2208 325 2336 πτρὲὲού
343 2210 371 2263 ἓν
389 2216 428 2277 τῷ
442 2210 585 2279 Πλακωτῷ
607 2210 742 2277 (πλακοτῶ
756 2210 790 2277 Ε)
809 2212 906 2279 κιόνσς,
925 2211 971 2265 καί
988 2217 1035 2266 τοῦ
1053 2211 1082 2265 ἐν
1099 2210 1173 2280 αύτῷ
1189 2212 1266 2281 ἀγάλ·

139 2301 229 2351 nator

201 2475 216 2528 1
237 2473 316 2544 διῆρη
330 2473 365 2542 Δ,
385 2475 493 2544 δίκροτα
510 2473 629 2546 prDt'
647 2474 757 2547 Xiphil.
829 2475 848 2530 2
866 2475 912 2531 καί
930 2482 999 2568 post
1012 2477 1101 2531 αὐτῶν
1114 2481 1144 2533 et
1155 2477 1267 2548 πρῴρας

201 2561 259 2600 om.
279 2547 303 2600 E
386 2547 496 2616 πρώρας
514 2545 626 2618 Apr,
645 2562 722 2603 corr.
741 2546 785 2602 Di
865 2548 1053 2602 Ηπιπλίωσι
1074 2547 1121 2603 OE
1193 2549 1267 2620 δτῷ

199 2617 254 2672 ἀπὸ
266 2617 384 2674 lineolis
401 2619 483 2673 infra
495 2621 641 2690 appositis
653 2623 759 2674 notata
773 2635 849 2675 corr.
860 2619 911 2678 Dw
999 2621 1138 2689 σφόλλωσι
1157 2620 1267 2690 Xiphll.

199 2687 252 2756 Di,
271 2690 393 2760 σφάλιοσι
407 2689 508 2762 Apr
581 2691 598 2746 6
617 2691 698 2760 Δίων]
718 2691 829 2761 Xiphil.
847 2690 972 2746 LXXIV
992 2691 1061 2760 lat
1137 2693 1153 2748 ’λ
1171 2700 1267 2761 πύργοι

200 2762 266 2826 (sic)
285 2761 320 2830 A,
340 2778 368 2816 v.
388 2761 428 2816 ad
446 2761 518 2816 XIII
536 2763 563 2828 3,
582 2762 616 2816 15
699 2763 894 2833 καθεστηκότες
912 2762 1015 2832 Apr
1034 2762 1144 2833 XIphil.
1164 2764 1268 2834 vulgo,

199 2849 229 2887 v.
249 2831 401 2888 Stnrzium
421 2833 507 2888 adh.
527 2835 543 2888 l.
563 2834 672 2904 Xiphil.
741 2834 788 2905 τὴν
808 2850 864 2890 om.
884 2834 908 2888 Ε
927 2835 1012 2889 Initio
1031 2850 1139 2890 versus
1210 2837 1267 2889 τού-

199 2925 255 2958 των
273 2903 407 2974 prDr',
426 2907 509 2960 τούτω
529 2906 556 2959 Α
681 2906 751 2976 ὃδὴ
772 2922 829 2962 om.
848 2905 908 2974 An,
939 2911 1044 2961 tenent
1063 2905 1137 2976 pr
1157 2905 1267 2978 Xiphil.

198 2977 217 3030 9
235 2975 359 3046 ἐνεβόησέ
376 2999 432 3032 τινα
451 2977 560 3048 Xiphil.
642 2977 781 3047 ἐνέρριψεν
800 2977 911 3048 Xiphil.
994 2978 1019 3033 9.
1040 2978 1074 3032 10
1091 2988 1200 3048 μηχανῇ
1217 2999 1266 3032 τινι

198 3048 284 3102 ι’λιίλει
302 3047 421 3119 XIplril.,
441 3051 527 3104 cuius
546 3051 642 3106 verba
661 3066 680 3104 a
699 3049 818 3106 Sturnio
842 3049 923 3114 mlv
942 3067 971 3120 p.
981 3049 1032 3105 571
1053 3065 1123 3104 ann
1143 3051 1183 3112 m)
1205 3066 1268 3104 non

200 3121 281 3174 bene
298 3125 455 3175 mutantur
473 3123 505 3176 in
524 3121 581 3192 ἤχει
600 3123 647 3177 καὶ
664 3122 747 3176 ἐλάλει
897 3121 914 3176 9
931 3121 1044 3175 hatita
1063 3120 1100 3188 D,
1119 3137 1195 3177 corr.
1215 3121 1267 3180 Dw

200 3191 237 3244 10
253 3191 284 3244 εδ
301 3191 365 3246 αὐτὸ
383 3200 459 3247 τοῦτο
476 3193 587 3263 xiphil.
665 3193 698 3247 11
717 3193 776 3248 οὐδ’
791 3192 815 3246 Ε
888 3192 922 3247 12
940 3194 956 3247 δ
974 3209 1031 3248 om.
1051 3209 1070 3262 p
1089 3191 1200 3262 Xiphil.
1220 3193 1267 3248 ed.

199 3261 291 3318 Stura
382 3265 415 3318 18
433 3265 480 3332 τήν
498 3285 525 3320 τε
542 3265 611 3336 ἠχὴν
630 3265 675 3321 καί
694 3265 741 3335 τὴν
760 3263 856 3334 φωνὴν
874 3263 985 3334 Xiphil.
1074 3265 1223 3334 διεδέχσντό
1241 3285 1268 3318 τε

198 3335 246 3388 καί
263 3335 464 3404 παρεπίμποντο
482 3335 591 3407 Xiphil.
665 3337 699 3392 15
717 3337 927 3391 πολλαπλασίονα
947 3334 970 3392 C

142 3539 250 3590 autem
264 3539 351 3590 erant
364 3531 540 3605 Byzantinis
554 3536 749 3608 quiugentae,
768 3535 917 3622 plurimae
935 3551 1083 3602 moneres,
1103 3534 1268 3590 nonnullae

143 3610 238 3664 etiam
251 3606 391 3673 biremes,
410 3621 539 3676 quarum
553 3608 705 3676 quaedam
718 3614 748 3664 at
767 3624 798 3662 m
814 3623 907 3678 prora
920 3609 993 3662 etin
1007 3609 1102 3678 puppi
1115 3609 1268 3677 guberna-

144 3679 222 3734 culis
242 3679 410 3732 instructae
429 3683 565 3733 erantne
578 3681 802 3749 gubernatores
816 3686 846 3734 et
858 3684 968 3734 nautas
982 3679 1091 3749 duplos
1104 3679 1268 3745 habebant,

144 3756 180 3806 ut
205 3755 236 3805 et
266 3752 491 3820 annavigarent
518 3755 548 3805 et
577 3753 796 3822 renavigarent
823 3767 886 3806 non
914 3766 1081 3806 conversae
1109 3755 1140 3805 et
1166 3750 1314 3808 hosteslli

145 3835 277 3876 accessu
294 3822 407 3890 pariter
430 3836 466 3875 ac
489 3836 611 3878 recessu
630 3837 686 3877 suo
710 3823 871 3878 fallerent?
912 3821 1077 3878 Praeterea
1095 3822 1188 3876 adicit
1209 3821 1267 3876 Dio
1280 3826 1313 3879 19

145 3898 264 3963 septem
287 3899 385 3946 turres
404 3907 423 3946 a
442 3891 571 3946 Thracis
593 3900 680 3963 porta
704 3895 743 3948 ad
768 3909 852 3948 mare
875 3895 1066 3964 pertinuisse,
1089 3907 1218 3963 quarum
1242 3893 1314 3950 sito

146 3967 216 4034 quis
235 3963 325 4017 aliam
345 3963 497 4032 quandam
518 3965 650 4032 adiisset,
670 3967 792 4020 tacitam
809 3966 917 4034 fuisse;
936 3967 984 4019 sin
1003 3981 1076 4020 vero
1096 3965 1127 4019 iu
1141 3965 1269 4034 prImam

147 4035 222 4106 qnid
248 4035 440 4088 inclamasset
465 4035 513 4090 vel
539 4036 629 4090 etiam
655 4036 787 4106 lapidem
809 4037 969 4104 inlecisset,
998 4052 1065 4091 eam
1093 4037 1191 4105 ipsam
1214 4051 1269 4105 per

147 4107 320 4162 machinam
354 4105 507 4174 quandam
539 4122 647 4162 sonum
675 4107 806 4163 edidisse
834 4122 965 4177 eumque
993 4107 1080 4162 alteri
1107 4106 1269 4161 tradidisse

148 4176 337 4244 laciendum
356 4183 448 4246 atque
467 4179 510 4231 ita
529 4193 583 4248 per
602 4194 706 4234 onmes
725 4181 838 4249 pariter
857 4194 965 4235 sonum
984 4179 1156 4248 pervasIsee
1168 4193 1269 4246 nequo
1278 4183 1311 4236 21

148 4257 251 4306 umen
271 4247 361 4302 aliam
383 4250 423 4303 ab
448 4248 508 4302 alia
535 4251 687 4304 turbatam
713 4266 780 4306 esse
804 4251 858 4304 sed
885 4265 1038 4320 quamque
1063 4265 1117 4320 par
1143 4251 1225 4304 vices
1250 4264 1269 4301 a

149 4322 290 4392 proxime
309 4320 501 4376 antecedenti
520 4336 627 4376 vocem
647 4337 817 4392 sonumque
837 4323 1003 4391 excepisse.

240 4390 285 4446 Ae
304 4392 372 4446 talis
392 4392 461 4447 oIIm
474 4389 644 4462 Byzantion
663 4395 736 4450 urbs
750 4396 821 4464 luit3
841 4393 895 4450 sed
908 4395 1041 4449 inclutus
1054 4391 1269 4448 Constautlnus
1279 4399 1314 4454 22

204 4498 323 4546 amm
337 4497 452 4556 Epitome
466 4496 512 4547 111.
1093 4483 1110 4538 2
