3050 4775
264 419 318 478 las
562 423 697 480 zousn.
720 426 817 481 sarr.
837 427 904 482 xvi
924 429 949 496 a,
968 427 1082 483 ‘ra-34.

264 605 403 689 κούρησε
425 613 488 678 τοῖς
511 609 651 691 αἰτήσασι
675 608 725 673 διά
748 617 857 674 τετοῦ
879 611 1109 693 προειρημένου
1125 610 1237 674 στόλου
1255 610 1309 675 καὶ
1332 609 1383 675 διά

218 716 254 769 ‘23
263 716 318 772 τοῦ
345 715 410 773 τῶν
436 711 595 794 Φράγγων
621 713 727 796 ῥηγός.
773 713 922 777 ἐπέστειλε
949 713 1009 795 γὰρ
1037 713 1147 796 ἐκείνῳ
1174 713 1384 797 συλλαβέσθαι

264 816 319 875 τοῦ
342 811 422 875 κατὰ
445 818 509 876 τῶν
528 814 713 898 Ἀγαρηνῶν
734 815 875 897 πολέμου
898 823 945 897 τῷ
966 819 1031 879 τῶν
1047 815 1216 898 Ῥωμαίων
1237 816 1382 897 στρατεί-

219 915 350 996 94ματι·
383 910 438 998 ὑφ’
463 913 510 979 ὥν
533 918 552 999 ἡ
576 921 640 980 τῶν
659 918 844 1000 Ἀγαρηνῶν
870 919 1112 1001 κατεπολεμήθιγ
1140 918 1265 1001 στρατιὰ
1287 919 1382 983 καὶὸ

264 1016 403 1099 ἀρχηγὸς
433 1019 539 1082 αὐτῶν
565 1020 648 1084 ἑάλω
681 1020 855 1091 σοολδάνος
885 1021 1091 1103 καλούμενος,
1123 1023 1161 1084 ὃν
1186 1022 1206 1084 ό
1232 1021 1293 1103 ῥὴξ
1318 1026 1409 1085 trba-b

177 1120 199 1174 Β
219 1123 254 1176 ‘25
269 1118 427 1201 Φράγγων
450 1121 483 1184 έν
499 1119 616 1205 Καπύῃ
632 1124 802 1205 ἀπήγαγεν.
849 1123 931 1187 ὅπου
955 1124 1014 1187 δύο
1038 1124 1202 1207 διατρίψας
1224 1123 1382 1194 ἐνιαυτοὺς

264 1222 324 1285 οὐκ
348 1223 449 1306 ὤφθη
471 1224 559 1304 παρά
582 1249 637 1288 του
659 1226 822 1308 μειδιάσας
845 1227 1005 1308 οὐδέποτε,
1028 1227 1110 1290 ὥστε
1131 1226 1186 1290 τόν
1202 1227 1284 1310 ρῆγα
1301 1229 1381 1290 θαυ-

263 1325 373 1406 μάζειν
395 1325 448 1388 ιιαλ
471 1327 503 1390 εἴ
518 1350 563 1396 τις
585 1328 754 1412 ἀπαγγείλῃ
778 1330 867 1410 αὐτῷ
889 1330 1026 1411 γελῶντα
1048 1329 1103 1393 τὸν
1117 1330 1292 1412 βάρβαρον,
1316 1330 1381 1394 διό-

219 1430 254 1484 26
265 1451 327 1490 σειν
349 1451 376 1490 τι
398 1429 640 1510 ἐπαγγέλλεσθαι
662 1437 716 1514 τῆς
739 1431 882 1513 ἀγγελίας
903 1431 1028 1512 μισθόν.
1074 1431 1157 1495 εἶπεν
1177 1430 1235 1495 οὖν
1248 1433 1293 1500 τίς
1307 1456 1383 1496 ποτε

264 1529 339 1593 ι’δεῖν
362 1529 415 1595 τὸν
438 1533 612 1597 σουλδάνον
635 1534 813 1615 γελάσαντα.
858 1533 994 1604 καλέσας
1021 1532 1078 1598 οὖν
1101 1533 1154 1597 τὸν
1175 1534 1341 1618 βάρβαρον
1363 1534 1431 1597 ‹510

219 1631 324 1712 ἓῖῥὴξ
347 1631 403 1714 τὴν
425 1634 523 1697 αἰτίαν
546 1641 600 1698 τοῦ
624 1636 758 1716 γέλωτος
782 1637 882 1718 ἤρετο.
928 1635 998 1699 ὁδέ
1018 1635 1131 1719 τροχὸν
1154 1635 1237 1700 εἶπεν
1259 1637 1384 1719 ἁμάξης

265 1733 353 1816 ὁρᾶν,
384 1733 422 1798 οὗ
447 1735 483 1799 τὸ
504 1733 564 1818 μέν
585 1737 751 1820 πρόσγειον
775 1738 823 1821 ἦν,
852 1737 888 1800 τὸ
912 1734 940 1802 δ’
965 1738 1042 1821 ἦρτο
1063 1739 1234 1821 μετέωρον,
1261 1739 1325 1804 εἶτα
1347 1739 1383 1804 τὸ

263 1836 322 1916 μὲν
343 1839 504 1919 μετέωρον
527 1844 663 1921 κατῆκτο
686 1837 767 1920 πρὸς
791 1847 858 1922 γῆν,
882 1838 919 1902 τὸ
942 1840 977 1904 δὲ
998 1841 1165 1923 πρόσγειον
1186 1843 1382 1924 μετειόριοτο.

219 1938 371 2002 98“οότο)
396 1935 424 2002 δ’
449 1941 575 2010 εἰκάσας
598 1939 710 2003 καὶτὰ
738 1942 925 2022 ἀνθρώπινα
953 1944 1123 2025 πράγματα
1151 1945 1303 2007 κινεῖσθαι
1329 1945 1383 2007 καὶ

263 2043 496 2125 μεταφέρεσθαι
524 2043 698 2127 ἕξεγέλαοα,
730 2045 935 2127 λογισάμενος
961 2045 1009 2116 ὡς
1036 2047 1096 2111 οὐκ
1120 2047 1275 2110 ἀδύνατον
1298 2047 1382 2109 οὕτω
1395 2054 1429 2108 15

265 2145 445 2228 διατεθῆναι
467 2145 520 2209 καί
542 2144 579 2208 τά
607 2141 674 2208 κατ’
699 2146 844 2228 ἐμαυτόν,
876 2146 930 2210 καί
957 2147 1066 2228 ὥσπερ
1093 2148 1128 2220 ἐξ
1155 2148 1260 2228 ὕψους
1286 2170 1382 2228 κατη-

264 2249 382 2330 νέχθην
413 2249 456 2319 εἰς
483 2249 691 2332 ταπεινότητα,
723 2251 826 2320 οὕτως
854 2247 948 2320 αὖθις
975 2251 1052 2320 ἴσως
1079 2249 1115 2312 ἔτι
1143 2248 1383 2333 χθαμαλότιγτος

232 2351 307 2423 Calc
330 2351 413 2433 θιγος
437 2352 614 2435 ἐπαρθῆναι
637 2352 690 2415 καὶ
714 2353 858 2435 γενέσθαι
874 2351 1073 2436 μετάρσιος.”
1116 2358 1211 2416 ταῦτα
1226 2351 1286 2435 μέν
1300 2350 1383 2415 εἶπεν

219 2455 391 2526 29έκεῖνος.
438 2455 457 2519 δ
481 2454 515 2518 δὲ
538 2454 599 2537 ῥλγξ
621 2456 674 2520 καὶ
696 2457 752 2540 τὴν
774 2461 838 2519 τῶν
860 2456 965 2538 λόγων
987 2456 1138 2538 ἀλήθειαν
1153 2455 1196 2526 εἰς
1210 2461 1287 2518 νοῦν
1301 2454 1382 2537 ελλη-

319 2664 332 2717 1
353 2673 397 2733 τῆς
417 2664 453 2731 Ι),
473 2674 525 2725 τοῖς
545 2681 621 2719 corr.
641 2664 692 2721 Dw
764 2666 782 2719 2
800 2664 1021 2733 συνεπιλαβέσθαι
1039 2664 1114 2733 pr
1186 2664 1204 2717 3
1223 2671 1269 2718 τοῦ
1287 2662 1324 2731 D,
1342 2671 1380 2730 τῷ

318 2751 393 2790 corr.
407 2736 458 2793 Dw
530 2737 548 2791 6
563 2738 614 2803 δπη
630 2734 768 2805 Emle)
839 2738 857 2789 8
875 2735 1015 2803 άπαγγτίλη
1028 2735 1168 2802 E(B·W),
1186 2735 1332 2803 ἀπαγγεὶλει
1345 2734 1381 2800 Α,

316 2808 493 2875 ἀπαγγείλειτν
512 2804 637 2877 prDt'‚
657 2824 685 2861 v.
705 2808 745 2861 ad
764 2807 833 2861 xlv
854 2808 894 2872 10,
916 2807 947 2859 ll
1030 2806 1047 2859 9
1066 2826 1089 2859 τι
1109 2822 1166 2860 om.
1186 2806 1210 2860 0
1283 2806 1317 2860 10
1334 2805 1383 2859 οὖν

317 2877 426 2949 ΑΕτνρ,
446 2878 519 2933 ‹th
630 2879 659 2931 ll
680 2879 791 2946 τροχοὺς
812 2878 885 2947 pr
905 2876 991 2932 Cedr.
1011 2876 1154 2945 (Scylilz.)
1177 2876 1203 2930 ll
1223 2894 1249 2947 p.
1269 2876 1329 2943 2¹21,
1348 2877 1383 2930 15

352 2950 398 3017 ἀμ.
416 2950 527 3005 είτενΟ
602 2950 635 3002 12
653 2950 692 3004 ὧν
712 2950 785 3019 pr
868 2949 900 3002 14
918 2949 1024 3002 κεῖσθαι
1044 2948 1067 3001 E
1148 2948 1244 3002 16καὶ
1263 2954 1334 3003 ante
1352 2948 1383 3002 τά

318 3022 417 3077 om.C
508 3021 538 3075 τὰ
557 3038 614 3075 om.
634 3020 670 3087 D,
692 3021 788 3090 suppl.
812 3020 863 3076 Dw
954 3021 986 3074 17
1005 3022 1070 3079 ἴσως
1090 3036 1147 3073 σαι.
1168 3018 1194 3072 D
1218 3021 1269 3074 We
1288 3021 1337 3073 lat.

353 3094 536 3162 θαμαλότητος
555 3092 582 3146 D
655 3092 690 3146 18
707 3092 824 3161 ἀρθῆναι
845 3092 871 3144 D

264 3284 417 3355 legatione
437 3284 623 3354 supplicibus
637 3288 667 3338 el
686 3286 782 3338 classe
801 3284 851 3337 illa
864 3288 894 3337 et
903 3300 961 3408 ραι·
974 3282 1160 3338 Francorum
1179 3298 1283 3353 regem
1297 3298 1383 3353 opem

219 3348 254 3402 23
265 3356 339 3423 tulit,
359 3372 377 3409 a
397 3370 457 3425 quo
478 3371 532 3425 per
550 3355 665 3409 litteras
685 3356 822 3425 petierat,
850 3360 884 3408 ut
930 3356 1046 3408 omanis
1065 3355 1238 3424 legionibus
1256 3355 1288 3408 ln
1306 3355 1383 3408 bello

219 3420 254 3473 24
263 3424 436 3496 Agerenieo
453 3428 588 3495 adessem
604 3428 643 3491 ab
658 3427 754 3496 iisque
767 3425 980 3496 Agmenorum
994 3428 1131 3480 exereitu
1144 3426 1264 3479 devicto
1278 3441 1383 3481 eorrim

264 3498 413 3567 princeps,
442 3512 531 3567 quem
557 3498 717 3552 suldanum
745 3503 865 3563 vocant,
894 3504 1001 3567 captus
1019 3502 1051 3552 ei
1069 3513 1087 3551 a
1106 3512 1180 3567 rege
1198 3496 1383 3551 Francorum

219 3562 400 3638 250apuam
421 3569 585 3637 perductus
604 3574 657 3623 est.
694 3570 754 3625 Ubi
773 3584 840 3623 cunr
871 3568 1024 3622 biennium
1045 3576 1184 3623 versatus
1204 3572 1290 3634 esset,
1309 3583 1383 3621 nuu-

264 3654 354 3709 quam
375 3654 393 3692 a
414 3655 565 3709 quoquam
587 3642 687 3695 risisse
708 3641 791 3695 visus
809 3645 861 3705 est,
890 3648 924 3693 ut
943 3656 998 3694 rex
1017 3642 1144 3693 miratus
1163 3640 1277 3694 diceret
1295 3655 1328 3693 aa
1346 3640 1382 3705 ei,

219 3706 316 3779 26οαί
335 3711 499 3765 barbarum
521 3712 622 3765 risisse
641 3713 802 3778 nuntiaret,
829 3712 996 3779 praemium
1016 3711 1157 3765 daturum
1177 3726 1251 3765 esse.
1288 3710 1384 3775 Quem

264 3782 425 3837 suldanum
444 3798 511 3836 oum
542 3783 664 3851 quidam
692 3783 781 3837 semel
812 3783 913 3835 risisse
941 3783 1117 3848 nuntiasset,
1146 3784 1290 3837 arcessito
1318 3783 1383 3836 bar·

219 3850 339 3908 learo
358 3854 436 3908 risus
456 3869 579 3907 causam
598 3870 653 3908 rex
673 3854 832 3922 quaesivit.
870 3853 909 3905 At
928 3853 978 3907 ille
991 3853 1122 3907 “Rotam
1141 3852 1272 3907 currus”
1286 3853 1384 3921 inquit

262 3926 280 3947 “
288 3924 358 3992 vidi,
377 3924 430 3979 ubi
450 3940 518 3979 cum
538 3925 634 3979 altera
648 3930 748 3979 terrae
762 3924 959 3990 incumberet,
978 3925 1074 3979 altera
1087 3940 1208 3979 sursum
1221 3924 1384 3990 tolleretur,

263 4012 334 4051 mox
355 4012 401 4063 ea,
421 4011 500 4066 quae
519 3997 654 4050 sublimis
674 3999 782 4063 luerat,
806 3994 959 4065 depressa,
987 4011 1067 4065 quae
1086 3997 1213 4062 humilis,
1241 3996 1270 4049 in
1290 3995 1384 4049 altum

219 4066 415 4123 assument.
455 4068 541 4123 Unde
562 4070 738 4123 coniectura
757 4076 847 4137 capta
875 4083 924 4121 ree
951 4067 1099 4121 humanas
1127 4068 1233 4121 eodem
1262 4080 1385 4134 quoque

265 4138 353 4194 modo
374 4141 537 4194 moverint
565 4140 730 4205 transferri,
759 4140 789 4191 in
809 4140 900 4191 risum
920 4140 1015 4207 erupi,
1046 4154 1135 4207 posse
1153 4139 1218 4191 lieri
1237 4137 1385 4206 angilane,

264 4216 298 4264 ut
317 4216 346 4264 et
365 4226 501 4265 mearum
520 4226 621 4265 rernm
641 4216 737 4264 status
756 4210 835 4264 idern
855 4219 990 4263 essetne
1009 4224 1065 4274 me,
1093 4208 1348 4278 quemadmodum
1367 4223 1385 4261 e

264 4282 383 4337 sublimi
407 4297 472 4337 sum
502 4282 624 4336 humum
654 4281 825 4349 depressus,
852 4282 895 4335 sie
920 4282 1030 4335 iterum
1058 4296 1098 4335 ex
1125 4279 1228 4334 humili
1258 4278 1325 4333 loeo
1353 4279 1385 4332 ia

220 4350 358 4411 2balium
379 4355 457 4407 sorte
477 4353 588 4407 elatum
617 4352 774 4407 sublimem
805 4352 897 4407 l'ore.'’
933 4352 998 4405 Rex
1025 4356 1056 4406 et
1083 4350 1211 4405 veritate
1239 4350 1386 4405 orationis

266 4424 458 4488 eouaiderata
483 4428 513 4482 et
537 4424 656 4482 suldani
675 4424 818 4481 fortunae
847 4425 1110 4481 commutationem
1138 4423 1298 4479 miseratus
1314 4436 1387 4478 eum
