3050 4775
284 380 383 437 XVIII
758 380 922 436 Praefatio.

284 565 345 629 hoe
369 563 528 629 volumine
552 563 763 643 contInentur,
788 558 908 627 fontes
932 561 1027 627 hodie
1050 582 1114 628 non
1132 567 1270 646 exstant,
1294 570 1401 629 tamen

284 693 345 739 non
369 670 464 737 modo
492 673 651 736 maximae
674 671 776 756 partis
800 672 959 755 epitomae
983 671 1148 737 Zonareae
1170 681 1318 739 auctores
1348 694 1400 737 no-

283 786 357 851 stris
380 782 412 847 in
435 781 581 847 manibus
604 786 686 863 sunt,
720 778 779 845 sed
809 781 906 845 etiam
934 787 1103 865 supersunt
1127 782 1248 864 aliquot
1270 787 1402 870 scripto-

282 913 334 960 res
358 892 537 978 ByzantIni
572 894 625 975 qui
653 892 811 957 Zonaram
841 892 902 958 sibi
935 893 1091 976 elegerint
1120 895 1365 961 exscribendum
1379 900 1400 961 ¹.

281 1002 396 1084 Neque
420 1008 527 1066 tamen
550 1020 569 1065 e
592 999 734 1065 fontibus
750 1000 896 1065 Zonarae
918 1000 1143 1086 comparandis
1164 1007 1287 1068 tantum
1310 1023 1400 1069 usum

282 1111 448 1195 percipere
471 1128 649 1194 possumus,
684 1115 838 1191 quantum
861 1109 932 1191 quis
955 1111 1142 1194 speraverit,
1179 1109 1263 1193 quod
1287 1112 1329 1177 ab
1362 1132 1400 1178 eo

282 1225 429 1284 auctores
456 1237 519 1281 non
550 1215 592 1282 ad
620 1217 751 1283 verbum
776 1237 846 1283 esse
870 1217 1048 1301 descriptos
1071 1217 1129 1283 sed
1153 1218 1311 1285 liberrime
1346 1218 1400 1284 ad-

282 1324 399 1391 hibitos
423 1344 494 1391 csse
517 1332 653 1410 apparet
674 1329 718 1407 (v.
742 1326 846 1391 B-W
870 1331 1038 1391 comment.
1062 1326 1223 1391 Fleckeis.
1247 1349 1278 1412 p.
1306 1327 1399 1408 125l3

282 1433 488 1517 quamobrem
512 1440 660 1499 auctores
675 1435 821 1500 Zonarae
845 1438 878 1499 et
900 1433 1043 1499 asseclas
1066 1433 1312 1517 diligentissime
1329 1456 1400 1500 cou-

280 1540 395 1607 terenti
428 1547 563 1637 apparet
596 1540 639 1606 ad
671 1542 817 1607 Zonaras
850 1542 950 1607 verba
981 1541 1180 1607 restituenda
1213 1544 1267 1607 vis
1301 1544 1399 1608 ullum

280 1648 420 1715 fructum
453 1647 528 1714 inde
561 1649 634 1735 capi
666 1669 761 1734 posse
793 1656 921 1734 praeter
950 1670 1002 1716 res
1025 1655 1058 1714 et
1087 1650 1208 1715 formas
1236 1650 1398 1715 nominum

279 1756 513 1841 propriomml,
549 1777 631 1839 quae
659 1758 688 1823 ei
712 1776 838 1840 quoque
866 1776 991 1841 semper
1019 1756 1086 1823 fere
1114 1764 1205 1823 erant
1229 1756 1398 1823 tenendae.
1495 1825 1498 1836 ‚

281 1863 347 1929 Sed
370 1884 410 1929 ne
434 1862 476 1929 de
500 1864 609 1930 formis
633 1863 761 1947 quidem
785 1866 947 1930 nominum
970 1866 1179 1949 propriorum,
1204 1885 1286 1947 quae
1304 1887 1324 1930 a
1341 1865 1399 1930 Zo-

278 1990 377 2037 narae
399 1972 582 2037 auctoribus
597 1972 649 2037 vel
665 1971 796 2037 asseclis
815 1970 982 2037 adhibitae
1005 1978 1087 2054 saint,
1112 1971 1300 2057 saepissime
1312 1972 1399 2053 quic-

279 2100 374 2162 quam
405 2081 483 2146 certi
514 2084 649 2161 constat,
686 2081 834 2162 quoniam
864 2100 967 2163 neque
994 2079 1145 2164 Scylitnis
1173 2100 1277 2162 neque
1300 2079 1398 2144 Pselli

280 2188 387 2267 verba,
411 2208 452 2252 ne
476 2186 665 2269 (ledrenum,
696 2186 869 2270 Georgium
893 2186 1094 2270 Monachum,
1124 2188 1264 2252 Leonem
1288 2186 1400 2252 Gram-

280 2295 440 2377 matieum,
465 2293 546 2359 alios
569 2295 739 2375 nemiuem,
770 2295 817 2359 ita
840 2300 913 2360 sunt
937 2293 1035 2377 edita,
1067 2300 1113 2372 ut,
1147 2314 1229 2376 quae
1253 2294 1285 2359 in
1308 2294 1398 2360 librIs

277 2423 372 2467 manu
391 2403 518 2488 scriptis
533 2401 598 2466 fide
621 2402 818 2486 dignissimis
842 2408 976 2468 exarata
999 2403 1073 2485 sint,
1097 2403 1236 2487 perspici
1253 2403 1353 2487 possit
1367 2405 1395 2468 ³:
1496 2442 1497 2445 =

366 2509 491 2593 Restat,
516 2517 551 2576 ut
575 2515 781 2595 conspectum
805 2516 960 2593 notarum,
985 2510 1100 2592 quibus
1115 2511 1164 2575 usi
1184 2530 1302 2593 sumna,
1327 2530 1397 2595 pro·
1496 2600 1497 2603 Ἴ

300 2637 416 2682 onamu
436 2668 443 2682 .
1496 2654 1497 2671 t

277 2638 345 2790 pA:
369 2639 531 2792 Paiisinus
555 2725 676 2809 Regius
707 2725 793 2790 1715
820 2726 958 2809 scriptus
981 2746 1010 2789 a.
1038 2725 1124 2789 1289
1148 2728 1192 2807 (v.
1217 2725 1259 2790 ad
1283 2726 1396 2790 XVIII

365 2832 419 2915 29,
432 2833 500 2915 30),
533 2855 554 2899 a
585 2853 636 2899 me
664 2838 738 2919 post
760 2833 915 2899 Haasium
946 2833 1061 2898 iterum
1086 2832 1221 2898 collatus
1244 2835 1286 2913 (v.
1310 2833 1394 2919 Byz.

279 2959 485 2967 ———.—-.-.

365 3025 469 3083 ¹Cum
495 3027 533 3082 de
558 3029 694 3082 fontibus
713 3043 731 3081 a
752 3028 870 3082 Zonara
896 3028 1039 3082 adhibitis
1064 3029 1162 3097 iisque
1188 3027 1395 3096 scriptoribus

276 3119 327 3188 qui
347 3117 494 3172 Zonaram
521 3123 691 3188 sequuntur
716 3123 881 3183 auctorem,
910 3119 937 3172 h.
956 3118 973 3171 l.
994 3118 1063 3172 ideo
1086 3117 1182 3171 verba
1206 3118 1308 3171 facere
1333 3133 1395 3171 non

275 3208 433 3276 possimus,
465 3209 547 3277 quod
578 3209 702 3262 editioni
733 3212 856 3262 nostrae
888 3208 962 3261 linos
994 3208 1134 3262 artissimi
1167 3211 1237 3261 sunt
1270 3209 1395 3261 circum-

275 3297 386 3366 scrIpti,
413 3312 469 3351 nos
492 3297 591 3351 libello
616 3313 752 3352 seorsum
772 3297 969 3366 exprimendo
990 3302 1020 3351 et
1041 3297 1138 3365 patilo
1158 3311 1297 3350 sermone
1317 3312 1393 3350 eom-

274 3387 416 3456 ponendo
436 3401 481 3453 ea,
502 3402 581 3457 quae
603 3388 633 3440 in
655 3386 960 3440 commentationibus
971 3386 1226 3440 Fleckeiscnianis
1245 3386 1394 3440 disserere

275 3477 438 3546 coepimus,
466 3481 496 3531 et
515 3476 684 3545 suppleturi
703 3481 733 3531 ct
752 3476 792 3530 ad
811 3476 901 3530 finem
921 3476 1097 3544 perducturi
1116 3490 1229 3541 sumus,
1255 3476 1394 3545 quamvis

274 3579 329 3635 pcr
348 3581 381 3620 se
400 3569 504 3633 pateat
522 3566 579 3618 hac
597 3566 628 3618 in
650 3564 783 3620 editIone
803 3565 942 3634 paranda
961 3581 979 3618 a
997 3567 1086 3619 nohis
1105 3579 1224 3634 semper
1243 3570 1274 3619 et
1292 3568 1394 3619 aucto·

273 3670 322 3709 res
341 3654 478 3709 Zonarae
501 3659 530 3709 et
555 3656 620 3709 eius
644 3655 785 3723 asseclas,
814 3657 865 3724 qui
889 3660 1061 3725 supersunt,
1089 3659 1279 3723 comparatos
1302 3659 1340 3719 et,
1369 3655 1393 3708 si

274 3758 351 3812 opus
370 3744 479 3810 fuerat,
499 3743 604 3798 allatos
624 3759 698 3798 esse.
726 3743 833 3813 Neque
847 3759 920 3798 vero
935 3743 1250 3813 praetereundumest
1264 3758 1394 3813 eaquae

274 3831 301 3888 S.
321 3833 502 3888 Roeclcelius
532 3837 570 3896 (v.
595 3833 858 3888 Krumbacherum
884 3834 987 3888 Gcscb.
1013 3833 1041 3886 d.
1068 3833 1131 3902 byz.
1157 3830 1228 3886 Litt.
1255 3832 1393 3887 Monach.

274 3921 342 3976 1891
363 3938 390 3992 p.
412 3921 473 3987 145)
495 3923 662 3992 disputavit
689 3923 726 3977 de
750 3923 874 3989 ratione,
903 3938 983 3991 quae
1004 3923 1082 3976 inter
1101 3922 1231 3976 Psellum
1252 3927 1281 3976 et
1300 3921 1394 3977 Zona-

273 4026 338 4065 ram
357 4013 533 4081 intercedat,
553 4029 572 4066 a
591 4013 679 4067 nobis
697 4028 759 4066 non
780 4014 915 4082 potuisse
934 4013 1049 4081 inspici,

361 4097 438 4156 ²De
457 4103 631 4156 nominibus
651 4103 783 4172 propriis
802 4101 1006 4156 conferendus
1022 4101 1078 4155 erit
1105 4099 1197 4156 Index
1216 4100 1392 4165 historicus,

273 4205 363 4258 quem
382 4191 413 4244 in
432 4190 493 4245 fine
513 4190 674 4245 volumInis
694 4190 868 4245 adiecimus.

360 4276 372 4313 ³
391 4278 532 4335 Ceterum
552 4284 636 4349 patet
661 4281 824 4349 scriptores
843 4279 1029 4348 Byzantinos
1052 4297 1070 4334 a
1089 4280 1177 4333 nobis
1197 4295 1264 4334 esse
1284 4281 1392 4335 citatos

270 4367 438 4423 secundum
466 4369 613 4424 editiones
632 4367 809 4423 Bonnenses
825 4374 947 4439 praeter·
964 4369 1182 4438 Theophanem
1203 4374 1233 4423 et
1246 4369 1392 4439 Nicepho-

271 4473 340 4512 rum
360 4455 551 4527 Cpolitanum
571 4459 627 4513 viri
647 4458 803 4514 clarissimi
824 4459 861 4514 de
876 4459 956 4514 Boor
975 4459 1132 4529 diligentia
1155 4460 1266 4529 optime
1286 4460 1391 4514 editos.
