<?xml version="1.0" encoding="UTF-8"?>
<!DOCTYPE html PUBLIC "-//W3C//DTD XHTML 1.0 Transitional//EN"
    "http://www.w3.org/TR/xhtml1/DTD/xhtml1-transitional.dtd">
<html xmlns="http://www.w3.org/1999/xhtml" xml:lang="en" lang="en">
 <head>
  <title>
</title>
<meta http-equiv="Content-Type" content="text/html;charset=utf-8" />
  <meta name='ocr-system' content='tesseract 3.04.00' />
  <meta name='ocr-capabilities' content='ocr_page ocr_carea ocr_par ocr_line ocrx_word'/>
</head>
<body>
  <div class='ocr_page' id='page_1' title='image "./corpusscriptoru01theogoog/corpusscriptoru01theogoog_0049.png"; bbox 0 0 3050 4775; ppageno 0'>
   <div class='ocr_carea' id='block_1_1' title="bbox 309 378 1255 451">
    <p class='ocr_par' dir='ltr' id='par_1_1' title="bbox 309 378 1255 451">
     <span class='ocr_line' id='line_1_1' title="bbox 309 378 1255 451; baseline -0.006 -2"><span class='ocrx_word' id='word_1_1' title='bbox 309 380 518 451; x_wconf 72' lang='lat' dir='ltr'>APOLLINIS</span> <span class='ocrx_word' id='word_1_2' title='bbox 538 380 701 450; x_wconf 73' lang='lat' dir='ltr'><strong>STATVA.</strong></span> <span class='ocrx_word' id='word_1_3' title='bbox 738 378 1077 449; x_wconf 68' lang='lat' dir='ltr'>paramentum.</span> <span class='ocrx_word' id='word_1_4' title='bbox 1220 380 1255 444; x_wconf 78' lang='grc'>19</span> 
     </span>
    </p>
   </div>
   <div class='ocr_carea' id='block_1_2' title="bbox 103 566 1299 1171">
    <p class='ocr_par' dir='ltr' id='par_1_2' title="bbox 129 566 1299 966">
     <span class='ocr_line' id='line_1_2' title="bbox 213 566 1299 659; baseline -0.008 -18"><span class='ocrx_word' id='word_1_5' title='bbox 213 576 337 649; x_wconf 81' lang='grc' dir='ltr'><strong><em>Ἄλλοις</em></strong></span> <span class='ocrx_word' id='word_1_6' title='bbox 351 601 383 640; x_wconf 94' lang='grc' dir='ltr'><strong><em>τε</em></strong></span> <span class='ocrx_word' id='word_1_7' title='bbox 399 574 466 649; x_wconf 81' lang='grc' dir='ltr'><strong><em>οὖν,</em></strong></span> <span class='ocrx_word' id='word_1_8' title='bbox 489 574 535 646; x_wconf 87' lang='grc' dir='ltr'>ὡς</span> <span class='ocrx_word' id='word_1_9' title='bbox 550 577 676 659; x_wconf 81' lang='grc' dir='ltr'><strong><em>εἴρηται,</em></strong></span> <span class='ocrx_word' id='word_1_10' title='bbox 692 575 818 646; x_wconf 77' lang='grc' dir='ltr'><em>πολλοῖς</em></span> <span class='ocrx_word' id='word_1_11' title='bbox 833 574 890 659; x_wconf 80' lang='grc' dir='ltr'>τήν</span> <span class='ocrx_word' id='word_1_12' title='bbox 903 573 994 638; x_wconf 90' lang='grc' dir='ltr'><strong><em>πόλιν</em></strong></span> <span class='ocrx_word' id='word_1_13' title='bbox 1009 574 1028 639; x_wconf 92' lang='grc' dir='ltr'><strong><em>ό</em></strong></span> <span class='ocrx_word' id='word_1_14' title='bbox 1041 572 1142 656; x_wconf 74' lang='grc' dir='ltr'><strong><em>μέγας</em></strong></span> <span class='ocrx_word' id='word_1_15' title='bbox 1156 574 1252 638; x_wconf 85' lang='grc' dir='ltr'><strong><em>Κων-</em></strong></span> <span class='ocrx_word' id='word_1_16' title='bbox 1263 566 1299 632; x_wconf 77' lang='lat'>29</span> 
     </span>
     <span class='ocr_line' id='line_1_3' title="bbox 129 675 1255 761; baseline -0.004 -17"><span class='ocrx_word' id='word_1_17' title='bbox 129 686 289 750; x_wconf 85' lang='grc' dir='ltr'><strong><em>σταντῖνος</em></strong></span> <span class='ocrx_word' id='word_1_18' title='bbox 312 678 469 761; x_wconf 75' lang='grc' dir='ltr'><strong><em>ἐκόσμησε</em></strong></span> <span class='ocrx_word' id='word_1_19' title='bbox 484 678 706 761; x_wconf 80' lang='grc' dir='ltr'><strong><em>καὶπρότερον</em></strong></span> <span class='ocrx_word' id='word_1_20' title='bbox 721 677 895 760; x_wconf 76' lang='grc' dir='ltr'><strong><em>ἐπισκοπὴν</em></strong></span> <span class='ocrx_word' id='word_1_21' title='bbox 909 679 947 741; x_wconf 86' lang='grc' dir='ltr'>ὂν</span> <span class='ocrx_word' id='word_1_22' title='bbox 962 675 997 741; x_wconf 87' lang='grc' dir='ltr'>τὸ</span> <span class='ocrx_word' id='word_1_23' title='bbox 1013 676 1186 749; x_wconf 83' lang='grc' dir='ltr'><strong><em>Βυζάντιον</em></strong></span> <span class='ocrx_word' id='word_1_24' title='bbox 1201 682 1255 759; x_wconf 84' lang='grc' dir='ltr'>τῆς</span> 
     </span>
     <span class='ocr_line' id='line_1_4' title="bbox 134 778 1288 865; baseline -0.009 -18"><span class='ocrx_word' id='word_1_25' title='bbox 134 782 303 865; x_wconf 79' lang='grc' dir='ltr'><strong><em>Θρᾳκικῆς</em></strong></span> <span class='ocrx_word' id='word_1_26' title='bbox 314 780 511 863; x_wconf 75' lang='grc' dir='ltr'><strong><em>Ἡρακλείας,</em></strong></span> <span class='ocrx_word' id='word_1_27' title='bbox 535 780 581 851; x_wconf 85' lang='grc' dir='ltr'>ὡς</span> <span class='ocrx_word' id='word_1_28' title='bbox 603 779 667 845; x_wconf 84' lang='grc' dir='ltr'>ὑπό</span> <span class='ocrx_word' id='word_1_29' title='bbox 683 779 831 863; x_wconf 86' lang='grc' dir='ltr'><strong><em>Σευήρου</em></strong></span> <span class='ocrx_word' id='word_1_30' title='bbox 854 785 917 850; x_wconf 85' lang='grc' dir='ltr'><strong><em>τοῖς</em></strong></span> <span class='ocrx_word' id='word_1_31' title='bbox 932 778 1125 862; x_wconf 73' lang='grc' dir='ltr'><strong><em>Πειριπλίοις</em></strong></span> <span class='ocrx_word' id='word_1_32' title='bbox 1142 778 1288 841; x_wconf 79' lang='grc' dir='ltr'><strong><em>ὕπατε-Β</em></strong></span> 
     </span>
     <span class='ocr_line' id='line_1_5' title="bbox 130 881 1256 966; baseline -0.004 -17"><span class='ocrx_word' id='word_1_33' title='bbox 130 885 191 949; x_wconf 64' lang='lat' dir='ltr'>eis</span> <span class='ocrx_word' id='word_1_34' title='bbox 216 883 295 966; x_wconf 83' lang='grc' dir='ltr'><strong><em>μετὰ</em></strong></span> <span class='ocrx_word' id='word_1_35' title='bbox 318 883 374 965; x_wconf 84' lang='grc' dir='ltr'>τὴν</span> <span class='ocrx_word' id='word_1_36' title='bbox 396 882 522 957; x_wconf 80' lang='grc' dir='ltr'><strong><em>ἅλωσιν,</em></strong></span> <span class='ocrx_word' id='word_1_37' title='bbox 547 883 594 953; x_wconf 86' lang='grc' dir='ltr'>ὡς</span> <span class='ocrx_word' id='word_1_38' title='bbox 616 884 649 947; x_wconf 86' lang='grc' dir='ltr'>ἐν</span> <span class='ocrx_word' id='word_1_39' title='bbox 672 888 735 953; x_wconf 85' lang='grc' dir='ltr'><strong><em>τοῖς</em></strong></span> <span class='ocrx_word' id='word_1_40' title='bbox 758 883 829 963; x_wconf 78' lang='grc' dir='ltr'><strong><em>περὶ</em></strong></span> <span class='ocrx_word' id='word_1_41' title='bbox 851 881 1000 965; x_wconf 88' lang='grc' dir='ltr'><strong><em>Σευήρου</em></strong></span> <span class='ocrx_word' id='word_1_42' title='bbox 1024 882 1190 963; x_wconf 77' lang='grc' dir='ltr'><strong><em>ἱστόρηται,</em></strong></span> <span class='ocrx_word' id='word_1_43' title='bbox 1212 881 1256 952; x_wconf 86' lang='grc' dir='ltr'><strong><em>εἰς</em></strong></span> 
     </span>
    </p>

    <p class='ocr_par' dir='ltr' id='par_1_3' title="bbox 103 981 1256 1171">
     <span class='ocr_line' id='line_1_6' title="bbox 103 981 1256 1069; baseline -0.003 -19"><span class='ocrx_word' id='word_1_44' title='bbox 103 986 225 1069; x_wconf 71' lang='grc' dir='ltr'><strong><em>ὁτιμήν</em></strong></span> <span class='ocrx_word' id='word_1_45' title='bbox 248 986 385 1068; x_wconf 77' lang='grc' dir='ltr'><strong><em>ἀνήγαγε</em></strong></span> <span class='ocrx_word' id='word_1_46' title='bbox 407 986 642 1069; x_wconf 83' lang='grc' dir='ltr'><strong><em>πατριαρχικήν,</em></strong></span> <span class='ocrx_word' id='word_1_47' title='bbox 666 992 704 1068; x_wconf 84' lang='grc' dir='ltr'>τῇ</span> <span class='ocrx_word' id='word_1_48' title='bbox 724 985 920 1067; x_wconf 84' lang='grc' dir='ltr'><strong><em>πρεσβυτέρᾳ</em></strong></span> <span class='ocrx_word' id='word_1_49' title='bbox 931 982 1039 1067; x_wconf 84' lang='grc' dir='ltr'><strong><em>Ῥώμη</em></strong></span> <span class='ocrx_word' id='word_1_50' title='bbox 1055 981 1092 1045; x_wconf 87' lang='grc' dir='ltr'>τὰ</span> <span class='ocrx_word' id='word_1_51' title='bbox 1107 984 1256 1066; x_wconf 81' lang='grc' dir='ltr'><strong><em>πρεσβεῖα</em></strong></span> 
     </span>
     <span class='ocr_line' id='line_1_7' title="bbox 132 1084 1256 1171; baseline -0.004 -18"><span class='ocrx_word' id='word_1_52' title='bbox 132 1088 274 1171; x_wconf 82' lang='grc' dir='ltr'><strong><em>τηρήσας</em></strong></span> <span class='ocrx_word' id='word_1_53' title='bbox 290 1086 341 1150; x_wconf 82' lang='grc' dir='ltr'>όιὰ</span> <span class='ocrx_word' id='word_1_54' title='bbox 356 1087 412 1169; x_wconf 84' lang='grc' dir='ltr'>τὴν</span> <span class='ocrx_word' id='word_1_55' title='bbox 426 1088 666 1169; x_wconf 81' lang='grc' dir='ltr'><strong><em>πρεσβυγένειαν</em></strong></span> <span class='ocrx_word' id='word_1_56' title='bbox 682 1088 735 1151; x_wconf 81' lang='grc' dir='ltr'><strong><em>καὶ</em></strong></span> <span class='ocrx_word' id='word_1_57' title='bbox 750 1087 785 1150; x_wconf 88' lang='grc' dir='ltr'>τὸ</span> <span class='ocrx_word' id='word_1_58' title='bbox 808 1087 864 1169; x_wconf 82' lang='grc' dir='ltr'>τὴν</span> <span class='ocrx_word' id='word_1_59' title='bbox 886 1086 1043 1169; x_wconf 77' lang='grc' dir='ltr'><strong><em>βασιλείαν</em></strong></span> <span class='ocrx_word' id='word_1_60' title='bbox 1065 1084 1186 1149; x_wconf 74' lang='grc' dir='ltr'><strong><em>ἐκεῖθεν</em></strong></span> <span class='ocrx_word' id='word_1_61' title='bbox 1207 1085 1256 1148; x_wconf 81' lang='grc' dir='ltr'>ἐν·</span> 
     </span>
    </p>
   </div>
   <div class='ocr_carea' id='block_1_3' title="bbox 86 1185 1301 1887">
    <p class='ocr_par' dir='ltr' id='par_1_4' title="bbox 86 1185 1301 1887">
     <span class='ocr_line' id='line_1_8' title="bbox 131 1185 1301 1273; baseline -0.003 -20"><span class='ocrx_word' id='word_1_62' title='bbox 131 1191 239 1254; x_wconf 78' lang='grc' dir='ltr'><strong><em>ταῦόα</em></strong></span> <span class='ocrx_word' id='word_1_63' title='bbox 253 1189 484 1273; x_wconf 70' lang='grc' dir='ltr'><strong><em>μετενεχθῆναι.</em></strong></span> <span class='ocrx_word' id='word_1_64' title='bbox 507 1188 547 1272; x_wconf 83' lang='grc' dir='ltr'>ἦν</span> <span class='ocrx_word' id='word_1_65' title='bbox 563 1190 597 1253; x_wconf 70' lang='lat' dir='ltr'>oi</span> <span class='ocrx_word' id='word_1_66' title='bbox 608 1190 675 1254; x_wconf 89' lang='grc' dir='ltr'><strong><em>τότε</em></strong></span> <span class='ocrx_word' id='word_1_67' title='bbox 687 1196 742 1253; x_wconf 86' lang='grc' dir='ltr'>τοῦ</span> <span class='ocrx_word' id='word_1_68' title='bbox 754 1189 930 1264; x_wconf 87' lang='grc' dir='ltr'><strong><em>Βυζαντίου</em></strong></span> <span class='ocrx_word' id='word_1_69' title='bbox 942 1188 1112 1257; x_wconf 76' lang='grc' dir='ltr'><strong><em>ἐπίσκοπος</em></strong></span> <span class='ocrx_word' id='word_1_70' title='bbox 1124 1185 1255 1269; x_wconf 87' lang='grc' dir='ltr'><strong><em>Μητρο-</em></strong></span> <span class='ocrx_word' id='word_1_71' title='bbox 1265 1195 1301 1250; x_wconf 88' lang='grc'>30</span> 
     </span>
     <span class='ocr_line' id='line_1_9' title="bbox 131 1289 1256 1375; baseline -0.003 -20"><span class='ocrx_word' id='word_1_72' title='bbox 131 1293 240 1375; x_wconf 84' lang='grc' dir='ltr'><strong><em>φάνης</em></strong></span> <span class='ocrx_word' id='word_1_73' title='bbox 254 1291 273 1355; x_wconf 88' lang='grc' dir='ltr'><strong><em>ό</em></strong></span> <span class='ocrx_word' id='word_1_74' title='bbox 286 1292 462 1373; x_wconf 76' lang='grc' dir='ltr'><strong><em>ἱερώτατος,</em></strong></span> <span class='ocrx_word' id='word_1_75' title='bbox 478 1290 546 1361; x_wconf 79' lang='grc' dir='ltr'><strong><em>υἱὸς</em></strong></span> <span class='ocrx_word' id='word_1_76' title='bbox 558 1291 710 1374; x_wconf 84' lang='grc' dir='ltr'><strong><em>Δομετίου</em></strong></span> <span class='ocrx_word' id='word_1_77' title='bbox 726 1292 867 1374; x_wconf 81' lang='grc' dir='ltr'><strong><em>ἀδελφοῦ</em></strong></span> <span class='ocrx_word' id='word_1_78' title='bbox 879 1290 1015 1374; x_wconf 83' lang='grc' dir='ltr'><strong><em>Πρόβου</em></strong></span> <span class='ocrx_word' id='word_1_79' title='bbox 1031 1296 1086 1353; x_wconf 84' lang='grc' dir='ltr'>τοῦ</span> <span class='ocrx_word' id='word_1_80' title='bbox 1101 1289 1256 1372; x_wconf 83' lang='grc' dir='ltr'><strong><em>βασιλέως</em></strong></span> 
     </span>
     <span class='ocr_line' id='line_1_10' title="bbox 131 1393 1255 1477; baseline -0.002 -18"><span class='ocrx_word' id='word_1_81' title='bbox 131 1395 314 1477; x_wconf 83' lang='grc' dir='ltr'><strong><em>γενόμενος·</em></strong></span> <span class='ocrx_word' id='word_1_82' title='bbox 342 1394 440 1475; x_wconf 84' lang='grc' dir='ltr'><strong><em>ὅσπερ</em></strong></span> <span class='ocrx_word' id='word_1_83' title='bbox 471 1393 509 1475; x_wconf 87' lang='grc' dir='ltr'>όὴ</span> <span class='ocrx_word' id='word_1_84' title='bbox 539 1393 731 1477; x_wconf 84' lang='grc' dir='ltr'><strong><em>ὁΔομίτιος</em></strong></span> <span class='ocrx_word' id='word_1_85' title='bbox 758 1395 794 1468; x_wconf 83' lang='grc' dir='ltr'>ἐξ</span> <span class='ocrx_word' id='word_1_86' title='bbox 820 1394 960 1464; x_wconf 81' lang='grc' dir='ltr'><strong><em>ἀπιστίας</em></strong></span> <span class='ocrx_word' id='word_1_87' title='bbox 982 1394 1026 1464; x_wconf 84' lang='grc' dir='ltr'><strong><em>εἰς</em></strong></span> <span class='ocrx_word' id='word_1_88' title='bbox 1046 1393 1145 1456; x_wconf 89' lang='grc' dir='ltr'><strong><em>πίστιν</em></strong></span> <span class='ocrx_word' id='word_1_89' title='bbox 1167 1415 1255 1475; x_wconf 82' lang='grc' dir='ltr'><strong><em>μετε-</em></strong></span> 
     </span>
     <span class='ocr_line' id='line_1_11' title="bbox 86 1494 1256 1580; baseline -0.008 -15"><span class='ocrx_word' id='word_1_90' title='bbox 86 1497 258 1580; x_wconf 79' lang='grc' dir='ltr'><strong><em>Ιονεχόείς</em></strong></span> <span class='ocrx_word' id='word_1_91' title='bbox 286 1496 339 1560; x_wconf 83' lang='grc' dir='ltr'><strong><em>καί</em></strong></span> <span class='ocrx_word' id='word_1_92' title='bbox 369 1495 419 1559; x_wconf 83' lang='grc' dir='ltr'>όιά</span> <span class='ocrx_word' id='word_1_93' title='bbox 451 1500 542 1559; x_wconf 86' lang='grc' dir='ltr'><strong><em>τοῦτο</em></strong></span> <span class='ocrx_word' id='word_1_94' title='bbox 573 1496 629 1579; x_wconf 82' lang='grc' dir='ltr'>τὴν</span> <span class='ocrx_word' id='word_1_95' title='bbox 652 1496 781 1579; x_wconf 82' lang='grc' dir='ltr'><strong><em>Ῥώμην</em></strong></span> <span class='ocrx_word' id='word_1_96' title='bbox 807 1495 916 1577; x_wconf 83' lang='grc' dir='ltr'><strong><em>λιπών,</em></strong></span> <span class='ocrx_word' id='word_1_97' title='bbox 949 1496 993 1565; x_wconf 82' lang='grc' dir='ltr'>τίς</span> <span class='ocrx_word' id='word_1_98' title='bbox 1019 1494 1055 1557; x_wconf 89' lang='grc' dir='ltr'>τὸ</span> <span class='ocrx_word' id='word_1_99' title='bbox 1084 1494 1256 1569; x_wconf 78' lang='grc' dir='ltr'><strong><em>Βυζάντιον</em></strong></span> 
     </span>
     <span class='ocr_line' id='line_1_12' title="bbox 131 1591 1299 1681; baseline -0.002 -19"><span class='ocrx_word' id='word_1_100' title='bbox 131 1600 331 1681; x_wconf 83' lang='grc' dir='ltr'><strong><em>παραγέγονε</em></strong></span> <span class='ocrx_word' id='word_1_101' title='bbox 353 1598 407 1661; x_wconf 85' lang='grc' dir='ltr'><strong><em>καί</em></strong></span> <span class='ocrx_word' id='word_1_102' title='bbox 429 1598 472 1668; x_wconf 84' lang='grc' dir='ltr'><strong><em>εἰς</em></strong></span> <span class='ocrx_word' id='word_1_103' title='bbox 493 1598 549 1681; x_wconf 83' lang='grc' dir='ltr'>τήν</span> <span class='ocrx_word' id='word_1_104' title='bbox 562 1605 617 1681; x_wconf 90' lang='grc' dir='ltr'>τῆς</span> <span class='ocrx_word' id='word_1_105' title='bbox 633 1599 805 1681; x_wconf 82' lang='grc' dir='ltr'><strong><em>ἐπισκοπῆς</em></strong></span> <span class='ocrx_word' id='word_1_106' title='bbox 820 1598 946 1681; x_wconf 74' lang='grc' dir='ltr'><strong><em>ἀνήχθη</em></strong></span> <span class='ocrx_word' id='word_1_107' title='bbox 962 1599 1134 1680; x_wconf 89' lang='grc' dir='ltr'><strong><em>περιωπήν.</em></strong></span> <span class='ocrx_word' id='word_1_108' title='bbox 1179 1591 1254 1678; x_wconf 70' lang='grc' dir='ltr'><strong><em>μεθ’</em></strong></span> <span class='ocrx_word' id='word_1_109' title='bbox 1264 1605 1299 1661; x_wconf 80' lang='grc'>31</span> 
     </span>
     <span class='ocr_line' id='line_1_13' title="bbox 132 1698 1256 1785; baseline -0.004 -20"><span class='ocrx_word' id='word_1_110' title='bbox 132 1704 173 1765; x_wconf 82' lang='grc' dir='ltr'>ὃν</span> <span class='ocrx_word' id='word_1_111' title='bbox 207 1700 338 1785; x_wconf 83' lang='grc' dir='ltr'><strong><em>Πρόβος</em></strong></span> <span class='ocrx_word' id='word_1_112' title='bbox 371 1700 439 1771; x_wconf 86' lang='grc' dir='ltr'><strong><em>υίὸς</em></strong></span> <span class='ocrx_word' id='word_1_113' title='bbox 472 1701 569 1765; x_wconf 79' lang='grc' dir='ltr'><strong><em>αὐτοῦ</em></strong></span> <span class='ocrx_word' id='word_1_114' title='bbox 604 1702 708 1783; x_wconf 80' lang='grc' dir='ltr'><strong><em>ἕτερος</em></strong></span> <span class='ocrx_word' id='word_1_115' title='bbox 740 1702 783 1771; x_wconf 88' lang='grc' dir='ltr'><strong><em>είς</em></strong></span> <span class='ocrx_word' id='word_1_116' title='bbox 813 1700 868 1764; x_wconf 80' lang='grc' dir='ltr'>τὸν</span> <span class='ocrx_word' id='word_1_117' title='bbox 899 1698 1116 1782; x_wconf 82' lang='grc' dir='ltr'><strong><em>ἀρχιερατικόν</em></strong></span> <span class='ocrx_word' id='word_1_118' title='bbox 1146 1704 1256 1761; x_wconf 82' lang='grc' dir='ltr'><strong><em>τοῦτον</em></strong></span> 
     </span>
     <span class='ocr_line' id='line_1_14' title="bbox 132 1802 1288 1887; baseline -0.001 -19"><span class='ocrx_word' id='word_1_119' title='bbox 132 1804 272 1887; x_wconf 78' lang='grc' dir='ltr'><strong><em>ἱδρύεται</em></strong></span> <span class='ocrx_word' id='word_1_120' title='bbox 293 1804 423 1887; x_wconf 81' lang='grc' dir='ltr'><strong><em>θρόνον,</em></strong></span> <span class='ocrx_word' id='word_1_121' title='bbox 447 1804 483 1867; x_wconf 85' lang='grc' dir='ltr'>ὃν</span> <span class='ocrx_word' id='word_1_122' title='bbox 507 1802 727 1887; x_wconf 77' lang='grc' dir='ltr'><strong><em>Μητροφάνης</em></strong></span> <span class='ocrx_word' id='word_1_123' title='bbox 749 1804 769 1867; x_wconf 88' lang='grc' dir='ltr'><strong><em>ό</em></strong></span> <span class='ocrx_word' id='word_1_124' title='bbox 793 1803 931 1887; x_wconf 78' lang='grc' dir='ltr'><strong><em>ἀδελφὸς</em></strong></span> <span class='ocrx_word' id='word_1_125' title='bbox 954 1802 1119 1875; x_wconf 83' lang='grc' dir='ltr'><strong><em>όιεόέξοτο.</em></strong></span> <span class='ocrx_word' id='word_1_126' title='bbox 1266 1811 1288 1867; x_wconf 84' lang='lat'>0</span> 
     </span>
    </p>
   </div>
   <div class='ocr_carea' id='block_1_4' title="bbox 87 1904 1286 2298">
    <p class='ocr_par' dir='ltr' id='par_1_5' title="bbox 87 1904 1286 2298">
     <span class='ocr_line' id='line_1_15' title="bbox 220 1904 1286 1989; baseline 0.001 -19"><span class='ocrx_word' id='word_1_127' title='bbox 220 1906 291 1971; x_wconf 82' lang='grc' dir='ltr'>Ἐπί</span> <span class='ocrx_word' id='word_1_128' title='bbox 317 1907 428 1969; x_wconf 90' lang='grc' dir='ltr'><strong><em>τούτου</em></strong></span> <span class='ocrx_word' id='word_1_129' title='bbox 450 1912 506 1969; x_wconf 87' lang='grc' dir='ltr'>τοῦ</span> <span class='ocrx_word' id='word_1_130' title='bbox 530 1906 764 1989; x_wconf 66' lang='grc' dir='ltr'><strong><em>αὐτοκράτορος</em></strong></span> <span class='ocrx_word' id='word_1_131' title='bbox 786 1907 839 1969; x_wconf 81' lang='grc' dir='ltr'><strong><em>καί</em></strong></span> <span class='ocrx_word' id='word_1_132' title='bbox 862 1906 1019 1989; x_wconf 79' lang='grc' dir='ltr'><strong><em>όἌρειος</em></strong></span> <span class='ocrx_word' id='word_1_133' title='bbox 1041 1911 1096 1989; x_wconf 81' lang='grc' dir='ltr'>τῆς</span> <span class='ocrx_word' id='word_1_134' title='bbox 1118 1904 1152 1967; x_wconf 81' lang='grc' dir='ltr'>ἐν</span> <span class='ocrx_word' id='word_1_135' title='bbox 1170 1904 1286 1971; x_wconf 69' lang='lat' dir='ltr'>’Aia-4</span> 
     </span>
     <span class='ocr_line' id='line_1_16' title="bbox 87 2007 1256 2092; baseline -0.002 -21"><span class='ocrx_word' id='word_1_136' title='bbox 87 2022 122 2079; x_wconf 85' lang='lat'>15</span> <span class='ocrx_word' id='word_1_137' title='bbox 133 2010 283 2091; x_wconf 82' lang='grc' dir='ltr'><strong><em>ξανόρείᾳ</em></strong></span> <span class='ocrx_word' id='word_1_138' title='bbox 306 2009 471 2092; x_wconf 77' lang='grc' dir='ltr'><strong><em>ἐκκλησίας</em></strong></span> <span class='ocrx_word' id='word_1_139' title='bbox 494 2010 593 2091; x_wconf 78' lang='grc' dir='ltr'><strong><em>ἱερεὺς</em></strong></span> <span class='ocrx_word' id='word_1_140' title='bbox 616 2010 810 2091; x_wconf 84' lang='grc' dir='ltr'><strong><em>ἐγνωρίζετο,</em></strong></span> <span class='ocrx_word' id='word_1_141' title='bbox 839 2009 952 2091; x_wconf 90' lang='grc' dir='ltr'><strong><em>κτίσμα</em></strong></span> <span class='ocrx_word' id='word_1_142' title='bbox 980 2008 1139 2090; x_wconf 78' lang='grc' dir='ltr'><strong><em>τολμήσας</em></strong></span> <span class='ocrx_word' id='word_1_143' title='bbox 1161 2007 1256 2071; x_wconf 76' lang='grc' dir='ltr'><strong><em>εἰπεῖν</em></strong></span> 
     </span>
     <span class='ocr_line' id='line_1_17' title="bbox 133 2108 1256 2194; baseline -0.002 -20"><span class='ocrx_word' id='word_1_144' title='bbox 133 2112 189 2175; x_wconf 86' lang='grc' dir='ltr'>τὸν</span> <span class='ocrx_word' id='word_1_145' title='bbox 212 2111 282 2175; x_wconf 75' lang='grc' dir='ltr'><strong><em>υἱὸν</em></strong></span> <span class='ocrx_word' id='word_1_146' title='bbox 303 2117 358 2175; x_wconf 87' lang='grc' dir='ltr'>τοῦ</span> <span class='ocrx_word' id='word_1_147' title='bbox 381 2112 461 2176; x_wconf 74' lang='grc' dir='ltr'><strong><em>θεοῦ</em></strong></span> <span class='ocrx_word' id='word_1_148' title='bbox 481 2113 535 2176; x_wconf 85' lang='grc' dir='ltr'><strong><em>καί</em></strong></span> <span class='ocrx_word' id='word_1_149' title='bbox 550 2111 645 2193; x_wconf 92' lang='grc' dir='ltr'><strong><em>λόγον</em></strong></span> <span class='ocrx_word' id='word_1_150' title='bbox 659 2112 713 2176; x_wconf 83' lang='grc' dir='ltr'><strong><em>καί</em></strong></span> <span class='ocrx_word' id='word_1_151' title='bbox 729 2112 837 2183; x_wconf 83' lang='grc' dir='ltr'><strong><em>οὐσίας</em></strong></span> <span class='ocrx_word' id='word_1_152' title='bbox 852 2112 960 2194; x_wconf 81' lang='grc' dir='ltr'><strong><em>ἐτέρας</em></strong></span> <span class='ocrx_word' id='word_1_153' title='bbox 973 2110 1027 2174; x_wconf 81' lang='grc' dir='ltr'><strong><em>καί</em></strong></span> <span class='ocrx_word' id='word_1_154' title='bbox 1042 2110 1082 2173; x_wconf 78' lang='grc' dir='ltr'>οὐ</span> <span class='ocrx_word' id='word_1_155' title='bbox 1098 2108 1256 2173; x_wconf 81' lang='grc' dir='ltr'><strong><em>συναΐόιον</em></strong></span> 
     </span>
     <span class='ocr_line' id='line_1_18' title="bbox 131 2213 1282 2298; baseline -0.004 -19"><span class='ocrx_word' id='word_1_156' title='bbox 131 2222 180 2298; x_wconf 84' lang='grc' dir='ltr'>τῷ</span> <span class='ocrx_word' id='word_1_157' title='bbox 203 2214 306 2297; x_wconf 81' lang='grc' dir='ltr'><strong><em>πατρί,</em></strong></span> <span class='ocrx_word' id='word_1_158' title='bbox 330 2215 390 2279; x_wconf 78' lang='grc' dir='ltr'><strong><em>οὐκ</em></strong></span> <span class='ocrx_word' id='word_1_159' title='bbox 414 2215 508 2287; x_wconf 80' lang='grc' dir='ltr'><strong><em>αὐτὸς</em></strong></span> <span class='ocrx_word' id='word_1_160' title='bbox 523 2216 681 2298; x_wconf 85' lang='grc' dir='ltr'><strong><em>γεννήτωρ</em></strong></span> <span class='ocrx_word' id='word_1_161' title='bbox 697 2220 752 2297; x_wconf 89' lang='grc' dir='ltr'>τῆς</span> <span class='ocrx_word' id='word_1_162' title='bbox 767 2215 918 2297; x_wconf 72' lang='grc' dir='ltr'><strong><em>αἱρέσεως</em></strong></span> <span class='ocrx_word' id='word_1_163' title='bbox 934 2213 1082 2296; x_wconf 87' lang='grc' dir='ltr'><strong><em>γεγονώς.</em></strong></span> <span class='ocrx_word' id='word_1_164' title='bbox 1127 2216 1282 2294; x_wconf 81' lang='grc' dir='ltr'><strong><em>πριῑπος2</em></strong></span> 
     </span>
    </p>
   </div>
   <div class='ocr_carea' id='block_1_5' title="bbox 130 2450 1254 2596">
    <p class='ocr_par' dir='ltr' id='par_1_6' title="bbox 130 2450 1254 2596">
     <span class='ocr_line' id='line_1_19' title="bbox 131 2450 1254 2524; baseline -0.004 -14"><span class='ocrx_word' id='word_1_165' title='bbox 131 2455 150 2510; x_wconf 81' lang='grc'><strong>7</strong></span> <span class='ocrx_word' id='word_1_166' title='bbox 168 2454 231 2523; x_wconf 77' lang='grc' dir='ltr'><strong><em>περὶ</em></strong></span> <span class='ocrx_word' id='word_1_167' title='bbox 249 2461 296 2509; x_wconf 81' lang='grc' dir='ltr'>τοῦ</span> <span class='ocrx_word' id='word_1_168' title='bbox 313 2455 389 2523; x_wconf 87' lang='grc' dir='ltr'><strong><em>όγίου</em></strong></span> <span class='ocrx_word' id='word_1_169' title='bbox 408 2457 477 2518; x_wconf 86' lang='lat' dir='ltr'>(om.</span> <span class='ocrx_word' id='word_1_170' title='bbox 497 2455 532 2518; x_wconf 84' lang='grc' dir='ltr'>Ε)</span> <span class='ocrx_word' id='word_1_171' title='bbox 550 2453 751 2524; x_wconf 84' lang='grc' dir='ltr'><strong><em>Μητροφιίνους</em></strong></span> <span class='ocrx_word' id='word_1_172' title='bbox 769 2452 817 2510; x_wconf 80' lang='grc' dir='ltr'>ΟΕ</span> <span class='ocrx_word' id='word_1_173' title='bbox 905 2452 941 2508; x_wconf 78' lang='grc'>14</span> <span class='ocrx_word' id='word_1_174' title='bbox 957 2451 1018 2522; x_wconf 83' lang='grc' dir='ltr'><strong><em>περί</em></strong></span> <span class='ocrx_word' id='word_1_175' title='bbox 1035 2459 1082 2508; x_wconf 83' lang='grc' dir='ltr'>τοῦ</span> <span class='ocrx_word' id='word_1_176' title='bbox 1099 2452 1199 2521; x_wconf 78' lang='grc' dir='ltr'><strong><em>Ἀρείου</em></strong></span> <span class='ocrx_word' id='word_1_177' title='bbox 1219 2450 1254 2521; x_wconf 80' lang='lat' dir='ltr'>A,</span> 
     </span>
     <span class='ocr_line' id='line_1_20' title="bbox 130 2524 1004 2596; baseline -0.002 -15"><span class='ocrx_word' id='word_1_178' title='bbox 130 2527 193 2596; x_wconf 77' lang='grc' dir='ltr'><strong><em>περὶ</em></strong></span> <span class='ocrx_word' id='word_1_179' title='bbox 205 2525 309 2596; x_wconf 73' lang='grc' dir='ltr'><strong><em>Ἀρείου</em></strong></span> <span class='ocrx_word' id='word_1_180' title='bbox 328 2527 372 2581; x_wconf 84' lang='grc' dir='ltr'><strong><em>καὶ</em></strong></span> <span class='ocrx_word' id='word_1_181' title='bbox 393 2534 440 2596; x_wconf 85' lang='grc' dir='ltr'>τῆς</span> <span class='ocrx_word' id='word_1_182' title='bbox 458 2528 617 2591; x_wconf 79' lang='grc' dir='ltr'><strong><em>κακοδοξίας</em></strong></span> <span class='ocrx_word' id='word_1_183' title='bbox 635 2525 715 2582; x_wconf 77' lang='grc' dir='ltr'><strong><em>αὐτοῦ</em></strong></span> <span class='ocrx_word' id='word_1_184' title='bbox 735 2526 802 2594; x_wconf 79' lang='grc' dir='ltr'><strong><em>(αὐτ.</em></strong></span> <span class='ocrx_word' id='word_1_185' title='bbox 820 2547 883 2581; x_wconf 83' lang='grc' dir='ltr'><strong><em>κακ.</em></strong></span> <span class='ocrx_word' id='word_1_186' title='bbox 902 2525 937 2590; x_wconf 88' lang='grc' dir='ltr'>Ε)</span> <span class='ocrx_word' id='word_1_187' title='bbox 956 2524 1004 2582; x_wconf 81' lang='lat' dir='ltr'>GE</span> 
     </span>
    </p>
   </div>
   <div class='ocr_carea' id='block_1_6' title="bbox 187 2737 1256 3027">
    <p class='ocr_par' dir='ltr' id='par_1_7' title="bbox 187 2737 1256 3027">
     <span class='ocr_line' id='line_1_21' title="bbox 190 2737 1256 2812; baseline -0.004 -16"><span class='ocrx_word' id='word_1_188' title='bbox 190 2741 321 2810; x_wconf 84' lang='grc' dir='ltr'><strong><em>1γοῦνΕ</em></strong></span> <span class='ocrx_word' id='word_1_189' title='bbox 381 2739 547 2812; x_wconf 64' lang='lat' dir='ltr'>Macerioni]</span> <span class='ocrx_word' id='word_1_190' title='bbox 559 2741 606 2798; x_wconf 77' lang='lat' dir='ltr'>ci]</span> <span class='ocrx_word' id='word_1_191' title='bbox 678 2741 696 2796; x_wconf 89' lang='grc'><strong>3</strong></span> <span class='ocrx_word' id='word_1_192' title='bbox 714 2741 831 2812; x_wconf 74' lang='grc' dir='ltr'><strong><em>σεβήρου</em></strong></span> <span class='ocrx_word' id='word_1_193' title='bbox 841 2740 873 2810; x_wconf 81' lang='grc' dir='ltr'>Ε,</span> <span class='ocrx_word' id='word_1_194' title='bbox 894 2740 972 2795; x_wconf 75' lang='lat' dir='ltr'>md</span> <span class='ocrx_word' id='word_1_195' title='bbox 984 2757 1010 2810; x_wconf 87' lang='lat' dir='ltr'>p.</span> <span class='ocrx_word' id='word_1_196' title='bbox 1022 2739 1092 2809; x_wconf 80' lang='lat'><strong>16,2</strong></span> <span class='ocrx_word' id='word_1_197' title='bbox 1154 2737 1256 2793; x_wconf 71' lang='lat' dir='ltr'>iimt-</span> 
     </span>
     <span class='ocr_line' id='line_1_22' title="bbox 187 2811 1255 2906; baseline -0.005 -37"><span class='ocrx_word' id='word_1_198' title='bbox 187 2813 276 2906; x_wconf 79' lang='grc' dir='ltr'><strong><em>ρηται]</em></strong></span> <span class='ocrx_word' id='word_1_199' title='bbox 295 2812 324 2868; x_wconf 90' lang='grc' dir='ltr'>Π</span> <span class='ocrx_word' id='word_1_200' title='bbox 344 2813 471 2885; x_wconf 80' lang='lat' dir='ltr'>p.549‚3</span> <span class='ocrx_word' id='word_1_201' title='bbox 525 2815 542 2868; x_wconf 88' lang='grc'><strong>6</strong></span> <span class='ocrx_word' id='word_1_202' title='bbox 560 2813 664 2868; x_wconf 75' lang='grc' dir='ltr'><strong><em>ἐκεῖθεν</em></strong></span> <span class='ocrx_word' id='word_1_203' title='bbox 678 2813 726 2883; x_wconf 82' lang='grc' dir='ltr'>τὴν</span> <span class='ocrx_word' id='word_1_204' title='bbox 737 2814 872 2883; x_wconf 76' lang='grc' dir='ltr'><strong><em>βασιλείαν</em></strong></span> <span class='ocrx_word' id='word_1_205' title='bbox 890 2811 966 2882; x_wconf 82' lang='lat' dir='ltr'>pr</span> <span class='ocrx_word' id='word_1_206' title='bbox 1020 2812 1134 2866; x_wconf 70' lang='grc' dir='ltr'><strong><em>ἐνταῦθα</em></strong></span> <span class='ocrx_word' id='word_1_207' title='bbox 1143 2811 1255 2900; x_wconf 66' lang='grc' dir='ltr'><strong><em>ΑΙλμμ,</em></strong></span> 
     </span>
     <span class='ocr_line' id='line_1_23' title="bbox 187 2882 1254 3027; baseline -0.003 -89"><span class='ocrx_word' id='word_1_208' title='bbox 187 2885 308 3027; x_wconf 47' lang='lat' dir='ltr'>argutas</span> <span class='ocrx_word' id='word_1_209' title='bbox 318 2885 369 3011; x_wconf 77' lang='grc' dir='ltr'>Ε17</span> <span class='ocrx_word' id='word_1_210' title='bbox 388 2884 671 3027; x_wconf 47' lang='grc' dir='ltr'>γεθνήήωορωύῗηηρᾶᾱ</span> <span class='ocrx_word' id='word_1_211' title='bbox 690 2882 994 3025; x_wconf 48' lang='grc' dir='ltr'><strong><em>ὲῗΗτιιιῙρτῖγίνιτοῦνιρ</em></strong></span> <span class='ocrx_word' id='word_1_212' title='bbox 1068 2885 1100 2938; x_wconf 94' lang='lat' dir='ltr'>ll</span> <span class='ocrx_word' id='word_1_213' title='bbox 1119 2883 1254 2952; x_wconf 73' lang='grc' dir='ltr'><strong><em>όνηνεγόη</em></strong></span> 
     </span>
    </p>
   </div>
   <div class='ocr_carea' id='block_1_7' title="bbox 131 3179 1301 4470">
    <p class='ocr_par' dir='ltr' id='par_1_8' title="bbox 131 3179 1301 4038">
     <span class='ocr_line' id='line_1_24' title="bbox 224 3179 1301 3253; baseline -0.002 -17"><span class='ocrx_word' id='word_1_214' title='bbox 224 3180 299 3236; x_wconf 78' lang='lat' dir='ltr'>Aliis</span> <span class='ocrx_word' id='word_1_215' title='bbox 312 3181 407 3253; x_wconf 79' lang='lat' dir='ltr'>igitur</span> <span class='ocrx_word' id='word_1_216' title='bbox 418 3181 511 3236; x_wconf 89' lang='lat' dir='ltr'>rebus</span> <span class='ocrx_word' id='word_1_217' title='bbox 525 3181 634 3250; x_wconf 83' lang='lat' dir='ltr'>multis,</span> <span class='ocrx_word' id='word_1_218' title='bbox 652 3189 686 3237; x_wconf 91' lang='lat' dir='ltr'>ut</span> <span class='ocrx_word' id='word_1_219' title='bbox 699 3181 813 3239; x_wconf 87' lang='lat' dir='ltr'>dictum</span> <span class='ocrx_word' id='word_1_220' title='bbox 827 3189 880 3250; x_wconf 85' lang='lat' dir='ltr'>est,</span> <span class='ocrx_word' id='word_1_221' title='bbox 894 3181 1111 3238; x_wconf 82' lang='lat' dir='ltr'>Constantinus</span> <span class='ocrx_word' id='word_1_222' title='bbox 1123 3179 1255 3251; x_wconf 81' lang='lat' dir='ltr'>Magnus</span> <span class='ocrx_word' id='word_1_223' title='bbox 1265 3180 1301 3235; x_wconf 76' lang='lat'>29</span> 
     </span>
     <span class='ocr_line' id='line_1_25' title="bbox 133 3252 1256 3324; baseline -0.004 -14"><span class='ocrx_word' id='word_1_224' title='bbox 133 3253 243 3310; x_wconf 86' lang='lat' dir='ltr'>urbem</span> <span class='ocrx_word' id='word_1_225' title='bbox 270 3254 391 3308; x_wconf 86' lang='lat' dir='ltr'>ornavit</span> <span class='ocrx_word' id='word_1_226' title='bbox 419 3261 448 3308; x_wconf 90' lang='lat' dir='ltr'>et</span> <span class='ocrx_word' id='word_1_227' title='bbox 474 3252 497 3306; x_wconf 90' lang='lat' dir='ltr'>B</span> <span class='ocrx_word' id='word_1_228' title='bbox 520 3256 663 3322; x_wconf 77' lang='lat' dir='ltr'>cantium,</span> <span class='ocrx_word' id='word_1_229' title='bbox 691 3254 773 3324; x_wconf 87' lang='lat' dir='ltr'>quod</span> <span class='ocrx_word' id='word_1_230' title='bbox 802 3255 887 3324; x_wconf 88' lang='lat' dir='ltr'>prius</span> <span class='ocrx_word' id='word_1_231' title='bbox 912 3253 1062 3308; x_wconf 78' lang='lat' dir='ltr'><strong>Thraciae</strong></span> <span class='ocrx_word' id='word_1_232' title='bbox 1088 3252 1256 3308; x_wconf 77' lang='lat' dir='ltr'>Heracleae</span> 
     </span>
     <span class='ocr_line' id='line_1_26' title="bbox 133 3324 1256 3396; baseline -0.004 -15"><span class='ocrx_word' id='word_1_233' title='bbox 133 3329 330 3396; x_wconf 79' lang='lat' dir='ltr'><strong>episcopatus</strong></span> <span class='ocrx_word' id='word_1_234' title='bbox 355 3329 429 3392; x_wconf 88' lang='lat' dir='ltr'>erat,</span> <span class='ocrx_word' id='word_1_235' title='bbox 453 3340 472 3379; x_wconf 92' lang='lat' dir='ltr'>a</span> <span class='ocrx_word' id='word_1_236' title='bbox 512 3340 605 3379; x_wconf 88' lang='lat' dir='ltr'>evero</span> <span class='ocrx_word' id='word_1_237' title='bbox 627 3324 789 3380; x_wconf 86' lang='lat' dir='ltr'>Perinthiis</span> <span class='ocrx_word' id='word_1_238' title='bbox 811 3331 881 3396; x_wconf 84' lang='lat' dir='ltr'>post</span> <span class='ocrx_word' id='word_1_239' title='bbox 903 3326 1163 3395; x_wconf 78' lang='lat' dir='ltr'>expugnationem</span> <span class='ocrx_word' id='word_1_240' title='bbox 1188 3325 1256 3378; x_wconf 91' lang='lat' dir='ltr'>sub·</span> 
     </span>
     <span class='ocr_line' id='line_1_27' title="bbox 133 3394 1256 3467; baseline -0.004 -15"><span class='ocrx_word' id='word_1_241' title='bbox 133 3401 257 3464; x_wconf 85' lang='lat' dir='ltr'>iactum,</span> <span class='ocrx_word' id='word_1_242' title='bbox 283 3402 317 3451; x_wconf 92' lang='lat' dir='ltr'>ut</span> <span class='ocrx_word' id='word_1_243' title='bbox 341 3396 372 3450; x_wconf 92' lang='lat' dir='ltr'>in</span> <span class='ocrx_word' id='word_1_244' title='bbox 397 3397 433 3450; x_wconf 91' lang='lat' dir='ltr'>iis</span> <span class='ocrx_word' id='word_1_245' title='bbox 459 3397 651 3452; x_wconf 85' lang='lat' dir='ltr'>narravimus</span> <span class='ocrx_word' id='word_1_246' title='bbox 675 3411 756 3466; x_wconf 87' lang='lat' dir='ltr'>quae</span> <span class='ocrx_word' id='word_1_247' title='bbox 782 3399 979 3467; x_wconf 82' lang='lat' dir='ltr'>exposuimus</span> <span class='ocrx_word' id='word_1_248' title='bbox 1002 3395 1040 3450; x_wconf 87' lang='lat' dir='ltr'>de</span> <span class='ocrx_word' id='word_1_249' title='bbox 1064 3394 1187 3463; x_wconf 89' lang='lat' dir='ltr'>Severo,</span> <span class='ocrx_word' id='word_1_250' title='bbox 1216 3395 1256 3448; x_wconf 87' lang='lat' dir='ltr'>ad</span> 
     </span>
     <span class='ocr_line' id='line_1_28' title="bbox 133 3466 1256 3540; baseline -0.004 -16"><span class='ocrx_word' id='word_1_251' title='bbox 133 3469 359 3540; x_wconf 79' lang='lat' dir='ltr'>patriarchatus</span> <span class='ocrx_word' id='word_1_252' title='bbox 382 3467 562 3538; x_wconf 83' lang='lat' dir='ltr'>dignitatem</span> <span class='ocrx_word' id='word_1_253' title='bbox 585 3469 696 3536; x_wconf 83' lang='lat' dir='ltr'>evexit,</span> <span class='ocrx_word' id='word_1_254' title='bbox 722 3468 837 3524; x_wconf 89' lang='lat' dir='ltr'>Romae</span> <span class='ocrx_word' id='word_1_255' title='bbox 861 3469 957 3523; x_wconf 87' lang='lat' dir='ltr'>veteri</span> <span class='ocrx_word' id='word_1_256' title='bbox 980 3468 1019 3523; x_wconf 90' lang='lat' dir='ltr'>ob</span> <span class='ocrx_word' id='word_1_257' title='bbox 1038 3469 1147 3522; x_wconf 86' lang='lat' dir='ltr'>aetatis</span> <span class='ocrx_word' id='word_1_258' title='bbox 1166 3466 1256 3536; x_wconf 86' lang='lat' dir='ltr'>privi-</span> 
     </span>
     <span class='ocr_line' id='line_1_29' title="bbox 132 3537 1301 3663; baseline -0.003 -68"><span class='ocrx_word' id='word_1_259' title='bbox 132 3541 250 3611; x_wconf 81' lang='lat' dir='ltr'>legium</span> <span class='ocrx_word' id='word_1_260' title='bbox 270 3544 300 3594; x_wconf 91' lang='lat' dir='ltr'>et</span> <span class='ocrx_word' id='word_1_261' title='bbox 318 3539 476 3663; x_wconf 57' lang='lat' dir='ltr'>imgerium</span> <span class='ocrx_word' id='word_1_262' title='bbox 496 3539 567 3593; x_wconf 89' lang='lat' dir='ltr'>inde</span> <span class='ocrx_word' id='word_1_263' title='bbox 580 3539 639 3594; x_wconf 88' lang='lat' dir='ltr'>hnc</span> <span class='ocrx_word' id='word_1_264' title='bbox 652 3539 832 3594; x_wconf 84' lang='lat' dir='ltr'>translatum</span> <span class='ocrx_word' id='word_1_265' title='bbox 847 3541 1020 3609; x_wconf 88' lang='lat' dir='ltr'>principatu</span> <span class='ocrx_word' id='word_1_266' title='bbox 1032 3539 1145 3593; x_wconf 84' lang='lat' dir='ltr'>relicto.</span> <span class='ocrx_word' id='word_1_267' title='bbox 1183 3537 1256 3591; x_wconf 83' lang='lat' dir='ltr'>Erat</span> <span class='ocrx_word' id='word_1_268' title='bbox 1266 3538 1301 3592; x_wconf 83' lang='lat'>30</span> 
     </span>
     <span class='ocr_line' id='line_1_30' title="bbox 131 3609 1256 3682; baseline -0.004 -16"><span class='ocrx_word' id='word_1_269' title='bbox 131 3619 237 3666; x_wconf 89' lang='lat' dir='ltr'>antem</span> <span class='ocrx_word' id='word_1_270' title='bbox 266 3616 330 3665; x_wconf 89' lang='lat' dir='ltr'>tum</span> <span class='ocrx_word' id='word_1_271' title='bbox 384 3611 498 3680; x_wconf 80' lang='lat' dir='ltr'>ynantii</span> <span class='ocrx_word' id='word_1_272' title='bbox 527 3611 687 3682; x_wconf 86' lang='lat' dir='ltr'>episcopus</span> <span class='ocrx_word' id='word_1_273' title='bbox 715 3609 937 3682; x_wconf 80' lang='lat' dir='ltr'>Metrophanes,</span> <span class='ocrx_word' id='word_1_274' title='bbox 967 3612 1014 3664; x_wconf 88' lang='lat' dir='ltr'>vir</span> <span class='ocrx_word' id='word_1_275' title='bbox 1042 3611 1256 3674; x_wconf 86' lang='lat' dir='ltr'>sanctissimus,</span> 
     </span>
     <span class='ocr_line' id='line_1_31' title="bbox 132 3680 1256 3752; baseline -0.004 -14"><span class='ocrx_word' id='word_1_276' title='bbox 132 3685 214 3738; x_wconf 85' lang='lat' dir='ltr'>iilius</span> <span class='ocrx_word' id='word_1_277' title='bbox 235 3681 358 3736; x_wconf 91' lang='lat' dir='ltr'>Domitii</span> <span class='ocrx_word' id='word_1_278' title='bbox 377 3683 483 3746; x_wconf 84' lang='lat' dir='ltr'>(irater</span> <span class='ocrx_word' id='word_1_279' title='bbox 501 3682 526 3736; x_wconf 89' lang='lat' dir='ltr'>is</span> <span class='ocrx_word' id='word_1_280' title='bbox 545 3687 611 3737; x_wconf 87' lang='lat' dir='ltr'>erat</span> <span class='ocrx_word' id='word_1_281' title='bbox 629 3684 821 3752; x_wconf 90' lang='lat' dir='ltr'>imperatoris</span> <span class='ocrx_word' id='word_1_282' title='bbox 839 3683 955 3751; x_wconf 85' lang='lat' dir='ltr'>Probi);</span> <span class='ocrx_word' id='word_1_283' title='bbox 975 3683 1026 3751; x_wconf 87' lang='lat' dir='ltr'>qui</span> <span class='ocrx_word' id='word_1_284' title='bbox 1046 3680 1197 3735; x_wconf 88' lang='lat' dir='ltr'>Domitius</span> <span class='ocrx_word' id='word_1_285' title='bbox 1216 3696 1256 3736; x_wconf 86' lang='lat' dir='ltr'>ex</span> 
     </span>
     <span class='ocr_line' id='line_1_32' title="bbox 132 3751 1255 3825; baseline -0.004 -17"><span class='ocrx_word' id='word_1_286' title='bbox 132 3756 292 3825; x_wconf 85' lang='lat' dir='ltr'>impietate</span> <span class='ocrx_word' id='word_1_287' title='bbox 317 3753 356 3807; x_wconf 92' lang='lat' dir='ltr'>ad</span> <span class='ocrx_word' id='word_1_288' title='bbox 382 3754 525 3822; x_wconf 86' lang='lat' dir='ltr'>pietatem</span> <span class='ocrx_word' id='word_1_289' title='bbox 551 3753 710 3822; x_wconf 86' lang='lat' dir='ltr'>adductus,</span> <span class='ocrx_word' id='word_1_290' title='bbox 735 3754 804 3809; x_wconf 85' lang='lat' dir='ltr'>ideo</span> <span class='ocrx_word' id='word_1_291' title='bbox 827 3751 923 3809; x_wconf 87' lang='lat' dir='ltr'>Roma</span> <span class='ocrx_word' id='word_1_292' title='bbox 947 3755 1052 3808; x_wconf 83' lang='lat' dir='ltr'>relicta</span> <span class='ocrx_word' id='word_1_293' title='bbox 1075 3751 1255 3822; x_wconf 81' lang='lat' dir='ltr'>Byzantium</span> 
     </span>
     <span class='ocr_line' id='line_1_33' title="bbox 133 3822 1299 3895; baseline -0.004 -14"><span class='ocrx_word' id='word_1_294' title='bbox 133 3843 166 3881; x_wconf 86' lang='lat' dir='ltr'>se</span> <span class='ocrx_word' id='word_1_295' title='bbox 187 3825 317 3880; x_wconf 85' lang='lat' dir='ltr'>eontulit</span> <span class='ocrx_word' id='word_1_296' title='bbox 329 3829 359 3878; x_wconf 89' lang='lat' dir='ltr'>et</span> <span class='ocrx_word' id='word_1_297' title='bbox 380 3827 412 3878; x_wconf 90' lang='lat' dir='ltr'>in</span> <span class='ocrx_word' id='word_1_298' title='bbox 430 3825 624 3895; x_wconf 81' lang='lat' dir='ltr'>episcopatus</span> <span class='ocrx_word' id='word_1_299' title='bbox 637 3831 761 3880; x_wconf 90' lang='lat' dir='ltr'>evectus</span> <span class='ocrx_word' id='word_1_300' title='bbox 776 3830 821 3879; x_wconf 90' lang='lat' dir='ltr'>est</span> <span class='ocrx_word' id='word_1_301' title='bbox 834 3826 960 3895; x_wconf 89' lang='lat' dir='ltr'>apicem.</span> <span class='ocrx_word' id='word_1_302' title='bbox 997 3823 1069 3879; x_wconf 88' lang='lat' dir='ltr'>Post</span> <span class='ocrx_word' id='word_1_303' title='bbox 1083 3838 1172 3892; x_wconf 90' lang='lat' dir='ltr'>quem</span> <span class='ocrx_word' id='word_1_304' title='bbox 1185 3822 1256 3876; x_wconf 91' lang='lat' dir='ltr'>Pro·</span> <span class='ocrx_word' id='word_1_305' title='bbox 1266 3823 1299 3878; x_wconf 87' lang='lat'>31</span> 
     </span>
     <span class='ocr_line' id='line_1_34' title="bbox 134 3894 1257 3965; baseline -0.003 -15"><span class='ocrx_word' id='word_1_306' title='bbox 134 3898 193 3952; x_wconf 86' lang='lat' dir='ltr'>hus</span> <span class='ocrx_word' id='word_1_307' title='bbox 215 3895 294 3951; x_wconf 83' lang='lat' dir='ltr'>alter</span> <span class='ocrx_word' id='word_1_308' title='bbox 313 3898 378 3950; x_wconf 91' lang='lat' dir='ltr'>eius</span> <span class='ocrx_word' id='word_1_309' title='bbox 401 3897 480 3950; x_wconf 86' lang='lat' dir='ltr'>fliius</span> <span class='ocrx_word' id='word_1_310' title='bbox 504 3897 691 3965; x_wconf 85' lang='lat' dir='ltr'>pontificium</span> <span class='ocrx_word' id='word_1_311' title='bbox 718 3897 799 3952; x_wconf 91' lang='lat' dir='ltr'>hunc</span> <span class='ocrx_word' id='word_1_312' title='bbox 823 3896 965 3950; x_wconf 89' lang='lat' dir='ltr'>thronum</span> <span class='ocrx_word' id='word_1_313' title='bbox 991 3895 1180 3962; x_wconf 84' lang='lat' dir='ltr'>conscendit;</span> <span class='ocrx_word' id='word_1_314' title='bbox 1207 3894 1257 3948; x_wconf 89' lang='lat' dir='ltr'>cui</span> 
     </span>
     <span class='ocr_line' id='line_1_35' title="bbox 133 3968 635 4038; baseline -0.004 -16"><span class='ocrx_word' id='word_1_315' title='bbox 133 3968 350 4038; x_wconf 82' lang='lat' dir='ltr'>Metrophanes</span> <span class='ocrx_word' id='word_1_316' title='bbox 370 3969 464 4021; x_wconf 88' lang='lat' dir='ltr'>irater</span> <span class='ocrx_word' id='word_1_317' title='bbox 483 3970 635 4022; x_wconf 88' lang='lat' dir='ltr'>successit.</span> 
     </span>
    </p>

    <p class='ocr_par' dir='ltr' id='par_1_9' title="bbox 134 4037 1284 4470">
     <span class='ocr_line' id='line_1_36' title="bbox 224 4037 1257 4108; baseline -0.003 -15"><span class='ocrx_word' id='word_1_318' title='bbox 224 4041 251 4093; x_wconf 80' lang='lat'>4.</span> <span class='ocrx_word' id='word_1_319' title='bbox 281 4037 344 4094; x_wconf 90' lang='lat' dir='ltr'>Sub</span> <span class='ocrx_word' id='word_1_320' title='bbox 365 4039 421 4092; x_wconf 93' lang='lat' dir='ltr'>hoc</span> <span class='ocrx_word' id='word_1_321' title='bbox 437 4039 620 4108; x_wconf 88' lang='lat' dir='ltr'>imperatore</span> <span class='ocrx_word' id='word_1_322' title='bbox 637 4037 728 4094; x_wconf 82' lang='lat' dir='ltr'>Arius</span> <span class='ocrx_word' id='word_1_323' title='bbox 747 4038 975 4095; x_wconf 82' lang='lat' dir='ltr'>Alexandrinae</span> <span class='ocrx_word' id='word_1_324' title='bbox 994 4037 1141 4093; x_wconf 83' lang='lat' dir='ltr'>ecclesiae</span> <span class='ocrx_word' id='word_1_325' title='bbox 1159 4051 1257 4092; x_wconf 89' lang='lat' dir='ltr'>sacer·</span> 
     </span>
     <span class='ocr_line' id='line_1_37' title="bbox 135 4109 1257 4180; baseline -0.005 -14"><span class='ocrx_word' id='word_1_326' title='bbox 135 4111 191 4166; x_wconf 90' lang='lat' dir='ltr'>dos</span> <span class='ocrx_word' id='word_1_327' title='bbox 211 4117 303 4166; x_wconf 86' lang='lat' dir='ltr'>notus</span> <span class='ocrx_word' id='word_1_328' title='bbox 322 4109 422 4178; x_wconf 87' lang='lat' dir='ltr'>fiebat,</span> <span class='ocrx_word' id='word_1_329' title='bbox 442 4111 494 4180; x_wconf 86' lang='lat' dir='ltr'>qui</span> <span class='ocrx_word' id='word_1_330' title='bbox 514 4115 684 4165; x_wconf 88' lang='lat' dir='ltr'>creaturam</span> <span class='ocrx_word' id='word_1_331' title='bbox 704 4111 752 4166; x_wconf 84' lang='lat' dir='ltr'>dei</span> <span class='ocrx_word' id='word_1_332' title='bbox 771 4110 866 4164; x_wconf 84' lang='lat' dir='ltr'>tilium</span> <span class='ocrx_word' id='word_1_333' title='bbox 887 4116 917 4164; x_wconf 90' lang='lat' dir='ltr'>et</span> <span class='ocrx_word' id='word_1_334' title='bbox 935 4110 1063 4164; x_wconf 85' lang='lat' dir='ltr'>verbum</span> <span class='ocrx_word' id='word_1_335' title='bbox 1081 4109 1182 4162; x_wconf 88' lang='lat' dir='ltr'>dicere</span> <span class='ocrx_word' id='word_1_336' title='bbox 1195 4123 1257 4161; x_wconf 87' lang='lat' dir='ltr'>non</span> 
     </span>
     <span class='ocr_line' id='line_1_38' title="bbox 134 4179 1284 4251; baseline -0.002 -15"><span class='ocrx_word' id='word_1_337' title='bbox 134 4183 289 4238; x_wconf 83' lang='lat' dir='ltr'>dubitavit</span> <span class='ocrx_word' id='word_1_338' title='bbox 314 4189 344 4236; x_wconf 89' lang='lat' dir='ltr'>et</span> <span class='ocrx_word' id='word_1_339' title='bbox 370 4181 494 4236; x_wconf 87' lang='lat' dir='ltr'>alterius</span> <span class='ocrx_word' id='word_1_340' title='bbox 519 4197 585 4236; x_wconf 87' lang='lat' dir='ltr'>esse</span> <span class='ocrx_word' id='word_1_341' title='bbox 611 4187 740 4237; x_wconf 86' lang='lat' dir='ltr'>naturae</span> <span class='ocrx_word' id='word_1_342' title='bbox 765 4197 822 4236; x_wconf 91' lang='lat' dir='ltr'>nec</span> <span class='ocrx_word' id='word_1_343' title='bbox 849 4183 927 4251; x_wconf 91' lang='lat' dir='ltr'>patri</span> <span class='ocrx_word' id='word_1_344' title='bbox 953 4187 1157 4235; x_wconf 85' lang='lat' dir='ltr'>coaeternum.</span> <span class='ocrx_word' id='word_1_345' title='bbox 1194 4179 1284 4234; x_wconf 77' lang='lat' dir='ltr'>Ncc2</span> 
     </span>
     <span class='ocr_line' id='line_1_39' title="bbox 135 4251 1255 4325; baseline -0.004 -17"><span class='ocrx_word' id='word_1_346' title='bbox 135 4257 200 4325; x_wconf 89' lang='lat' dir='ltr'>ipae</span> <span class='ocrx_word' id='word_1_347' title='bbox 220 4261 323 4308; x_wconf 87' lang='lat' dir='ltr'>tamen</span> <span class='ocrx_word' id='word_1_348' title='bbox 344 4258 450 4307; x_wconf 89' lang='lat' dir='ltr'>auctor</span> <span class='ocrx_word' id='word_1_349' title='bbox 469 4251 558 4308; x_wconf 88' lang='lat' dir='ltr'>huius</span> <span class='ocrx_word' id='word_1_350' title='bbox 577 4259 678 4308; x_wconf 90' lang='lat' dir='ltr'>sectae</span> <span class='ocrx_word' id='word_1_351' title='bbox 692 4255 814 4322; x_wconf 85' lang='lat' dir='ltr'>exstitit,</span> <span class='ocrx_word' id='word_1_352' title='bbox 834 4253 887 4308; x_wconf 87' lang='lat' dir='ltr'>sed</span> <span class='ocrx_word' id='word_1_353' title='bbox 902 4253 1016 4322; x_wconf 89' lang='lat' dir='ltr'>primus</span> <span class='ocrx_word' id='word_1_354' title='bbox 1028 4251 1184 4321; x_wconf 84' lang='lat' dir='ltr'>Origenes,</span> <span class='ocrx_word' id='word_1_355' title='bbox 1204 4252 1255 4318; x_wconf 88' lang='lat' dir='ltr'>qni</span> 
     </span>
     <span class='ocr_line' id='line_1_40' title="bbox 135 4321 1256 4398; baseline -0.005 -18"><span class='ocrx_word' id='word_1_356' title='bbox 135 4331 259 4398; x_wconf 84' lang='lat' dir='ltr'>praeter</span> <span class='ocrx_word' id='word_1_357' title='bbox 281 4325 426 4396; x_wconf 86' lang='lat' dir='ltr'>plurimas</span> <span class='ocrx_word' id='word_1_358' title='bbox 446 4325 520 4382; x_wconf 82' lang='lat' dir='ltr'>alias</span> <span class='ocrx_word' id='word_1_359' title='bbox 540 4339 700 4396; x_wconf 88' lang='lat' dir='ltr'>perversas</span> <span class='ocrx_word' id='word_1_360' title='bbox 720 4326 879 4396; x_wconf 88' lang='lat' dir='ltr'>opiniones</span> <span class='ocrx_word' id='word_1_361' title='bbox 898 4326 989 4378; x_wconf 90' lang='lat' dir='ltr'>etiam</span> <span class='ocrx_word' id='word_1_362' title='bbox 1001 4324 1193 4394; x_wconf 77' lang='lat' dir='ltr'>unigenitum</span> <span class='ocrx_word' id='word_1_363' title='bbox 1208 4321 1256 4375; x_wconf 90' lang='lat' dir='ltr'>dei</span> 
     </span>
     <span class='ocr_line' id='line_1_41' title="bbox 135 4395 1255 4470; baseline -0.005 -16"><span class='ocrx_word' id='word_1_364' title='bbox 135 4397 230 4454; x_wconf 82' lang='lat' dir='ltr'>fllium</span> <span class='ocrx_word' id='word_1_365' title='bbox 258 4396 413 4454; x_wconf 84' lang='lat' dir='ltr'>conditum</span> <span class='ocrx_word' id='word_1_366' title='bbox 438 4411 505 4453; x_wconf 87' lang='lat' dir='ltr'>esse</span> <span class='ocrx_word' id='word_1_367' title='bbox 529 4405 559 4454; x_wconf 91' lang='lat' dir='ltr'>et</span> <span class='ocrx_word' id='word_1_368' title='bbox 581 4413 599 4451; x_wconf 96' lang='lat' dir='ltr'>a</span> <span class='ocrx_word' id='word_1_369' title='bbox 618 4403 729 4452; x_wconf 88' lang='lat' dir='ltr'>natura</span> <span class='ocrx_word' id='word_1_370' title='bbox 754 4403 883 4470; x_wconf 88' lang='lat' dir='ltr'>paterna</span> <span class='ocrx_word' id='word_1_371' title='bbox 909 4397 1064 4452; x_wconf 84' lang='lat' dir='ltr'>diversum</span> <span class='ocrx_word' id='word_1_372' title='bbox 1088 4395 1255 4464; x_wconf 79' lang='lat' dir='ltr'>affirmavit,</span> 
     </span>
    </p>
   </div>
   <div class='ocr_carea' id='block_1_8' title="bbox 0 0 1539 4775">
    <p class='ocr_par' dir='ltr' id='par_1_10' title="bbox 0 0 1539 4775">
     <span class='ocr_line' id='line_1_42' title="bbox 0 0 1539 4775; baseline 0 0"><span class='ocrx_word' id='word_1_373' title='bbox 0 0 1539 4775; x_wconf 95' lang='lat' dir='ltr'> </span> 
     </span>
    </p>
   </div>
  </div>
 </body>
</html>
