3050 4775
278 365 313 426 92
563 361 698 425 ZONAR.
718 365 817 424 ΕΡΙΤ.
837 365 910 424 XIII
929 363 970 436 19,
991 358 1105 421 12-26.

280 553 431 639 φρονήσει
453 557 509 620 τοῦ
531 555 614 636 υἱοῦ,
637 553 700 620 είτδ
723 578 819 638 φησιν
841 551 860 618 ό
883 552 970 636 ἅγιος
991 547 1053 616 “oo
1075 549 1134 635 μὲν
1156 550 1331 634 ἅνθρωπος
1352 553 1399 617 ὢν

234 657 268 712 13
278 658 335 741 τήν
345 665 402 724 τοῦ
416 657 530 730 παιδός
546 659 668 742 ἀτιμίαν
681 665 738 725 τοῦ
754 663 812 723 σοῦ
828 668 942 740 πρᾴως
957 658 1017 721 οὐκ
1035 657 1177 740 ήνεγκας.
1224 659 1280 723 οἴει
1296 657 1330 722 δὲ
1345 657 1399 723 τὸν

278 761 356 828 θεδν
366 761 440 834 τοὺς
450 761 504 827 τδν
516 763 636 828 ἐκείνου
647 767 804 846 μονογενῆ
815 762 912 826 παῖδα
927 761 1194 844 βλασφημοῦντας
1208 760 1253 844 μή
1270 763 1398 844 βδελύτ-

276 867 388 931 τεσθαί
411 891 443 930 τε
466 867 519 931 καί
542 867 779 950 ἀπεχθάνεσθαι
801 865 878 948 μηδ’
902 864 1081 946 ὀργίζεσθαι
1104 863 1184 928 κατὰ
1207 869 1272 929 τῶν
1294 866 1397 948 ἐκχω-

277 970 420 1053 ρούντων
451 970 579 1041 ἐκείνοις
605 976 669 1040 τοῖς
697 967 887 1051 όρθοδόξοις
914 968 1223 1050 συναναστρέφεσθαι
1250 967 1303 1032 καὶ
1330 956 1424 1032 δια-5

234 1071 269 1125 14
277 1073 418 1156 φθείρειν
446 1073 626 1150 πολλοός;”
656 1072 828 1154 θαυμάσας
855 1068 912 1135 οὖν
939 1069 989 1132 ἐπὶ
1011 1076 1048 1153 τῇ
1070 1069 1205 1153 μεθόδῳ
1228 1077 1283 1135 τοῦ
1307 1072 1397 1154 ἁγίου

278 1176 297 1240 δ
319 1174 462 1259 βασιλεὺς
486 1175 616 1259 δόγματι
637 1174 711 1246 τοὺς
732 1179 797 1238 τῶν
820 1175 984 1255 αἱρετικῶν
1006 1171 1178 1255 συλλόγους
1200 1175 1370 1238 κεκώλυκε.

197 1275 269 1332 1315
374 1279 439 1344 Τὸν
460 1281 632 1343 τελευταῖον
648 1277 682 1342 δὲ
696 1276 930 1360 τυραννήσαντα
946 1276 1111 1340 καθελόντι
1128 1275 1280 1359 Εδγένιον
1295 1278 1397 1360 τούτῳ

277 1390 325 1466 τῷ
350 1384 509 1466 βασιλεῖή
533 1387 597 1447 τῶν
615 1382 785 1465 Ῥωμαίων
812 1381 893 1464 ἀρχὴ
922 1380 1125 1463 περιελήλυθε
1153 1379 1311 1463 ξύμπασα,
1344 1381 1397 1445 καὶ

234 1484 268 1538 16
278 1486 461 1568 ἀναγορεύει
485 1485 558 1556 τοὺς
582 1485 641 1549 δύο
662 1483 751 1555 υἱοὺς
774 1485 871 1548 αὐτοῦ
893 1483 1035 1566 βασιλεῖς.
1081 1483 1187 1548 θέλων
1211 1483 1244 1548 δὲ
1267 1484 1321 1548 καὶ
1343 1491 1397 1567 τῆς
1408 1470 1443 1524 ¹⁰

279 1589 311 1653 ἓν
333 1588 438 1671 λόγοις
458 1594 622 1672 μετασχεῖν
645 1586 760 1658 αὖτοὺς
782 1587 923 1657 παιδείας
945 1585 1067 1668 καὶτῆς
1083 1587 1249 1669 ἕνήθεσιν,
1270 1589 1306 1651 ἐκ
1318 1587 1396 1652 Ῥώ-

276 1717 341 1776 μης
362 1693 460 1775 ήγαγε
482 1691 536 1756 τόν
557 1692 657 1775 με’γαν
675 1688 830 1771 Ἀρσένιον
853 1689 1001 1754 διάκονον
1024 1689 1097 1753 ὄντα
1121 1694 1175 1772 τῆς
1198 1691 1266 1754 ἐκεῖ
1284 1691 1396 1773 ἔκκλη-

234 1793 268 1848 17
278 1796 355 1874 σίας,
379 1794 429 1858 ἐπὶ
452 1785 548 1878 σδφίᾳ
570 1819 602 1859 τε
624 1793 678 1858 καί
701 1795 796 1876 ἀρετῇ
817 1791 1018 1875 περιβόητον·
1043 1791 1096 1855 καὶ
1119 1792 1208 1874 αὐτῷ
1229 1791 1302 1864 τοὺς
1324 1799 1395 1857 παῖ-

278 1898 337 1970 δας
357 1899 536 1980 παρέδωκε,
560 1897 605 1980 μὴ
629 1898 676 1968 ὡς
698 1897 873 1980 βασιλεῦσιν
896 1895 1010 1977 αὐτοῖς,
1034 1891 1100 1958 ἀλλ’
1126 1895 1173 1965 ὡς
1192 1896 1328 1966 ἰδιώταις
1343 1895 1397 1959 καί

276 2007 340 2072 τοῖς
362 2007 488 2084 τυχοῦσι
510 2000 748 2083 προσφέρεσθαι
772 1999 990 2080 ἐντειλάμενος,
1014 1998 1068 2062 καί
1087 1998 1253 2081 μαστίζειν,
1277 2001 1306 2062 εἶ
1318 1984 1441 2082 δμε-15

276 2104 407 2175 λοῦντας
422 2103 511 2186 δρῴη
527 2107 547 2187 ή
563 2102 767 2185 παρεξιόντας
781 2127 807 2165 τι
822 2107 877 2166 τοῦ
893 2101 1104 2185 καθήκοντος,
1128 2101 1181 2165 καὶ
1203 2101 1250 2172 ὡς
1272 2103 1396 2172 οἰκείοις

234 2205 268 2259 18
276 2205 396 2278 τούτοις
418 2206 594 2289 κεχρῆσθαι
615 2205 709 2269 παισί.
755 2210 845 2288 τιμῆς
869 2203 903 2268 δὲ
924 2204 1062 2288 μεγάλης
1085 2205 1201 2288 ἠξίωσε
1223 2203 1277 2268 τόν
1292 2200 1395 2286 ’Aoos'-

233 2307 344 2375 19νιον
365 2308 419 2373 καὶ
441 2309 580 2394 χρήμασι
602 2307 847 2372 κατεπλούτισεν.
894 2305 913 2371 ό
929 2306 964 2372 δὲ
978 2305 1051 2378 τοὺς
1065 2307 1181 2378 παῖδας
1199 2305 1396 2391 παραλαβὼν

278 2559 296 2614 8
314 2562 351 2614 δτι
370 2560 484 2626 βασιλεῖς
502 2559 547 2613 καί
565 2560 651 2627 ἄμφω
671 2556 730 2619 τοὺς
748 2556 822 2617 υἱοὺς
843 2556 1016 2626 ἀνηγόρευσεν
1036 2558 1207 2617 δθεσδόσιος
1220 2555 1337 2627 καὶπερὶ
1350 2564 1396 2612 τοῦ

278 2632 353 2702 ἁγίου
369 2632 499 2700 Ἀροενίου
519 2628 549 2699 C,
567 2630 628 2700 περὶ
646 2638 693 2685 τοῦ
711 2630 787 2699 ἁγίου
800 2630 934 2699 Ἀρσενίον
955 2630 978 2684 Ε

332 2865 413 2919 θεοῦ
432 2871 480 2919 σοῦ
499 2869 570 2919 ante
590 2861 736 2931 ἀτιμίανῦ
808 2862 1034 2932 4ἕγχιοροόντων
1053 2861 1080 2915 D
1153 2861 1305 2923 ὅὲκείνους
1319 2862 1396 2925 Dwn

332 2936 367 2990 10
385 2936 546 3006 ἀνηγόρευσε
565 2934 638 3003 pr
735 2934 766 2987 11
786 2943 924 3004 μετασχεῖν
942 2933 1037 2995 αὐτοὺς
1056 2936 1127 2987 ante
1146 2934 1192 2988 καὶ
1211 2941 1256 2997 τῆς
1275 2936 1338 2999 (τοῖς
1358 2934 1397 2995 D)

333 3007 406 3077 pr
478 3015 524 3079 τῆς
542 3006 653 3076 Apr‚
672 3015 725 3066 τοῖς
744 3005 797 3060 ΒΙ)
881 3006 916 3059 12
934 3015 979 3077 τῆς
994 3006 1052 3060 ἐκεῖ
1066 3005 1209 3071 ἐκκλησίας
1228 3008 1289 3061 ὄντα
1308 3007 1398 3061 διάκο-

331 3100 378 3134 νον
397 3079 470 3148 pr
544 3079 579 3133 13
596 3081 679 3146 σοφίᾳ
693 3076 752 3143 ΑΕ,
771 3078 856 3146 λόγοις
870 3077 943 3145 pr
1017 3076 1402 3145 17.18ᾶρσενισι·ιηςὲκετ

331 3152 474 3221 ἐκκλησίας
493 3152 554 3206 ὄντα
572 3150 712 3205 διάκονον·
732 3152 783 3213 (ex
802 3148 940 3204 anteced.
960 3153 1034 3220 rep.)
1053 3148 1115 3202 ὅδὲ
1132 3148 1193 3209 τοὺς
1212 3149 1269 3203 κτλ.
1288 3150 1316 3203 D

234 3376 268 3430 13
278 3381 370 3435 filium
390 3386 475 3436 tuum
495 3388 699 3453 contemptum
718 3398 818 3452 aequo
838 3384 939 3436 animo
959 3398 1020 3435 non
1040 3382 1141 3436 tulisti.
1178 3381 1271 3436 Putas
1295 3388 1395 3437 autem

278 3453 368 3507 deum
388 3453 607 3508 calumniantes
625 3455 705 3508 illius
723 3455 817 3509 filium
834 3455 1025 3524 unigenitum
1039 3468 1101 3507 uon
1114 3454 1283 3508 abominan'
1296 3469 1397 3524 neque

279 3525 378 3579 odisse
401 3540 502 3594 neque
524 3527 613 3579 Irasci
637 3527 682 3591 ι’ἱε,
711 3527 763 3594 qni
789 3540 841 3580 eos
863 3526 894 3579 in
914 3530 1003 3579 coetu
1023 3525 1260 3579 orthodoxorum
1280 3528 1394 3580 versari

235 3591 268 3644 14
278 3612 315 3649 ae
333 3596 443 3650 multos
464 3612 658 3665 eorrumpere
677 3596 879 3666 patiuntur?”
914 3596 1089 3650 AdmIretus
1108 3597 1202 3663 igiiur
1221 3598 1277 3651 viri
1300 3599 1395 3652 saneti

278 3667 426 3721 rationem
445 3684 500 3721 rex
520 3668 618 3722 edicio
637 3668 859 3723 haereticorum
879 3672 1048 3722 conventus
1066 3667 1231 3737 impedivit.

235 3734 269 3787 15
367 3738 521 3793 Postremo
550 3745 651 3793 eutem
680 3745 811 3808 tyranno
840 3740 959 3793 subiato
983 3739 1131 3805 Ειιμοαίο,
1159 3744 1223 3793 toto
1249 3740 1396 3794 Romano-

235 3806 345 3862 16ru1n
365 3811 490 3879 Imperio
514 3813 627 3877 potitus
655 3811 788 3879 appellet
811 3826 865 3863 rex
887 3810 963 3865 duos
984 3810 1060 3865 filios
1079 3826 1150 3864 suos
1169 3826 1267 3879 roges.
1314 3812 1396 3874 Quos

279 3895 347 3933 oum
378 3880 469 3935 vellet
500 3881 668 3936 liiterarum
699 3883 863 3950 participes
894 3882 958 3936 fleri
994 3882 1172 3935 eruditionis
1203 3898 1239 3936 ao
1269 3898 1395 3947 morum,

278 3966 423 4021 magnum
441 3950 610 4015 Arsenium,
640 3953 800 4007 diaconum
826 3953 972 4008 ecelesiae
991 3953 1154 4017 Romanae,
1183 3955 1280 4007 virum
1304 3958 1333 4008 et
1352 3970 1396 4006 sa·

234 4019 268 4073 17
279 4024 392 4091 pientia
411 4029 442 4077 et
459 4026 571 4078 virtuto
589 4025 783 4089 celebratum,
812 4024 882 4078 inde
905 4025 1061 4078 arcessivit
1081 4030 1111 4078 et
1131 4025 1158 4077 ei
1177 4024 1254 4078 iiiios
1273 4025 1397 4079 tradidit

278 4099 309 4147 et
331 4095 418 4148 iussit
441 4110 510 4149 eum
533 4111 594 4148 non
621 4100 654 4148 ut
681 4110 771 4164 reges
794 4100 927 4149 tractore
956 4110 1007 4150 eos
1032 4096 1084 4149 sed
1112 4100 1148 4149 ut
1176 4095 1310 4151 homiues
1339 4098 1396 4167 pri·

278 4170 366 4220 vatos
386 4172 416 4220 et
434 4168 602 4235 gregarios,
628 4168 732 4234 flagris
752 4168 841 4220 etiam
863 4168 1012 4231 adhibitio,
1037 4167 1277 4237 quotiescunque
1296 4168 1396 4238 negle·

278 4241 385 4305 gentes
404 4236 521 4291 videret
540 4238 588 4291 vol
608 4238 757 4292 vIolantes
781 4237 895 4308 aliquid
914 4239 1011 4301 officii,
1031 4244 1061 4292 et
1074 4253 1141 4291 cum
1155 4238 1191 4291 iIs
1204 4254 1328 4306 prorsus
1341 4256 1395 4309 pro

235 4305 341 4362 18suis
360 4308 427 4362 filiis
446 4324 547 4377 agere.
584 4306 630 4362 Ao
647 4325 760 4378 magno
780 4308 895 4364 honore
916 4310 1017 4364 effecit
1030 4308 1189 4365 Arsonimn
1205 4312 1396 4380 fortunisque

235 4376 269 4433 19
279 4379 484 4452 locupletavit.
520 4380 550 4435 Is
578 4382 681 4452 pueris
708 4382 740 4435 in
770 4380 849 4436 sellis
880 4381 1032 4437 collocatis
1060 4397 1127 4436 oum
1157 4384 1240 4438 stans
1271 4398 1396 4437 munere
