3050 4775
240 356 293 413 262
558 354 694 414 ZONAR.
714 354 814 413 ΕΡΙΤ.
833 354 887 413 XV
906 354 931 425 4,
951 354 1046 414 s-14.

205 538 341 622 B(aopd
365 540 425 624 γὰρ
447 545 512 603 τῶν
534 539 568 603 Γ
563 540 672 604 ότθων
694 539 898 625 κατείχοντο),
931 540 998 605 τότε
1020 540 1075 605 καί
1096 540 1226 613 τούτους
1249 540 1365 624 ἱστορεῖ

212 645 276 727 dep
295 644 406 726 Ἰταλίᾳ
429 643 622 726 ἐπεμβαλεῖν.
667 644 741 715 τοὺς
762 646 868 727 μέντοι
883 644 916 707 Γ
912 644 1028 715 ότθσυς
1043 644 1088 728 μὴ
1113 647 1200 716 οἵους
1222 669 1254 707 τε
1270 646 1362 715 ὄντας

238 746 293 811 καὶ
312 746 479 829 Ῥωμαίοις
503 747 557 809 καὶ
577 747 734 829 Φράγγοις
757 748 1035 813 ἀντικαθίστασθαι
1057 749 1139 830 πρὸς
1161 749 1233 819 τοὺς
1254 748 1361 831 Φράγ-

239 874 315 933 γους
337 851 455 915 θέσθαι
477 850 617 921 σπονδάς
639 850 693 914 καὶ
714 850 770 914 τὸν
791 851 873 934 πρὸς
892 852 1031 922 ἐκείνους
1047 851 1254 915 θιαλύσασθαι
1268 850 1360 913 πόλε-

237 977 311 1035 μον,
343 952 658 1036 παρακεχωρηκότας
685 955 791 1025 αι’ποῖς
820 959 884 1017 τῶν
911 953 944 1017 Γ
940 954 1063 1029 evodo,
1097 956 1227 1036 ὅσαιπερ
1256 956 1387 1025 αὐτοῖςύ

211 1058 472 1138 όπροσεγένοντο.
517 1055 572 1120 καὶ
599 1056 655 1139 τὴν
686 1061 800 1139 πρᾶξιν
831 1058 945 1141 ταύτην
977 1056 1030 1121 καὶ
1063 1056 1158 1121 αὐτὸν
1190 1058 1362 1139 ἐπιρρῶσαι

238 1159 293 1222 τὸν
311 1157 538 1240 ’[συστινιανόν,
568 1160 748 1242 δεηθέντων
770 1166 835 1223 τῶν
862 1160 1030 1242 Φράγγων,
1060 1160 1361 1243 πραγματευόμενον

239 1262 274 1325 τὸ
300 1261 345 1344 μὴ
367 1261 534 1344 Ῥωμαίοις
559 1263 732 1345 πολεμοῦσι
757 1262 840 1344 πρὸς
866 1263 1012 1335 Γότθους
1041 1263 1258 1327 ἐναντιοῦσθαι
1289 1261 1361 1332 τοὺς

103 1367 230 1422 witred
244 1365 422 1448 Φράγγονς,
446 1364 511 1427 ἀλλ’
536 1363 671 1428 εἶναιτὰ
694 1365 776 1447 πρὸς
788 1365 965 1449 Ῥωμαίους
980 1366 1100 1437 τούτοις
1123 1365 1173 1430 ord
1196 1366 1252 1448 τὴν
1275 1366 1360 1447 ἐπίρ-

213 1471 339 1549 6ρωσιν
367 1468 462 1549 φίλια.
509 1468 680 1531 κάντεῦθεν
707 1468 781 1538 τοὺς
811 1468 844 1531 Γ
839 1469 995 1551 ερμανούς
1025 1469 1211 1535 Μασσαλίαν
1243 1492 1275 1531 τε
1306 1468 1362 1550 τὴν
1374 1478 1408 1532 10

208 1571 413 1634 ΟΦωκαέων
435 1571 582 1633 ἀποικίαν
604 1570 717 1633 καὶτὰ
740 1570 790 1634 ἐπὶ
818 1571 962 1655 θαλάσσῃ
992 1573 1095 1654 χωρία
1124 1578 1208 1654 σχεῖν
1240 1573 1361 1635 ἅπαντα

241 1674 371 1756 καὶτῆς
394 1674 460 1737 ἐκεῖ
479 1680 631 1757 κρατῆσαι
654 1674 825 1756 θαλάσσης,
858 1674 958 1737 πολλὰ
988 1674 1021 1739 δὲ
1046 1674 1185 1738 καὶτῶν
1208 1673 1363 1737 Βενετίων

215 1782 416 1858 ῖκατασχεῖν.
463 1777 565 1846 οὕτως
589 1774 646 1839 οὖν
669 1778 701 1839 οῖ
727 1776 868 1859 Φράγγοι
890 1777 1133 1860 πεπλησιακότες
1155 1782 1219 1847 τοῖς
1237 1776 1364 1847 Ἰταλοῖς

242 1880 281 1942 οὐ
314 1878 450 1941 διέλιπον
482 1880 586 1941 ἔκτοτε
614 1879 751 1950 ἐπιόντες
778 1886 842 1949 τοῖς
866 1881 964 1943 ἐκεῖσε
983 1879 1150 1963 Ῥωμαίοις
1173 1878 1285 1943 καὶτὰ
1308 1876 1362 1941 ὑπ’

215 1980 357 2052 8αύτοὺς
379 1980 564 2064 ληιζόμενοι.
611 1982 828 2065 ἀπσστατησας
852 1981 919 2064 οὖν,
943 1983 990 2053 ὡς
1013 1985 1138 2066 εἴρηται,
1161 1989 1215 2066 τῆς
1233 1988 1289 2046 τοῦ
1304 1982 1363 2063 βα·
1376 1992 1410 2046 15

243 2084 354 2154 σιλέιος
369 2084 515 2166 ὑπακοῆς
530 2084 549 2145 ό
564 2084 672 2153 πάντας
689 2084 720 2146 Γ
715 2084 865 2167 ρηγόριος
881 2084 931 2149 διὰ
948 2084 1004 2167 τὴν
1027 2086 1148 2149 ἐκείνου
1171 2085 1364 2158 κακοδοξίαν

242 2192 306 2257 τοῖς
321 2186 479 2268 Φράγγοις
495 2186 665 2261 ἐσπείσατο,
687 2185 843 2269 πρότερον
857 2187 1007 2259 πολλάκις
1028 2188 1165 2259 σπεύσας
1188 2187 1239 2251 διὰ
1263 2211 1363 2271 γραμ-

241 2289 353 2372 μάτων
379 2288 434 2353 τόν
456 2288 579 2353 Λέοντα
606 2296 660 2373 τῆς
686 2288 852 2371 μισοθεΐας
878 2296 1069 2375 μετενεγκεῖν
1101 2290 1155 2354 καὶ
1185 2296 1365 2374 μεταπεῖσαι

298 2513 312 2565 1
332 2514 439 2571 τούτους
459 2508 493 2577 Α,
513 2511 573 2572 τοὺς
586 2511 721 2581 φράγγους
734 2511 808 2582 pr
882 2512 990 2580 ἱστορεῖ]
1012 2512 1138 2582 Procop.
1158 2511 1186 2566 Π
1206 2529 1234 2583 p.
1253 2512 1314 2581 416,
1336 2513 1367 2566 12

297 2585 315 2638 3
333 2584 379 2638 καὶ
397 2590 466 2654 post
484 2587 560 2643 ὄντας
580 2600 636 2638 orn.
656 2584 737 2652 Ewp,
757 2586 786 2637 et
804 2583 961 2638 Romanis:
985 2587 1035 2640 Wo
1054 2585 1104 2638 iat.
1192 2589 1263 2639 ante
1282 2585 1367 2654 φράγ-

299 2677 354 2724 γοις
373 2654 443 2709 add.
465 2663 517 2715 τοῖς
535 2655 610 2725 pr
710 2655 801 2709 ὁτῶν
821 2656 936 2725 γαλλιῶν
952 2658 1218 2725 παρακεχωρηκότας
1236 2656 1368 2716 αύτοῖςΟ
1410 2699 1413 2704 -

299 2729 314 2781 ῖ
334 2732 403 2797 post
421 2729 503 2781 ἰουστ.
523 2727 592 2780 add.
610 2727 737 2795 βασιλείῳ
755 2737 848 2796 γραφῇ
867 2726 949 2797 pr,
972 2745 999 2781 v.
1020 2727 1147 2798 Procop.
1166 2728 1183 2782 l.
1198 2743 1222 2782 c.
1242 2744 1270 2797 p.
1280 2727 1369 2795 417,4

298 2796 819 2939 ι”ῶῖτόρίίγύῖολλὲῗίῗωῖτλιτ
841 2799 1068 2925 &dimittit
1088 2799 1162 2924 Off?
1170 2801 1370 2940 ειίύίῖσίὲ

298 2891 356 2995 Am
405 2943 435 2994 ll
458 2942 592 3021 φωκαίων
611 2910 656 2994 E·
694 2911 748 2995 ’12
767 2913 892 3012 βενίτίων
911 2941 964 2996 ΑΟ
982 2893 1147 3011 Ρτοοορ.ηΙ.
1168 2958 1192 2996 c.
1212 2959 1239 3012 p.
1253 2912 1368 3009 41'7‚23‚

298 3016 422 3083 βενετιῶν
441 3013 557 3081 Ewth
632 3012 665 3065 14
684 3013 803 3066 διέλεπον
822 3013 885 3082 w*p
962 3023 1015 3074 τοῖς
1033 3015 1119 3067 ἐκεῖσε
1137 3015 1267 3082 ῥωμαίοις
1285 3014 1368 3068 ἔπιόν·

299 3085 383 3145 τεςΟ
493 3084 526 3138 15
546 3091 591 3137 τοῦ
611 3099 667 3138 om.
687 3082 714 3136 D
825 3085 858 3138 17
877 3083 919 3139 διὰ
939 3085 1101 3154 γραμμάτων
1119 3086 1233 3146 σπεύσας
1252 3085 1325 3156 pr

246 3297 304 3348 bus
314 3295 458 3349 Romanis
476 3299 631 3363 praeesset
649 3301 680 3349 et
699 3310 768 3348 cum
778 3294 896 3350 Gotthis
916 3295 1052 3350 deltaiia
1071 3300 1100 3350 ct
1119 3296 1248 3350 urbibus
1258 3296 1369 3350 Italicis

247 3367 375 3436 ipsaque
394 3366 498 3433 Roma,
529 3382 608 3435 quae
627 3371 689 3419 tum
711 3382 730 3420 a
749 3364 868 3421 Gotthis
887 3367 1079 3431 tenebantur,
1099 3368 1277 3437 decertaret,
1304 3373 1367 3421 tum

220 3434 300 3490 deos
320 3451 442 3506 quoque
472 3445 578 3492 narrat
596 3437 713 3491 Italiam
733 3439 896 3507 invasiss03
929 3443 958 3492 et
977 3437 1114 3506 Gotthos,
1146 3440 1198 3509 qui
1222 3439 1310 3493 simul
1339 3443 1370 3493 ct

248 3509 391 3562 Romanis
416 3514 447 3562 et
463 3507 588 3562 Francis
613 3511 754 3564 resistere
780 3525 841 3563 non
867 3513 998 3578 possent,
1024 3525 1091 3564 cum
1116 3510 1161 3564 iris
1179 3510 1258 3565 bello
1283 3511 1368 3564 finito

221 3579 354 3649 dpacem
374 3581 490 3646 iecisse,
510 3582 661 3634 concessis
680 3580 793 3647 Galliis,
818 3596 897 3648 queo
920 3582 956 3634 iis
976 3587 1175 3636 accesserant.
1212 3582 1313 3651 Atque
1337 3581 1369 3635 id

248 3654 362 3706 factum
380 3652 479 3718 ipsum
499 3653 589 3705 etiem
609 3651 810 3705 lastinianum
831 3651 954 3706 Francis
983 3653 1155 3721 petentibus
1175 3655 1369 3707 confirmasse

249 3740 285 3777 eo
305 3723 438 3788 consilio,
465 3738 504 3776 ne
526 3723 667 3777 Romanis
692 3723 819 3778 Gotthos
843 3725 1094 3792 impugnantibus
1112 3723 1222 3778 Franci
1247 3725 1366 3792 impedi·

221 3793 350 3848 dmento
362 3802 470 3861 essent,
489 3795 542 3848 scd
563 3796 628 3849 eius
643 3795 880 3849 confirmationis
894 3796 994 3864 gretia
1008 3811 1114 3864 pacem
1125 3801 1261 3864 agerent.
1281 3795 1369 3850 Unde

249 3864 418 3920 Germanos
437 3865 606 3930 Massiliam,
630 3865 868 3920 Phocaeensium
892 3868 1048 3932 coloniam,
1074 3873 1104 3922 et
1129 3867 1196 3920 locs
1219 3867 1369 3920 maritimo

250 3952 416 4006 occupasse
435 3939 536 3991 omnia
555 3937 667 4007 illoque
693 3938 767 3990 mari
787 3953 852 3991 csse
872 3939 983 4008 potitos
1005 3943 1097 4006 atque
1116 3939 1205 3992 etiem
1226 3953 1368 4008 magnam

222 4008 239 4061 7
249 4009 433 4063 Venetorum
453 4010 521 4078 agri
540 4014 656 4078 partem
672 4009 846 4062 obtinuisse,
884 4008 930 4062 Ita
944 4007 1076 4062 Francos
1096 4025 1164 4063 cum
1183 4010 1213 4062 in
1225 4009 1369 4063 italorum

249 4081 361 4133 vicinia
375 4079 590 4145 consedissent,
610 4081 649 4133 ab
669 4087 852 4148 cotempore
872 4096 932 4134 non
951 4079 1101 4134 destitisse
1114 4081 1266 4136 Ronranos
1285 4080 1370 4134 bellis

222 4152 398 4205 &lacessere
430 4165 596 4219 eorumque
628 4152 801 4220 provincias
832 4152 979 4220 populari.
1017 4151 1145 4206 Deserta
1170 4152 1264 4220 igitur
1289 4154 1371 4221 regis

251 4222 452 4289 oboedientia,
481 4229 515 4276 ut
535 4223 646 4275 dictum
667 4229 720 4288 est,
750 4238 831 4292 papa
851 4222 1018 4292 Gregorius
1038 4224 1076 4276 ob
1096 4239 1271 4292 perversam
1291 4223 1371 4277 iliius

251 4295 423 4362 opinionem
444 4309 549 4362 pacem
570 4309 638 4347 cum
657 4294 782 4348 Francis
801 4294 881 4360 fecit,
902 4311 969 4348 curn
989 4296 1073 4362 prius
1092 4309 1184 4363 saepe
1195 4295 1301 4349 litteris
1320 4295 1370 4348 da-

250 4366 288 4420 tis
308 4364 440 4420 dedisset
459 4381 591 4435 operam,
617 4372 651 4420 ut
670 4365 805 4420 Leonem
824 4365 863 4419 ab
884 4365 952 4420 odio
973 4365 1022 4420 dei
1041 4373 1201 4422 revocaret
1219 4373 1311 4436 atque
1330 4365 1370 4420 ad
