3050 4775
403 435 620 518 Anmoonm
640 434 818 498 onrmvn.
855 431 1037 498 strutus.
1222 435 1276 498 sos

157 625 282 708 στήριον
306 623 342 688 δέ
365 648 399 706 γε
418 623 473 689 καί
488 625 628 710 ἐμβριθῆ
641 623 694 692 καί
710 624 817 708 άρχειν
832 623 935 690 εἰδότα
951 628 1159 706 στρατιωτῶν,
1182 647 1275 708 στρα-

155 727 354 810 τοπεδάρχην
376 727 538 812 ὀνομάσας
559 728 729 809 κατέλιπεν,
752 728 791 791 ἵν’
815 728 849 791 έν
866 727 990 811 Κιλικίᾳ
1015 727 1083 810 δοίη
1107 728 1218 811 χώραν
1238 733 1277 811 τῇ

156 835 282 913 στρατιᾷ
308 828 363 894 τὸν
389 834 529 914 χειμῶνα
558 830 722 913 διαγαγεῖν.
767 830 821 894 καλ
844 831 863 893 ὁ
885 830 944 913 μὲν
970 829 1114 914 βασιλεὺς
1136 827 1212 914 ἧκεν
1234 831 1320 900 siclt

155 931 191 996 τὸ
206 931 391 1016 Βυζάντιον,
415 932 434 996 δ
458 932 492 998 δὲ
513 933 678 1017 Βούρτζης
701 939 842 1017 συνεχῶς
864 933 1041 1007 ἐξελαύνων
1063 933 1183 1000 ἐκάκου
1204 932 1279 1003 τοὺς

129 1034 190 1100 δέν
208 1035 376 1119 Ἀντιοχείᾳ
394 1035 587 1119 Ἀγαρηνοὺς
613 1035 667 1099 καὶ
695 1035 851 1100 διεσκόπει
879 1036 970 1107 ὅπως
999 1037 1062 1100 ἕλοι
1092 1034 1149 1118 τὴν
1179 1035 1312 1108 πόλιν,Β

156 1138 186 1200 εί
206 1137 341 1218 δύναιτο,
365 1138 419 1202 καί
441 1139 532 1210 κλέος
555 1139 622 1212 ἕξει.
669 1139 783 1203 ἔλαθεν
805 1135 863 1201 οὖν
883 1161 959 1202 ποτε
972 1139 1088 1222 μέτρον
1102 1143 1159 1202 τοῦ
1174 1138 1280 1221 ὕψους
1290 1151 1324 1206 12

157 1239 227 1310 ἑνὸς
249 1245 314 1304 τῶν
335 1241 468 1324 πύργων
490 1241 599 1324 λαβὼν
623 1241 677 1305 καί
698 1240 780 1322 πρὸς
798 1240 891 1304 τόσον
906 1241 991 1323 ύψος
1006 1240 1181 1323 ἀναλόγους
1196 1242 1278 1323 ἡτοι-

156 1343 281 1425 μάσατο
297 1343 460 1426 κλίμακας.
506 1343 649 1426 φυλάξας
665 1339 722 1406 οὗν
737 1342 834 1405 νύκτα
853 1341 929 1424 μίαν
951 1343 1106 1424 χειμέριον
1129 1340 1280 1425 άσέληνόν
1292 1358 1325 1413 13

157 1469 189 1508 τε
221 1445 276 1510 καὶ
307 1445 464 1529 νιφετώδη
496 1445 654 1528 πρόσεισιν
682 1445 787 1528 ἠρέμα
814 1451 861 1526 τῷ
888 1444 977 1526 τείχει
1004 1450 1059 1528 τῆς
1080 1444 1205 1514 πόλεως
1226 1443 1281 1507 καὶ

115 1547 392 1631 1οτδςκλίμακας
415 1547 536 1632 ἐρείσας
558 1548 646 1630 αὐτῷ
669 1547 766 1630 άνέβη
789 1545 867 1629 μετὰ
887 1546 1076 1629 τριακοσίων
1100 1546 1281 1631 (τοσούτους

160 1649 220 1732 γάρ
244 1649 388 1734 ἐπήγετο)
412 1649 549 1734 μηδενός
572 1650 778 1732 αἰσθομένου,
809 1648 864 1713 καὶ
889 1647 962 1720 τοὺς
988 1649 1047 1731 μὲν
1073 1655 1129 1712 τοῦ
1156 1649 1280 1731 πύργου

160 1753 279 1816 ἐκείνου
308 1753 454 1836 φύλακας
482 1753 580 1817 ἀνεῖλε
607 1751 661 1816 καὶ
689 1753 806 1836 ἑτέρων
836 1751 1082 1836 πλησιαζόντων,
1114 1753 1226 1816 στέλλει
1250 1751 1279 1814 δ’

17 1867 49 1920 D
63 1855 270 1921 1V85or’m'ua
293 1853 375 1939 πρός
396 1855 451 1920 τδν
479 1854 762 1939 στρατοπεδάρχην,
796 1855 903 1939 δηλῶν
934 1855 1023 1937 αὐτῷ
1049 1854 1085 1919 τό
1112 1854 1281 1937 γενόμενον

160 1956 213 2020 καί
235 1957 316 2040 πρὸς
338 1959 493 2042 βοήθειαν
516 1958 758 2041 ἐκκαλούμενος.
805 1958 876 2022 όδὲ
897 1957 1056 2022 ἀνεδύετο·
1080 1958 1197 2040 λέγεται
1219 1955 1280 2040 γάρ
1290 1965 1325 2020 14

115 2071 148 2124 15
161 2059 355 2125 ἐντείλασθαί
379 2061 410 2124 οἰ
435 2059 489 2125 τδν
516 2061 644 2145 βασιλέα
671 2059 717 2144 μὴ
745 2060 935 2145 προσβαλεῖν
965 2065 1003 2144 τῇ
1025 2060 1202 2143 Ἄντωχείᾳ,
1235 2060 1281 2122 ὅτι

159 2163 247 2246 παρὰ
278 2169 354 2228 πᾶσι
379 2165 558 2248 πεφήμιστο
584 2170 622 2248 τῇ
650 2169 704 2247 τῆς
722 2162 907 2247 Ἀντιοχείας
934 2162 1048 2228 ἁλώσει
1070 2163 1205 2245 ἕψεσθαι
1227 2160 1313 2228 nuic

159 2271 215 2329 τοῦ
247 2272 438 2350 κρατοῦντος
469 2266 523 2332 τὸν
555 2267 700 2350 ὄλεθρον.
747 2267 779 2330 σί
810 2265 845 2330 δὲ
868 2264 1032 2349 Ἀντιαχεῖς
1063 2265 1186 2348 γνόντες
1217 2269 1281 2328 τῶν
1292 2275 1325 2329 15

159 2370 292 2455 πύργων
314 2368 370 2454 τὴν
393 2371 509 2438 ἅλωσιν
532 2371 599 2437 ἐκεῖ
621 2369 910 2455 συνηθροίσθησαν,
943 2368 1083 2444 ἐξελάσαι
1110 2366 1184 2439 τοὺς
1202 2366 1280 2432 Ῥω-

158 2475 274 2557 μαίους
296 2474 402 2539 αὐτῶν
423 2474 696 2558 προθυμούμενοι.
742 2471 824 2556 πρὸς
847 2471 906 2535 δύο
925 2472 1029 2535 τοίνυν
1043 2471 1164 2536 ἐναντία
1178 2470 1281 2555 μαχό-
1291 2482 1326 2537 16

215 2717 232 2772 2
250 2718 386 2774 κατέλιπεν
404 2716 524 2790 prDi
550 2718 670 2775 κατέλιπε
688 2716 723 2787 Α,
743 2733 772 2773 v,
792 2717 832 2772 ad
850 2714 924 2771 XIII
944 2714 998 2785 1,t
1070 2716 1088 2771 6
1105 2714 1191 2785 λαυτῷ
1208 2734 1281 2785 περι·

215 2790 352 2861 ποιήσαιτο
371 2760 550 2860 (περιποιῆσλιι
568 2791 616 2862 τὴν
634 2788 668 2855 Β)
687 2788 808 2844 εὔκλειαν
827 2788 851 2845 O
923 2795 969 2843 τοῦ
989 2787 1083 2843 om.D
1155 2788 1171 2842 ’λ
1189 2786 1281 2857 λαβὼν

216 2877 274 2916 om.
291 2861 327 2930 D,
346 2863 444 2933 suppl.
464 2862 516 2919 Dw
598 2868 720 2915 τοσούτω
739 2860 865 2932 Ewap
944 2860 962 2915 9
979 2858 1127 2930 νιφετώδη]
1145 2859 1281 2928 ἔπομβρον

216 2932 303 2989 Cedr.
323 2932 466 3003 (Scyiitz.)
486 2933 514 2987 ΙΙ
534 2949 561 3003 p.
580 2932 641 3001 866,
662 2934 694 2986 11
796 2933 830 2987 12
848 2931 878 2986 δὲ
896 2930 994 3003 B⁸(?)p
1096 2932 1129 2985 13
1146 2934 1282 3000 γινόμενον

203 3005 300 3073 Ι1)11ἀ
313 3005 363 3060 lat.
489 3004 523 3058 14
539 3005 638 3073 λέγεται
658 3001 784 3075 prDi,
802 3004 925 3073 λέγεσθαι
943 3002 971 3057 Α
1085 3002 1119 3058 rt
1137 3004 1166 3055 ot
1182 3017 1238 3056 orn.
1257 2999 1282 3053 B

219 3076 253 3131 16
271 3076 313 3130 ἐπὶ
331 3085 363 3147 τῇ
381 3075 417 3145 D,
436 3076 478 3131 ἐπὶ
498 3076 554 3131 del.
574 3075 626 3133 Dw
700 3076 734 3130 19
751 3074 863 3145 ίναντίσ]
882 3075 910 3130 ίν
926 3073 1098 3144 ἀντιοχείρΟ

164 3320 239 3362 vero
264 3305 416 3376 quendam
440 3320 479 3360 ex
505 3305 647 3360 ministris
673 3304 744 3371 suis,
773 3309 937 3361 cosmatum
961 3303 1044 3358 illum
1071 3302 1202 3373 quidem,
1229 3305 1283 3361 sed

165 3378 264 3432 virum
284 3383 313 3432 et
328 3382 485 3432 strenuum
499 3382 529 3433 et
542 3381 731 3432 constantem
744 3381 775 3432 et
787 3376 914 3430 mititum
926 3375 1131 3445 regendorum
1145 3376 1284 3446 peritum,

166 3448 445 3519 stratopedurchnm
465 3448 528 3505 desi
575 3449 646 3515 avit,
671 3453 706 3502 ut
725 3448 824 3502 locum
849 3448 997 3503 exercitui
1016 3447 1103 3502 daret
1125 3448 1165 3501 ad
1187 3448 1285 3504 hiber·

166 3520 301 3575 nandum
330 3522 361 3574 in
386 3519 497 3575 Cilicia.
561 3534 620 3590 ege
645 3518 826 3589 Byzantium
854 3534 988 3586 reverso,
1015 3518 1142 3574 Burtzcs
1169 3521 1284 3575 crebris
1296 3519 1328 3573 il

166 3592 392 3647 incursionibus
419 3590 624 3646 Antiochenos
651 3589 813 3660 Agerenos
840 3592 1013 3659 infestabat,
1040 3591 1163 3646 assidue
1182 3591 1219 3648 dc
1239 3608 1285 3646 ca·

167 3663 297 3733 pientiae
316 3664 400 3718 urbis
426 3662 570 3717 facultate
598 3662 799 3732 parandaque
820 3663 878 3717 sibi
901 3663 999 3733 gioria
1022 3664 1169 3733 cogitans.
1206 3662 1330 3727 Quo-12

166 3734 236 3789 darn
264 3736 359 3805 igitur
382 3741 518 3805 tempore
541 3735 633 3789 turris
657 3734 815 3789 cuiusdam
840 3733 1030 3789 altitudinem
1054 3736 1131 3789 ciam
1154 3749 1284 3801 mensus,

166 3808 280 3877 paratis
303 3806 392 3861 scalis
417 3806 611 3876 intestibus,
640 3811 729 3861 nocte
754 3806 882 3859 hiberno
907 3806 991 3860 illuni
1011 3810 1042 3860 et
1063 3806 1172 3861 nivoso
1194 3803 1330 3860 tocitei3

165 3878 325 3933 moenibus
344 3878 428 3933 urbis
447 3876 582 3932 succedit
602 3876 761 3946 affixisque
780 3876 869 3931 scalis
888 3892 956 3931 cum
974 3878 1118 3932 trecentis
1138 3879 1193 3941 (tot
1205 3877 1284 3931 enirn

166 3948 350 4015 adduxerat)
370 3949 550 4003 advertente
568 3948 689 4003 nemine
709 3947 853 4016 ascendit,
876 3948 1018 4003 custodes
1037 3954 1067 4003 et
1085 3948 1174 4003 huius
1193 3949 1285 4002 turris

165 4026 196 4075 et
213 4021 342 4076 aliarum
366 4021 535 4075 vicinarum
559 4019 660 4074 caedit
682 4025 713 4075 et
737 4021 839 4074 statim
866 4019 1136 4089 stratopedarchae
1156 4020 1284 4087 nuntiat,

166 4091 239 4160 quid
258 4094 372 4147 iactum
392 4092 437 4159 sit,
457 4101 487 4146 et
506 4091 545 4145 od
566 4106 653 4161 opem
673 4090 830 4146 ferendam
849 4092 984 4146 arcessit.
1021 4090 1056 4144 ld
1074 4090 1124 4145 ille
1139 4089 1330 4145 detrecto-14

166 4164 231 4233 σοις
260 4164 356 4219 fermr
381 4163 461 4218 enim
485 4178 540 4217 rex
563 4162 604 4217 ilii
632 4162 802 4229 mandasse,
830 4178 869 4217 ne
897 4161 1087 4217 Antiochiam
1117 4161 1285 4228 invaderet,

166 4234 249 4304 quod
266 4233 447 4289 Antiochiae
470 4234 676 4304 captivitatem
695 4235 886 4304 imperatoris
905 4247 1028 4303 quoque
1046 4234 1200 4288 interitum
1219 4246 1286 4287 esse

166 4311 401 4362 consecuturum
420 4306 549 4375 vulgato
568 4308 649 4360 tama
668 4310 743 4361 erut.
780 4303 960 4360 Antiocheni
984 4321 1053 4360 cum
1076 4311 1175 4360 turres
1199 4303 1330 4359 occu-15

167 4382 254 4449 putas
280 4392 346 4434 csse
371 4379 596 4448 cognovissent,
624 4392 660 4431 eo
685 4391 857 4432 convenere
880 4379 979 4447 parati
1002 4377 1042 4430 ad
1059 4376 1212 4431 Romanos
1235 4390 1285 4429 ex·

167 4450 330 4523 pellendos,
341 4448 591 4523 stretopedarchu
601 4452 711 4518 autem,
725 4449 864 4519 quamvis
874 4449 998 4521 ancipiti
1009 4463 1082 4505 cura
1092 4448 1285 4507 distineretur
1295 4446 1330 4507 16
