3050 4775
260 451 315 508 430
536 447 672 509 ZONAR.
695 446 792 506 urin.
812 445 880 506 xvi
899 451 925 520 9,
944 446 1058 520 47-10,
1078 445 1102 506 7.

261 659 326 706 ταις
349 634 547 717 ἐμπλέοντας,
571 633 707 705 πολλοὺς
730 633 763 698 δὲ
786 634 945 717 μαχαίρας
968 634 1059 696 ἔθετο
1081 633 1174 715 ἔργον
1188 632 1242 696 καλ
1256 632 1381 703 πλείους

216 746 252 800 ts
263 739 476 821 ὑποβρυχίους
507 738 658 820 ἐποίησεν.
704 737 773 801 ὅσοι
802 737 837 800 δὲ
863 735 917 798 τὸν
944 736 1094 819 πολυειδῆ
1121 741 1231 798 τοῦτον
1261 737 1381 818 ἔφυγον

216 849 251 902 ts
261 840 417 922 κίνδυνον,
442 841 581 923 αἰσχρῶς
604 840 798 921 ἀποδράντες
822 839 1001 920 ἕσώδησαν.
1047 839 1107 902 οὔκ
1128 838 1262 920 ἠγάπων
1276 840 1381 920 μέντοι

223 941 449 1025 Βαωζόμενοι·
478 941 657 1022 αειρατικάς
680 942 715 1006 δὲ
738 949 815 1024 νῆας
838 942 1076 1023 έτοιμασάμενοι
1097 941 1154 1023 τὴν
1176 940 1379 1023 Πελοπόννη-

216 1053 317 1108 5οσον
339 1044 469 1114 καὶτὰς
492 1044 559 1106 ἐκεῖ
577 1045 762 1126 κατέτρεχον
785 1046 909 1126 νῆσσυς.
955 1039 1021 1106 ἀλλ’
1038 1042 1132 1113 αὖθις
1152 1043 1257 1113 αὐτοῖς
1280 1043 1299 1106 δ
1322 1043 1406 1125 gip-5

260 1147 329 1216 θείς
350 1152 406 1209 τοῦ
429 1145 541 1209 στόλου
558 1147 767 1228 δρονγγιίριας
782 1148 890 1209 ἔπεισι·
914 1155 961 1229 τῷ
977 1145 1036 1228 γὰρ
1051 1147 1149 1228 λιμένι
1163 1145 1380 1228 προσορμίσας

259 1253 324 1311 τῶν
348 1250 519 1330 Κεγχρεῶν
541 1249 594 1310 καὶ
617 1248 653 1310 τὰ
676 1249 810 1330 πολέμια
833 1248 926 1312 πλοῖα
948 1250 1020 1330 περὶ
1043 1248 1209 1330 Μεθώνην
1231 1248 1285 1311 καί
1307 1247 1416 1310 Hel-D
1431 1256 1517 1310 ivs}

260 1351 315 1414 λον
337 1350 390 1414 καὶ
413 1349 545 1431 Πάτρας
567 1350 797 1432 έμφιλοχωρεῖν
820 1353 980 1432 ἐγνωκώς,
1005 1352 1055 1414 διὰ
1078 1359 1135 1415 τοῦ
1158 1351 1237 1413 κατὰ
1263 1351 1379 1432 Κόριν-

259 1454 322 1517 dor
349 1453 467 1536 ἰσθμοῦ
494 1455 616 1536 ταχέως
644 1453 805 1536 διαγαγὼν
834 1454 888 1524 τὰς
911 1456 1043 1536 τριήρεις
1066 1454 1099 1516 ἔν
1121 1460 1159 1536 τῇ
1182 1457 1264 1536 ξηρᾷ
1286 1453 1379 1516 ἐπιτί-

215 1567 247 1620 οΙ
260 1557 347 1619 dorm
370 1562 433 1626 τοῖς
455 1555 614 1638 πολεμίοις
633 1556 774 1618 ἀνωιστί·
797 1557 852 1620 καὶ
866 1565 913 1638 τῷ
928 1557 1099 1638 ἀνελπίστῳ
1115 1556 1380 1638 ἐκπεπληγμένων
1390 1566 1426 1620 10

260 1659 365 1722 αὐτῶν
388 1657 442 1728 τὰς
464 1658 522 1741 μὲν
545 1663 608 1721 τῶν
631 1658 806 1742 λῃστρικῶν
828 1664 915 1742 νηῶν
943 1659 1149 1740 ἕτευριτόλησε,
1181 1658 1236 1728 τὰς
1264 1658 1300 1721 δὲ
1325 1657 1380 1734 καὶ

260 1760 456 1842 αὐτάνδρους
487 1761 647 1842 κατέδυσε,
680 1761 734 1823 καί
763 1762 861 1823 αὐτοῦ
889 1766 953 1824 τῶν
979 1762 1139 1843 πολεμίων
1166 1761 1379 1843 ἐξηγουμένου

264 1863 390 1928 Φωτίου
414 1863 639 1943 ἀναιρεθέντος.
686 1865 771 1926 οὕτω
793 1864 853 1946 μέν
874 1862 932 1927 οὖν
954 1863 1008 1926 καί
1023 1863 1121 1926 ὁτῶν
1136 1863 1273 1946 Κρητῶν
1288 1863 1379 1926 ἀνιῶ·

259 1965 328 2028 λετσ
351 1965 467 2034 στόλος.

50 2081 196 2138 l'lilm
210 2076 250 2139 10
344 2067 401 2142 Ἐξ
418 2067 570 2151 Ἀφρικῆς
593 2063 621 2131 δ’
646 2069 745 2149 ἕτεραι
768 2075 840 2152 νῆες
867 2067 961 2140 αὖθις
987 2069 1138 2152 ἐξήκοντα
1166 2068 1380 2151 παμμεγέθεις
1391 2079 1425 2133 15

260 2170 451 2254 ἐξώρμησαν
473 2170 526 2233 καλ
548 2177 586 2253 τῆ
610 2170 672 2233 ὑπὸ
692 2169 869 2250 Ῥωμαίους
895 2171 949 2234 καί
978 2171 1068 2234 αὐταί
1097 2171 1298 2254 ἐλυμαίνοντο
1325 2171 1380 2233 καί

233 2288 250 2342 2
259 2275 352 2356 μέχρι
368 2273 570 2356 Κεφαληνίας
586 2274 639 2337 καλ
656 2273 829 2337 Ζακύνθου
852 2275 1068 2357 προῆλδοσαν.
1114 2273 1263 2337 στέλλεται
1278 2273 1380 2336 τοίνυν

260 2494 294 2549 15
311 2495 372 2563 περὶ
390 2502 443 2549 τῶν
461 2496 490 2559 ἐξ
505 2496 632 2566 Ἀφρικῆς
649 2503 734 2565 νηῶν·
763 2497 809 2551 καί
827 2496 888 2565 περί
910 2504 964 2550 τῶν
986 2496 1018 2550 λκ
1042 2503 1087 2550 τοῦ
1106 2498 1261 2564 Ῥωμαϊκοῦ
1285 2496 1378 2549 στόλου

259 2566 443 2708 ἴηηδοηάιὸτων·
475 2569 520 2622 καὶ
551 2570 623 2628 ὅπως
650 2568 745 2622 οὐδένα
772 2568 883 2623 ἐκείνων
911 2568 1012 2622 ἀνελὼν
1036 2577 1090 2627 τοῖς
1115 2568 1216 2626 λοιποῖς
1243 2568 1379 2636 ἐνεποίησε

314 2816 546 2887 2αὐποβρυχίους
559 2822 591 2885 D,
612 2832 688 2873 corr.
701 2816 750 2876 Dw
805 2819 823 2872 4
841 2819 1042 2888 ἑτοιμασάμενος
1055 2816 1092 2886 D,
1111 2815 1251 2875 corr.Dw
1304 2817 1378 2871 πελο·

312 2890 443 2957 ιτδννησον
462 2888 539 2956 ltili,
557 2890 738 2957 melundenses
756 2889 866 2943 ADEw
963 2891 980 2944 6
998 2890 1167 2958 προςεγγίσας
1187 2888 1213 2942 Ι)
1287 2888 1378 2956 'lacry-

201 3010 203 3017 .
313 2967 402 3029 χρεῶν
421 2960 536 3028 diliis,
554 2968 643 3028 χρεῶν
663 2960 699 3028 D,
718 2968 843 3030 κεγχρῶν
863 2908 893 3028 Κ,
912 2962 1048 3029 κιγχρέων
1068 2960 1131 3029 w*p
1201 2960 1336 3028 Βαάτραν
1355 2960 1378 3012 Β

314 3032 349 3085 10
366 3032 464 3085 doctori
483 3031 518 3097 D,
539 3048 615 3085 corr.
630 3031 679 3089 Dw
755 3035 788 3085 12
808 3039 875 3102 post
893 3033 973 3087 αὐτοῦ
991 3031 1060 3086 add.
1080 3030 1218 3101 10s0wp
1290 3034 1380 3099 ἐξηγο-

312 3104 394 3171 μένου
409 3102 443 3171 D,
464 3119 539 3159 corr.
558 3102 608 3160 iio
683 3104 716 3157 13
734 3104 893 3170 natiuit,
911 3106 928 3156 δ
946 3105 1055 3158 omisso
1074 3104 1120 3155 καί
1138 3100 1199 3168 BD,
1217 3104 1234 3155 δ
1251 3104 1296 3157 καί
1316 3103 1378 3172 w*p

314 3174 347 3227 15
361 3173 430 3227 δὲΙ)
499 3175 578 3235 αὖθις
590 3176 625 3229 ἕτ.
639 3183 699 3245 νῆες
713 3176 786 3244 Ewp
853 3176 887 3227 16
899 3176 973 3229 αὗται
987 3173 1103 3245 Ewth'
1172 3174 1203 3229 17
1216 3174 1380 3243 κεφαληνίας

313 3245 424 3316 Apr‚
444 3248 627 3316 Κεφαλληνίας
646 3244 701 3315 Di3
722 3263 750 3301 v.
770 3246 810 3299 sd
829 3246 957 3315 p.236,9
1028 3246 1157 3309 ζακίνδου
1176 3245 1212 3313 D,
1232 3262 1309 3300 corr.
1330 3246 1379 3303 Dw

261 3452 428 3523 Ooryphas,
442 3454 630 3520 occurrisset,
645 3452 753 3506 multss
767 3451 896 3506 hostium
910 3452 1034 3505 nsviurn
1048 3466 1111 3505 nna
1124 3467 1193 3505 cum
1206 3452 1380 3505 vectoribus

259 3525 325 3593 igni
353 3523 470 3579 Graeco
498 3526 530 3577 in
557 3526 673 3577 cineres
702 3523 833 3592 redegit,
861 3522 971 3576 multas
1000 3524 1081 3576 terro
1110 3524 1249 3588 confecit,
1278 3523 1380 3591 plures

215 3601 250 3654 48
261 3596 410 3649 demersit.
447 3596 628 3664 Quicunque
646 3594 804 3664 multiplex
824 3595 881 3647 lroc
903 3594 1063 3647 discrimen
1083 3595 1162 3663 turpi
1184 3596 1259 3663 iuga
1278 3609 1380 3647 evase·

215 3672 250 3726 49
261 3672 338 3733 rsnt,
365 3666 571 3720 incolumitate
590 3680 650 3720 non
672 3667 814 3732 contenti,
843 3666 977 3734 piraticis
996 3666 1127 3718 naribus
1147 3667 1269 3734 peratis,
1297 3664 1381 3718 Pelo·

216 3744 429 3806 bopounesum
449 3744 479 3791 et
498 3740 614 3792 vicinas
643 3737 757 3791 insulas
776 3744 977 3790 reseverunt.
1015 3736 1074 3791 Sed
1101 3751 1154 3789 eos
1181 3736 1260 3789 idem
1289 3737 1380 3792 druu-

259 3810 374 3877 gsrius,
394 3823 461 3862 cum
482 3810 520 3862 sd
538 3814 656 3879 portum
671 3809 893 3863 Cenchresrum
913 3808 1080 3877 appulisset
1092 3824 1129 3860 se
1142 3823 1236 3861 neves
1251 3810 1379 3862 hostium

260 3894 355 3949 prope
375 3880 544 3934 Metlronum
574 3888 603 3935 et
631 3880 737 3949 Pylum
767 3885 798 3933 et
826 3880 932 3933 Patras
959 3880 1067 3934 crebro
1094 3880 1240 3934 stationes
1268 3880 1380 3934 habere

262 3952 422 4019 didicisset,
452 3952 623 4006 triremibus
643 3968 698 4022 per
716 3950 861 4004 Isthmum
881 3950 1104 4005 Corinthiacum
1133 3952 1271 4005 celeriter
1299 3960 1380 4005 terra

214 4029 246 4082 ,ῆι
260 4022 407 4077 traductis
426 4023 527 4077 hostes
545 4024 645 4077 subito
665 4023 859 4092 oggi-editum
884 4025 982 4092 iisque
1001 4023 1166 4092 improvise
1185 4024 1381 4092 impressione

260 4095 406 4164 perculsis
427 4096 567 4163 piraticas
596 4110 690 4148 naves
721 4095 829 4163 partim
849 4101 970 4161 cremat,
999 4095 1108 4163 partim
1127 4108 1196 4147 curn
1216 4096 1289 4163 ipsis
1309 4096 1381 4147 viris

260 4166 416 4236 demergit,
442 4165 549 4220 Photio
569 4180 699 4235 quoque,
727 4166 854 4218 hostium
875 4165 961 4232 duce,
988 4168 1155 4221 interiecto.
1193 4165 1243 4220 Sic
1262 4165 1382 4221 Creten·

259 4240 335 4293 sium
356 4252 479 4307 quoquc
498 4239 601 4291 classis
620 4238 717 4307 periit.

351 4311 391 4364 10.
430 4308 540 4363 Verum
560 4324 597 4361 ex
620 4308 724 4361 Africo
744 4323 867 4377 quoque
886 4309 964 4362 oliae
983 4324 1078 4362 nares
1096 4312 1258 4379 sexaginta
1277 4312 1382 4377 iugen-

260 4387 304 4435 tes
318 4382 460 4435 Romanis
476 4381 640 4450 provinciis
654 4380 810 4434 vastandis
829 4394 926 4450 usque
940 4379 979 4432 ad
993 4379 1205 4449 Cephalenism
1226 4388 1257 4436 et
1271 4381 1382 4451 Zacyn·

233 4454 343 4515 illrum
358 4456 579 4523 processerunt.
617 4450 728 4507 Contra
744 4466 796 4507 ess
808 4452 935 4509 Nerssn.
956 4452 1059 4507 classis
1072 4456 1254 4523 preelectus,
1274 4454 1384 4509 missus
