3050 4775
231 405 285 462 540
534 405 671 464 ΖΟΝΑΒ.
691 405 790 462 ΕΡῙΤ.
809 405 894 462 XVII
911 405 937 475 5,
956 405 1052 462 9-23.

231 613 326 671 μενος
349 587 384 652 δὲ
407 588 458 652 διὰ
481 588 536 661 τὰς
558 591 710 674 ἀριστείας
732 589 796 654 ὗπδ
817 587 935 660 παντὸς
956 595 1012 652 τοῦ
1035 587 1264 671 στρατεύματος
1285 603 1350 651 πει-

188 697 222 751 10
230 693 362 774 θηνίους
393 691 454 775 εἶχε
486 694 599 776 σχεδὸν
630 695 777 782 ἅπαντας.
823 694 868 758 ὅτι
892 691 921 755 δ’
945 690 985 776 ἦν
1007 692 1041 755 ἐν
1066 697 1104 775 τῇ
1130 691 1262 774 βασιλίδι
1287 695 1352 754 τῶν

230 791 356 855 πδλεων
378 791 396 853 ὁ
419 797 492 862 παῖς
515 793 611 855 αὐτοῦ
631 792 805 876 Ῥωμανδς,
838 795 967 858 ἔσπευσε
996 799 1080 878 σχεῖν
1105 794 1252 857 κάκεῖνον
1274 789 1350 875 παρ’

231 894 335 976 ἑαυτῷ
362 893 417 956 καὶ
443 894 560 964 στείλας
582 894 688 976 λάθρᾳ
710 894 776 959 τινὰ
799 897 947 980 ἠδυνήθη
969 896 1099 961 καὶτὸν
1121 895 1190 960 υἱὸν
1213 895 1351 960 λαθόντα

189 995 461 1077 11ὗπαγαγὲσθαι·
495 995 549 1059 καὶ
577 997 687 1060 αὐτίκα
716 1004 753 1081 τῇ
781 999 937 1080 τυραννίδι
966 997 1178 1083 ἐπικεχείρηκε
1199 998 1298 1080 ταινίᾳ
1319 1003 1378 1061 τε5

231 1098 377 1180 βασιλείᾳ)
409 1097 465 1179 τὴν
496 1097 638 1180 κεφαλὴν
670 1099 826 1164 ἀναδεῖται
854 1101 908 1164 καί
935 1107 1089 1185 φοινικοῖς
1116 1100 1252 1171 πεδίλοις
1278 1099 1352 1170 τοὺς

189 1208 222 1262 12
231 1201 334 1271 πόδας
363 1201 529 1281 ὑποδεῖται,
562 1201 616 1264 καί
645 1202 828 1285 εὐφημεῖται
856 1204 903 1276 ὡς
932 1205 1087 1287 βασιλεύς·
1119 1204 1174 1267 καὶ
1204 1204 1351 1286 χρήματα

232 1303 372 1376 συλλέξαι
398 1309 527 1367 ποιεῖται
554 1303 697 1387 σπουδὴν
724 1304 779 1368 καί
806 1305 994 1389 συμμάχους
1021 1305 1223 1389 προσειλήφει
1244 1304 1298 1368 τόν
1320 1327 1352 1367 τε

199 1411 285 1488 Οτῆς
300 1405 429 1488 Ἀμίδης
453 1406 580 1489 ἀμηρᾶν
604 1405 702 1489 (οὕτω
726 1406 786 1490 γὰρ
809 1407 952 1490 τδἜμετ
974 1405 1121 1490 καλεῖται)
1146 1405 1276 1471 καὶτὸν
1297 1413 1352 1490 τῆς

232 1509 533 1590 Μαρτυρουπόλεως
563 1507 594 1592 (ἡ
620 1509 655 1574 δὲ
679 1510 876 1593 δίιεφερκεὶμ
900 1509 1111 1593 ὀνομάζεται),
1143 1508 1220 1573 ἀλλὰ
1247 1510 1353 1592 μέντοι
1364 1517 1400 1571 10

23 1617 168 1673 winus
190 1619 222 1674 13
232 1611 285 1675 καί
301 1612 449 1694 Ἄραβας.
495 1613 626 1683 τούτους
655 1612 712 1677 οὗν
739 1613 1002 1696 συμπαραλαβὼν
1029 1613 1170 1696 ἠπείγετο
1193 1612 1275 1695 πρὸς
1296 1611 1353 1695 τὴν

232 1714 481 1796 Κωνοταντίνου,
514 1716 614 1779 ἐλπίσι
637 1722 785 1798 χρησταῖς
811 1716 1040 1798 αἰωρούμενος,
1073 1718 1112 1786 ἃς
1139 1716 1193 1779 καὶ
1219 1715 1354 1779 ἄλλοθεν

232 1817 361 1898 ἔθαλπε,
393 1818 512 1899 μᾶλλον
540 1818 645 1900 μέντοι
673 1819 707 1892 ἐξ
729 1819 852 1900 ὀνείρου
875 1817 957 1888 τινὸς
978 1824 1123 1901 μοναχοῦ
1145 1817 1259 1901 ἀρετὴν
1280 1843 1353 1902 μετ-

189 1919 342 1991 14ιόντος.
389 1921 478 1994 ἔδοξε
502 1919 561 2002 γὰρ
585 1921 703 1991 ἐκεῖνος
729 1920 810 2002 δρᾶν
831 1919 885 1985 τδν
908 1919 1057 2004 Σκληρδν
1080 1922 1205 2003 γυναικί
1223 1947 1278 1986 τινι
1300 1922 1352 2005 ἐφ’

232 2022 357 2106 ὑψηλῆς
380 2023 548 2106 καθημένη
571 2030 735 2106 περιωπῆς
757 2023 952 2105 προσελθεῖν,
975 2024 1031 2107 τὴν
1054 2024 1089 2088 δὲ
1110 2023 1243 2107 μάστιγα
1265 2023 1354 2105 αύτῷ
1364 2025 1399 2080 15

189 2131 223 2187 15
233 2124 397 2207 ἐγχειρίσαι
419 2126 591 2210 βασιλικήν.
637 2128 657 2208 ἡ
680 2126 792 2209 μάστιξ
810 2123 849 2208 δ’,
873 2127 921 2198 ὡς
936 2129 1045 2200 ἔοικεν,
1067 2126 1108 2211 ἦν
1123 2126 1285 2210 σύμβολον
1299 2133 1354 2209 τῆς

231 2226 321 2298 θείας
344 2229 440 2312 ὀργῆς
463 2227 517 2292 καί
538 2235 593 2311 τῆς
615 2230 651 2292 ἐκ
674 2233 739 2292 τῶν
761 2229 926 2312 ἐμφυλίων
944 2229 1095 2312 πολέμων
1110 2234 1175 2293 τῶν
1186 2227 1354 2312 Ῥωμαίων

232 2329 370 2413 φθορᾶς,
403 2333 442 2413 ἣν
469 2331 487 2396 ὁ
515 2329 664 2415 Σκληρδς
694 2331 811 2416 δηλοῦν
837 2330 893 2414 τὴν
918 2333 1076 2416 βασιλείαν
1108 2331 1240 2416 ἐνόμιζε,
1272 2331 1354 2415 πρὸς

286 2552 311 2606 3.
330 2551 349 2605 4
365 2552 428 2621 παρ’
446 2554 532 2607 cnoro
551 2552 676 2608 κάκεῖνον
692 2554 854 2623 ποιήσασθαι
873 2554 898 2609 0
989 2554 1015 2610 5.
1033 2554 1051 2607 6
1069 2556 1151 2623 ταινίᾳ
1169 2574 1197 2608 τι
1214 2552 1256 2621 (δὲ
1273 2552 1312 2618 D)
1331 2574 1353 2607 τ.

285 2643 349 2691 κεφ.
368 2624 443 2677 ἀναδ.
462 2626 586 2694 βασιλικῇ
605 2625 629 2680 0
701 2626 727 2679 6.
746 2626 763 2679 7
782 2625 897 2685 πεδίλοις
916 2628 985 2696 post
1002 2624 1177 2680 ύποδιῖταιΟ
1256 2624 1274 2679 9
1292 2626 1354 2693 ἕμετ

286 2692 368 2748 ARw
397 2695 445 2761 (cf.
466 2694 551 2750 Geor.
572 2694 714 2765 (Scylitz.)
735 2695 763 2749 11
784 2712 813 2766 p.
833 2695 894 2762 419,
916 2696 957 2750 18.
983 2696 997 2750 I
1016 2713 1043 2767 p.
1063 2696 1124 2765 237,
1145 2696 1168 2764 1,
1198 2695 1351 2751 Constant.

286 2766 474 2836 Porphyrog.
495 2766 538 2820 111
558 2784 585 2837 p¹
606 2767 665 2834 114,
684 2768 709 2834 2,
729 2766 824 2821 Leon.
842 2766 927 2821 Diae.
947 2784 975 2837 p.
996 2768 1117 2837 161,19)
1137 2769 1210 2835 Erret
1228 2774 1262 2835 (s.
1281 2768 1352 2837 spir.

286 2842 316 2891 et
335 2842 408 2901 acc.)
428 2854 456 2907 p,
472 2838 551 2906 Ἐμὲτ
569 2838 611 2893 Di
742 2839 778 2892 10
794 2841 1034 2907 μαρτυρουπόλεως
1053 2838 1171 2908 Apr3
1190 2845 1236 2893 est
1254 2840 1353 2894 forma

285 2910 492 2976 Μαρτυρόπολις
511 2910 662 2965 sollemnis
681 2909 873 2979 (11111216,
892 2910 978 2965 Cedr.
997 2911 1012 2964 1
1031 2928 1059 2979 p.
1069 2910 1130 2978 125,
1143 2910 1185 2965 13.
1205 2910 1234 2963 II
1253 2926 1281 2980 p.
1292 2909 1353 2975 419,

288 2980 328 3043 18,
357 2978 454 3035 Maiol.
475 2998 502 3051 p.
522 2982 583 3047 427,
604 2982 644 3049 15,
673 2982 801 3050 Procop.
821 2979 835 3034 Ι
854 2998 882 3051 p.
901 2981 945 3044 42,
966 2982 1008 3036 17.
1033 2982 1093 3049 107,
1112 2982 1155 3035 22.
1178 2981 1240 3048 262,
1259 2982 1285 3035 7.
1310 2980 1354 3034 III

287 3068 315 3120 p.
334 3051 395 3117 221,
416 3053 441 3107 i.
461 3052 521 3119 248,
543 3054 584 3106 14.
603 3053 695 3120 249,1
716 3053 783 3119 cot.)
802 3068 903 3123 neque
922 3060 1023 3107 tamen
1043 3053 1158 3122 ubique
1177 3052 1354 3107 revocanda

288 3124 319 3177 11
340 3125 544 3194 συμπεριλαβών
562 3124 635 3195 Ewp
718 3124 752 3177 12
771 3125 1042 3178 κοιναταντινούπολιν
1061 3123 1088 3177 Ι)
1171 3124 1354 3192 αίωρούμενος

286 3210 362 3249 corr.
383 3210 422 3249 ex
441 3197 606 3264 ἑωρούμενος
625 3196 656 3261 Ε,
679 3194 855 3263 ἐωίρούμενος
873 3195 901 3247 Ι)
1022 3196 1055 3248 13
1071 3202 1191 3264 μοναχοῢ
1211 3211 1268 3249 om.
1289 3196 1353 3249 init.

286 3282 364 3320 vers.
385 3266 407 3323 C
478 3270 609 3335 μετίοντος
628 3266 664 3337 ρ*
739 3266 773 3321 14
790 3267 886 3320 ἐκείνω
906 3267 929 3320 Ε
1000 3266 1044 3320 τὸν
1063 3266 1180 3336 σκληρὸν
1200 3282 1256 3321 om.
1275 3266 1355 3322 CWo

286 3337 337 3392 lat.
447 3338 480 3393 16
498 3338 637 3407 ἐγχειρίσαι
657 3336 785 3408 prDa',
803 3339 951 3407 ἐγχειρῆσαι
970 3335 1025 3390 ΑΙ)
1142 3338 1175 3393 17
1192 3337 1309 3408 πόλεμον
1327 3338 1354 3391 Ι)

292 3409 323 3462 18
342 3410 374 3479 ἣν
393 3410 409 3463 δ
426 3410 541 3479 σκληρὸς
559 3409 669 3480 AEwp,
689 3411 705 3463 δ
722 3408 752 3463 δὲ
771 3409 888 3478 οκληρδς
905 3408 952 3479 τὴν
969 3409 1081 3479 μάστιγα
1100 3409 1124 3464 0

233 3624 351 3677 sortiter
370 3628 473 3693 gestas
492 3623 574 3692 apud
589 3638 692 3678 omncs
706 3623 815 3678 milites
827 3624 1064 3693 gratiosissimus
1077 3639 1181 3679 omnes
1195 3624 1261 3679 fore
1274 3624 1355 3678 dicto

188 3693 223 3745 10
233 3694 394 3749 audientes
413 3695 545 3749 habebat
564 3703 593 3749 et
615 3695 674 3750 tilio
694 3695 842 3760 Romano,
869 3696 920 3763 qni
946 3697 977 3748 in
1000 3696 1078 3750 urbe
1100 3696 1188 3765 regia
1213 3695 1354 3765 degebat,

188 3764 219 3817 11
233 3765 309 3819 ciam
328 3782 384 3835 per
404 3768 554 3834 quendam
574 3768 719 3821 arcessito
739 3768 839 3820 statim
856 3782 984 3836 regnum
999 3767 1162 3832 affectavit,
1183 3766 1356 3821 diademate

189 3834 222 3888 12
232 3838 319 3907 regio
339 3844 369 3891 et
388 3836 496 3891 calceis
519 3838 656 3907 puniceis
679 3839 814 3907 sumptis.
851 3838 918 3892 Rex
946 3838 1096 3892 salutatus
1124 3839 1271 3908 pecunias
1295 3843 1355 3891 stu-

233 3908 318 3962 diose
336 3909 487 3978 conquirit
507 3914 536 3963 et
554 3907 690 3977 Amidae,
710 3924 790 3978 quae
809 3916 840 3963 et
854 3910 940 3963 Emet
959 3910 1078 3976 dicitur,
1098 3914 1127 3963 ct
1140 3908 1356 3978 Martyrupoiis

188 3978 288 4033 13seu
311 3979 503 4049 Micphercim
529 3996 661 4035 amoram
685 3985 715 4035 et
737 3978 855 4034 Arabes
877 3982 976 4036 socios
1004 3981 1132 4036 asciscit.
1169 3980 1223 4035 His
1252 3994 1354 4035 secum

233 4052 402 4105 coniunctis
425 4049 540 4119 Cpolim
564 4060 708 4122 properat
731 4067 786 4121 spe
809 4052 891 4106 bona
916 4054 1023 4119 alatus,
1051 4053 1167 4107 somnio
1197 4051 1354 4106 cuiusdam

189 4121 222 4174 11
233 4123 373 4176 monachi
399 4123 520 4177 virtutis
545 4123 671 4177 studiosi
695 4124 862 4193 praecipue
884 4129 983 4190 aucto,
1012 4126 1064 4193 qui
1092 4124 1149 4177 sibi
1178 4124 1261 4177 visus
1290 4128 1357 4177 orat

233 4192 368 4249 Selorum
395 4194 434 4248 ad
453 4194 608 4248 mulierem
628 4195 782 4263 quandam
801 4196 833 4247 in
853 4194 972 4249 sublimi
991 4194 1115 4264 specula
1134 4193 1291 4249 sedentem
1308 4209 1356 4249 ac·

189 4264 224 4319 15
234 4266 350 4333 cedere,
380 4281 460 4335 qnae
485 4265 525 4319 iili
550 4266 703 4335 flagellum
726 4267 846 4335 regium
871 4265 1050 4335 porrigeret.
1088 4264 1176 4329 Quod
1202 4265 1357 4332 flagellum

234 4350 301 4390 cum
321 4338 427 4405 utique
445 4338 520 4391 iram
540 4338 588 4391 dai
602 4342 632 4391 ot
644 4337 851 4391 Romanorum
871 4353 910 4391 ex
929 4338 1078 4392 intestinis
1097 4336 1184 4391 bellis
1201 4337 1355 4390 interitum

234 4408 426 4479 signiticaret,
455 4406 576 4464 Sclerus
601 4408 769 4479 cupiditate
793 4415 974 4463 occaecatus
998 4409 1145 4463 visionem
1168 4408 1286 4477 imperii
1308 4408 1356 4462 sui
