3050 4775
284 474 338 531 750
568 470 704 533 ZONAR
724 470 824 531 EPIT.
841 470 940 531 XVIII
959 471 1002 544 25,
1020 472 1117 531 3-13.

284 660 387 736 νᾶτοι,·
420 658 533 722 ἑαυτοῦ
562 658 791 740 καταψεύδεται
819 658 959 722 θάνατον
985 656 1040 721 καὶ
1066 658 1199 739 λάρνακι
1221 656 1404 741 ἕμβεβήκει,

252 760 496 843 Οὲντειλάμενος
518 766 582 831 τοῖς
603 760 780 843 θεράπουσι
802 761 900 843 λέγειν
922 760 970 830 ὡς
992 761 1150 843 ἐτεθνήκει
1172 760 1227 824 καί
1249 760 1267 824 δ
1290 760 1406 843 νεκρὸς

258 864 406 927 λίκείνου
436 864 594 947 κομίζεται
622 864 739 928 οἴκαδε.
785 865 870 927 οὕτω
893 863 1006 927 λαθὼν
1028 865 1071 934 εἰς
1092 863 1150 945 τήν
1171 864 1283 946 χώραν
1305 865 1405 927 αὐτοῦ

286 966 491 1030 διασέσωστο·
523 966 601 1030 ἔνθα
624 966 724 1029 πολλὰ
747 966 905 1029 κατειπὼν
927 972 983 1030 τοῦ
1006 966 1160 1049 βασιλέως
1181 965 1317 1037 πολλοὺς
1339 970 1406 1029 τῶν

286 1068 457 1150 ὁμοεθνῶν
472 1067 546 1151 ἆραι
561 1068 640 1133 κατὰ
654 1068 822 1151 Ῥωμαίων
845 1068 926 1132 ὅπλα
949 1068 1105 1151 ἠρέθισεν,
1128 1064 1177 1131 ὧν
1199 1073 1435 1151 στραταρχῶνὸ

286 1172 404 1243 ἐκεῖνος
436 1172 648 1255 διεπεραιώθη
680 1172 763 1253 πρὸς
789 1172 847 1255 τὴν
868 1172 1062 1255 Ἐπίδαμνον
1087 1172 1142 1235 καί
1167 1172 1286 1255 πολλὴν
1311 1174 1406 1237 ἔθετο

259 1273 429 1357 ὅοπουδήν
458 1274 655 1357 λκπορθήοαι
678 1274 713 1337 τδ
736 1275 813 1338 ἄστυ
836 1275 939 1359 αὐτῆς.
985 1274 1102 1357 χρόνον
1126 1274 1160 1338 δὲ
1183 1275 1349 1357 διατρίψας
1372 1276 1407 1339 ἒν

285 1382 323 1459 τῇ
345 1376 511 1459 πολιορκίᾳ
532 1376 660 1460 μακρὸν
682 1376 736 1441 καλ
758 1378 912 1449 κακώσας
933 1376 992 1460 μὲν
1014 1376 1086 1448 τοὺς
1109 1378 1143 1441 ἕν
1170 1383 1208 1461 τῇ
1233 1377 1331 1461 πόλει,
1365 1379 1406 1441 οὔ

285 1480 366 1563 μείω
395 1480 429 1543 δὲ
455 1479 510 1543 καλ
532 1478 627 1550 αὐτὸς
649 1480 813 1551 κακωθεὶς
835 1481 963 1563 ἀπέγνω
985 1480 1045 1564 μὲν
1065 1485 1122 1544 τοῦ
1145 1480 1326 1564 Δυρραχίου
1348 1480 1406 1563 τὴν

286 1582 412 1655 ἅλωσιν,
434 1583 557 1665 προέβη
575 1578 603 1645 δ’
620 1583 663 1653 εἰς
678 1583 768 1665 ἕτερα
790 1583 948 1647 κάκείνων
970 1584 1151 1666 διήμαρτεν·
1175 1583 1253 1647 ὅθεν
1276 1584 1405 1665 διαπρε-
1418 1590 1454 1643 10

260 1685 427 1768 6οβεύεται
453 1670 535 1765 π’ρὸς
562 1684 616 1748 τὸν
646 1686 875 1769 αὐτοκράτορα,
908 1686 1078 1770 συμβάσεις
1106 1688 1220 1769 ζητῶν.
1265 1685 1343 1749 ὅδὲ
1367 1692 1406 1769 τῇ

249 1798 277 1852 D
291 1786 504 1870 Θεσσαλονίκῃ
530 1786 569 1870 ἦν
597 1788 756 1871 ἐνδημῶν,
789 1788 843 1852 καί
865 1788 991 1871 ἀπάρας
1012 1790 1134 1853 ἐκεῖθεν
1156 1787 1236 1853 κατὰ
1259 1786 1315 1871 τὴν
1337 1787 1405 1851 Ee-

287 1890 433 1974 ρωπαίον
449 1889 632 1953 Κυλώνειον
652 1889 706 1954 τὸν
727 1891 854 1974 χάρακα
878 1892 979 1973 ἔθετο,
1003 1892 1082 1955 ἔνθα
1105 1891 1159 1955 καλ
1180 1891 1407 1975 προσωμίλησε

287 2000 333 2075 τῷ
355 1993 514 2077 βαρβάρῳ
535 1993 589 2056 καί
612 1992 666 2063 τὰς
689 1994 853 2076 συνθήκας
875 1999 940 2057 τῶν
962 1994 1111 2059 σπονδῶν
1133 1995 1311 2078 ἐποιήσατο.

101 2108 278 2166 w1112417
373 2094 418 2158 ‘H
436 2095 495 2177 μὲν
523 2093 581 2159 οὖν
609 2102 664 2160 τοῦ
688 2096 895 2180 Βοϊμούνδου
917 2098 1004 2181 μάχη
1028 2099 1114 2161 οὕτω
1135 2120 1207 2165 πως
1230 2096 1405 2160 διαλέλυτο·
1420 2104 1455 2157 15

288 2198 307 2262 ὁ
330 2198 365 2262 δὲ
387 2198 580 2282 πατριάρχης
596 2198 756 2269 Νικόλαος
775 2199 825 2262 ε’πλ
847 2202 944 2263 εἴκοσι
965 2200 1047 2283 πρὸς
1070 2199 1145 2263 ἑπτὰ
1169 2198 1328 2268 ἐνιαυτοὺς
1349 2198 1407 2282 τήν

288 2301 455 2384 ἐκκλησίαν
478 2301 590 2372 ἰθύνας
612 2301 666 2365 καί
689 2302 721 2373 ἐς
743 2308 843 2387 γῆρας
866 2303 979 2374 ἐλάσας
992 2303 1092 2386 βαθύ,
1115 2303 1253 2385 νοσήσας
1268 2302 1406 2385 ἀπεβίω·

290 2515 324 2570 15
341 2513 401 2584 περὶ
419 2521 593 2584 πατριαρχῶν
611 2513 659 2570 OE

343 2713 358 2766 l
377 2712 559 2782 κατεψεύσατο
578 2711 602 2768 0
692 2713 710 2768 3
728 2714 814 2774 οὕτως
833 2712 866 2784 0,
885 2730 914 2768 v.
933 2713 974 2768 ad
992 2712 1065 2768 XIII
1083 2714 1108 2780 6,
1130 2713 1163 2767 16
1246 2713 1340 2767 ἑαυτοῦ
1358 2711 1409 2767 BC

343 2785 361 2838 4
379 2784 471 2853 πολλὰ]
490 2783 603 2844 πολλοὺς
621 2783 649 2839 D
732 2787 748 2840 ’ί
768 2786 848 2840 αὐτοῦ
867 2785 919 2839 BD
1004 2786 1022 2840 8
1040 2785 1174 2844 κακώσεις
1192 2783 1215 2839 C
1300 2785 1318 2838 9
1336 2789 1409 2838 ante

342 2863 388 2910 τοῦ
407 2856 476 2910 add.
496 2855 542 2926 τήν
562 2855 604 2910 w*
646 2857 749 2911 invitis
768 2857 822 2912 AR
889 2857 923 2911 10
940 2877 1006 2926 προε
1020 2897 1027 2911 .
1040 2897 1047 2910 .
1061 2897 1068 2912 .
1083 2898 1090 2911 .
1104 2897 1110 2911 .
1126 2856 1129 2926 ξ
1145 2858 1220 2925 ἔτερα
1239 2855 1267 2908 Ι)
1339 2861 1409 2925 post

341 2929 416 2997 ἕτερα
436 2927 505 2981 add.
523 2927 589 2981 ἀλλὰ
605 2873 723 2998 prDi
795 2929 945 2997 διήμορθεν
963 2927 1000 2998 ρ*
1072 2927 1293 2997 διακρεςίβίβεται
1305 2927 1369 2995 (siu)
1381 2925 1410 2980 Α

344 2999 375 3051 ll
395 2999 439 3052 τδν
459 3015 515 3053 om.
535 2998 563 3051 D
663 2999 704 3053 12.
726 2999 758 3052 13
777 3001 845 3054 κατὰ
862 3000 1009 3053 κολώνειαν
1027 3000 1184 3067 (κολωνείαν
1203 2999 1242 3063 1))
1260 2998 1308 3068 τήν
1324 2998 1409 3066 εὕρω·

341 3073 420 3124 ποίαν
439 3070 499 3138 cl),
518 3069 586 3126 κατὰ
602 3070 650 3141 τήν
668 3071 817 3125 κολώνειαν
834 3079 880 3140 τής
898 3071 986 3138 (corr.
1007 3086 1045 3124 ex
1064 3071 1122 3140 τὴν)
1141 3071 1265 3140 εὔρώπης
1283 3069 1307 3122 Β

344 3143 377 3196 13
396 3142 439 3196 τὸν
457 3163 509 3211 χορ
521 3181 865 3197 ....................
884 3143 959 3212 ἔνθα
979 3142 1005 3196 D
1102 3143 1136 3196 15
1154 3143 1172 3212 ἡ
1190 3141 1409 3209 pir-naasion>

344 3229 400 3266 om.
421 3213 444 3266 Ε
516 3213 542 3282 ή]
563 3215 579 3267 δ
596 3213 623 3266 Ι)
684 3215 834 3284 βαΐμούνδη
854 3214 876 3268 C
940 3212 1064 3271 οὕτωλπω
1081 3213 1108 3266 Ι)
1172 3213 1306 3268 διαλίλυτο
1319 3211 1410 3278 ACD,

342 3285 488 3339 διαλέλυται
510 3284 540 3352 B,
560 3285 689 3339 διελέλυτο
709 3284 819 3356 w*pDi
933 3285 975 3339 15.
996 3287 1030 3339 16
1047 3285 1182 3339 διαλίλυτο
1202 3325 1280 3338 .....
1297 3286 1314 3338 δ
1332 3282 1362 3336 δὲ
1381 3282 1410 3335 Ι)

344 3357 378 3410 16
395 3357 460 3424 μετὰ
479 3355 510 3424 C,
531 3356 594 3411 λπτᾶ
614 3373 690 3411 corr.
710 3356 757 3416 Οτι
828 3357 956 3416 ἐνιαυτοῖς
975 3355 1006 3425 C,
1025 3355 1080 3412 sed
1098 3372 1127 3411 v.
1146 3356 1231 3412 XVII
1248 3356 1275 3424 4,
1289 3354 1331 3410 14.
1349 3356 1409 3422 6,1

345 3427 378 3482 17
396 3429 432 3488 εἰς
452 3427 487 3496 D,
506 3444 536 3484 v.
556 3428 596 3482 ad
614 3427 683 3484 xiv
704 3428 745 3496 12,
767 3428 802 3483 14

290 3639 404 3682 morem
431 3625 469 3680 de
493 3640 548 3681 suo
575 3625 660 3681 obItu
685 3625 893 3696 spargendum
919 3629 1006 3680 curat
1028 3629 1059 3680 et
1078 3625 1171 3680 cistae
1190 3625 1348 3696 impositus
1366 3625 1411 3679 Ia·

263 3697 378 3754 4nrulis
404 3697 537 3764 mandat,
565 3703 600 3752 ut
624 3712 735 3766 eorpus
759 3713 849 3753 suum
872 3697 993 3753 domum
1013 3698 1086 3752 ferri
1105 3697 1217 3751 dinana
1254 3696 1320 3761 Quo
1339 3702 1411 3750 astu

290 3771 321 3824 in
341 3771 469 3839 patriam
489 3784 630 3824 reversus
650 3775 679 3824 et
698 3770 793 3824 multe
812 3769 850 3824 de
870 3785 945 3839 rege
964 3776 1148 3838 conquestus
1171 3769 1281 3823 multos
1300 3767 1338 3822 de
1358 3785 1411 3838 po-

291 3841 448 3911 pularibus
471 3841 511 3895 ari
533 3841 682 3896 sumenda
706 3845 813 3895 eontra
831 3841 983 3896 Romanos
1005 3856 1090 3894 arma
1109 3841 1275 3895 concitavit
1292 3855 1412 3894 eorum-

291 3928 351 3982 que
364 3913 427 3966 dux
441 3918 569 3980 oreatus,
586 3917 729 3982 superato
743 3913 828 3980 nrari,
849 3913 1048 3982 Epidamnum
1061 3928 1174 3982 magno
1187 3912 1287 3966 studio
1300 3927 1413 3980 capere

264 3983 454 4040 iconiendit.
492 3983 566 4039 Cum
586 3991 687 4037 autern
707 3983 824 4038 obsidio
844 3984 1024 4049 traheretur,
1046 3985 1165 4038 civibus
1184 3999 1234 4038 rna
1258 3984 1303 4037 nIs
1322 3982 1413 4037 datri-

291 4058 399 4110 mentis
418 4055 507 4110 illatis
526 4070 583 4110 neo
601 4056 797 4124 paucioribus
816 4057 957 4125 acceptis,
980 4057 1211 4125 expugnatione
1258 4054 1414 4124 yrrhaehii

292 4127 461 4196 desperata,
490 4127 529 4181 ad
553 4127 613 4180 alia
635 4126 702 4181 loca
722 4141 820 4195 aeque
842 4127 926 4180 irriso
947 4131 1059 4181 conatu
1078 4141 1260 4196 progressus
1279 4126 1413 4195 deanua

265 4201 281 4256 6
293 4215 398 4269 parurn
413 4213 467 4269 per
480 4199 598 4269 legatos
611 4199 650 4251 ab
664 4199 847 4267 Imperatore
861 4201 943 4267 petit,
961 4197 1195 4252 Thessalonicae
1208 4205 1271 4252 tum
1285 4203 1414 4266 κράατος

293 4271 345 4339 qui
364 4271 435 4326 inda
455 4271 609 4340 digressus
629 4271 716 4323 iuxta
729 4269 893 4324 Colonoam
907 4269 1098 4339 Europaeum
1112 4269 1192 4324 vallo
1206 4270 1322 4324 munito
1342 4283 1414 4322 curn

293 4342 425 4397 barbaro
445 4341 484 4395 de
503 4343 587 4410 pacis
607 4340 838 4395 condioIonibus
857 4342 1014 4411 transegii.

265 4416 282 4470 'i
382 4412 427 4467 Aa
445 4412 684 4466 Boiimundieum
704 4411 816 4466 bellum
842 4412 899 4466 hoc
922 4413 988 4467 fers
1012 4411 1102 4467 modo
1126 4427 1192 4466 com
1216 4413 1327 4466 ositurn
1354 4416 1415 4480 est3

293 4485 466 4558 patriarcha
492 4499 564 4538 vero
587 4483 730 4540 Nicolaus
753 4483 881 4538 ecclesia
904 4500 958 4556 prr
982 4498 1079 4539 annos
1098 4429 1214 4539 XXVII
1239 4483 1415 4554 gubernata
