3050 4775
463 354 643 418 ivssinvs
662 355 699 417 Π.
732 356 943 418 spument.
1212 359 1265 421 itt

250 542 347 617 ἄξιον,
370 540 400 606 ὦ
423 542 528 625 Ῥώμη
552 544 793 626 μεγαλόκρατες,
817 545 903 607 ἀντία
927 550 992 608 σεῖο

294 645 410 717 κάλλος
432 642 485 707 ἀπ’
509 645 674 729 Εὐρώπης
697 648 838 729 δέρκεται
860 649 904 717 εἰς
927 648 1039 730 Ἀσίην.

142 748 221 829 αὕτη
245 748 265 829 ἡ
293 748 413 829 βασιλὶς
434 748 542 829 Σοφία
573 750 820 832 ἀκριβωσομένη
852 750 971 820 πάντας
1001 750 1074 821 τοὺς
1107 750 1292 821 δανειστδςῖ

143 850 198 913 καί
221 850 280 912 ὅσα
303 850 380 920 τινὲς
403 852 508 921 αὐτοῖς
531 852 670 933 ὤφειλον
692 853 749 914 εἴτε
773 848 812 915 δι’
836 853 1008 935 ἐγγράφων
1030 857 1050 937 ἢ
1074 854 1129 918 καὶ
1144 852 1183 917 δι’
1200 855 1264 917 ἐνε-

116 953 265 1035 ῦχύρων,
297 954 449 1034 κατέβαλε
476 954 535 1037 μέν
562 956 668 1024 αὐτοῖς
694 955 730 1017 τὰ
755 956 861 1018 δάνεια
885 956 1024 1029 οἴκοδεν,
1056 957 1149 1039 ἔλαβε
1172 955 1265 1019 δὲτὰ

145 1056 277 1137 ίνὲχυρα
304 1055 357 1118 καί
383 1056 421 1119 τὰ
454 1058 608 1139 ἔχγραφα,
640 1057 694 1119 καὶ
720 1056 757 1119 τὰ
780 1057 839 1140 μὲν
862 1058 993 1140 ἐνέχυρα
1016 1065 1080 1129 τοῖς
1104 1059 1303 1130 δεσπόταιςΙ)

146 1158 304 1239 ἀπέδωκε,
336 1158 373 1221 τὰ
403 1160 432 1222 δ’
456 1160 599 1242 ἔγγραφα
629 1160 805 1243 ἐξηφάνιοε.
850 1167 983 1243 νοσεροῦ
1012 1160 1046 1224 δὲ
1072 1161 1178 1244 τυχὼν
1200 1164 1293 1226 σώ-8
1311 1169 1448 1225 w11158

144 1283 245 1343 ματος
268 1260 286 1323 ὁ
308 1260 452 1342 βασιλεὺς
481 1260 573 1333 οὗτος
605 1262 658 1325 καὶ
691 1262 741 1326 διὰ
769 1268 862 1325 τοῦτο
889 1263 934 1346 μὴ
962 1269 1104 1346 συνεχῶς
1131 1266 1265 1348 προϊών,

6 1362 218 1433 11111986τοὺς
240 1363 358 1426 ἀδικεῖν
380 1363 606 1447 βουλομένους,
634 1365 681 1435 ὡς
702 1365 840 1448 μηδενὸς
863 1367 954 1436 ὄντος
976 1372 1031 1429 τοῦ
1056 1366 1265 1450 ἐκδικοῦντος,

99 1476 133 1529 10
144 1466 346 1548 δδεεστέρους
361 1466 496 1549 ἐποίησε.
542 1468 598 1531 καί
609 1491 685 1531 ποτε
699 1468 871 1549 προελθὼν
886 1469 1062 1552 ἠνωχλήδη
1077 1468 1165 1551 παρὰ
1187 1470 1292 1533 πολ-9

143 1569 210 1632 λῶν
232 1568 279 1639 ὡς
302 1569 533 1651 ἀδικουμένων.
580 1572 707 1653 γέγονεν
730 1568 789 1634 οὖν
810 1572 830 1653 ἡ
853 1577 918 1635 τῶν
941 1572 1162 1653 ἀδικουμένων
1182 1572 1264 1635 έκδί-
1276 1582 1310 1634 10

143 1694 233 1754 κησις
256 1672 307 1735 διὰ
330 1673 499 1754 φροντίδος
521 1674 616 1755 αὐτῷ.
663 1674 858 1755 φροντίζοντι
881 1674 916 1737 δὲ
937 1674 1009 1757 περὶ
1031 1675 1142 1737 τούτου
1164 1674 1264 1757 πρόσ-
1277 1684 1307 1737 11

143 1776 202 1837 εισί
225 1798 270 1844 τις
299 1774 574 1858 ἐπαγγελλόμενος,
607 1776 636 1838 εἰ
655 1777 796 1859 ἔπαρχος
818 1778 937 1858 γένοιτο
958 1775 1114 1839 καὶκατὰ
1137 1776 1265 1840 πάντων

145 1878 233 1960 αὐτῷ
265 1879 389 1951 ἐξουσία
423 1877 518 1961 δοδῇ,
552 1874 590 1941 δι’
615 1878 794 1961 ὡρισμένου
823 1884 936 1961 καιροῦ
961 1880 1073 1961 μήτινα
1097 1879 1266 1962 εῦριδῆναι

101 1980 199 2043 llinis
227 1980 447 2063 ἀδικούμενον.
493 1980 602 2063 ἡσθεὶς
630 1979 688 2043 οὖν
714 1988 751 2064 τῇ
775 1981 940 2064 ὑποσχέσει
962 1982 1056 2065 ταύτῃ
1081 1982 1099 2044 ὁ
1122 1981 1266 2064 βασιλεὺς
1276 1992 1310 2047 12
1323 1991 1455 2048 ΡΙΠῙΑ

144 2082 199 2147 τὸν
225 2084 327 2167 ἄνδρα
356 2084 475 2147 ἐκεῖνον
503 2084 737 2166 προεχειρίσατο
761 2085 909 2167 ἔπαρχον.
955 2084 973 2146 ὁ
997 2084 1032 2148 δὲ
1054 2084 1264 2168 προκαθίσας,
1276 2097 1310 2150 13

144 2278 162 2331 3
180 2279 219 2331 ὅτι
239 2277 284 2338 τὰς
302 2277 409 2348 δφιτίας
427 2299 481 2333 των
498 2299 555 2331 τοτε
571 2278 779 2347 χρτωστούντων
796 2276 915 2333 ἀπέτισαν
932 2277 1100 2348 δάι’νγοῦστα
1112 2279 1204 2348 Σοφία
1217 2277 1265 2333 ΟΕ

146 2350 182 2405 10
198 2350 258 2418 περὶ
276 2357 322 2404 τοῦ
340 2350 458 2419 ἐπάρχου
478 2350 652 2419 (πατριάρχου
665 2348 697 2418 Ε,
716 2348 901 2418 dividetur)
919 2350 964 2404 καί
982 2357 1028 2405 τοῦ
1046 2350 1201 2410 ἀδικοῦντος
1219 2350 1265 2405 κατ’

143 2421 184 2492 μὴ
202 2421 397 2492 ἀπαντήσαντος
415 2423 452 2481 τίς
470 2421 499 2475 ιδ
516 2422 687 2492 δικαστήριον
697 2421 778 2477 αὐτοῦ
796 2426 866 2487 (om.
879 2419 914 2489 C)
927 2420 975 2477 GE
1048 2423 1082 2477 16
1094 2425 1143 2490 δρα
1155 2422 1265 2486 ξίνονΒ

202 2601 220 2654 2
231 2605 301 2671 post
308 2600 404 2660 κάλλος
414 2600 483 2654 add.
493 2599 554 2655 δἘ
624 2600 644 2654 4
654 2599 700 2654 κατ’
709 2600 839 2655 alterum
850 2614 907 2655 om.
917 2599 942 2654 Ε
951 2601 1037 2655 initio
1048 2616 1128 2656 vers.
1200 2600 1264 2670 8μὴ

202 2669 328 2742 prDi,
347 2670 433 2727 Cedr.
453 2672 466 2725 I
486 2688 514 2741 p.
527 2671 641 2740 681121,
662 2669 756 2725 0111.Α
812 2672 846 2725 12
864 2672 1084 2741 φρονττῖοντοςΙ)
1141 2670 1174 2725 14
1192 2672 1265 2740 αὐτῷ

201 2745 307 2806 ἐξουσία
326 2744 396 2812 loir)
414 2745 448 2812 Δ,
467 2743 540 2811 αὐτῷ
559 2744 630 2814 δοδῆ
649 2744 759 2798 omisso
778 2743 885 2806 ἐξουσία
903 2742 935 2810 Ε,
955 2744 1048 2812 δοθείη
1067 2744 1173 2806 ἐξουσία
1191 2743 1265 2811 αῦτῷ

201 2815 234 2884 O,
253 2815 325 2882 αὐτῷ
343 2816 437 2884 δοθείη
456 2815 561 2878 ἐξουσία
579 2829 637 2884 wp,
655 2815 729 2882 αὐτῷ
747 2815 853 2876 ἐξουσία
870 2815 964 2882 δοδτίη
983 2813 1039 2882 Di3
1058 2815 1264 2885 v.1p.9l,12.

201 2885 261 2954 102,
280 2886 322 2940 22.
342 2886 402 2954 338,
424 2887 466 2940 13.
483 2885 546 2954 421,
566 2885 608 2939 16.
627 2885 696 2939 XVI
715 2885 740 2953 9,
759 2885 804 2940 25.
825 2883 924 2939 XVIII
943 2886 986 2953 28,
1007 2887 1114 2941 locet.
1153 2885 1265 2955 Optati-

200 2973 273 3011 vum
293 2963 322 3012 et
341 2959 569 3012 coniunctivum
582 2957 741 3026 coniungit
754 2955 860 3011 Zonur.
880 2956 893 3009 I
913 2972 940 3026 p.
951 2957 1011 3026 307,
1024 2959 1065 3011 14.
1085 2957 1155 3011 XIV
1168 2958 1210 3024 15,
1222 2959 1265 3010 14.

200 3027 300 3084 XVIII
321 3029 389 3097 1'i,b
456 3033 523 3098 post
541 3029 612 3098 δοθῇ
631 3042 697 3083 csse
716 3026 974 3098 distinguendum,
993 3045 1055 3083 non
1074 3036 1143 3098 post
1160 3036 1264 3096 καιροῦ,

200 3101 311 3155 docent
331 3107 361 3154 ct
378 3099 447 3153 XIV
469 3100 560 3168 10,16
579 3105 609 3154 et
628 3097 715 3154 Cedr.
735 3099 748 3152 I
767 3115 796 3168 p.
814 3099 935 3167 881,23;
955 3101 992 3154 ci.
1012 3106 1173 3169 praeterea
1191 3099 1263 3154 Gro-

201 3172 284 3225 bium
305 3171 409 3226 Gesclc.
429 3171 598 3226 ἀστάνδου.
618 3167 703 3224 Kaio.
723 3169 829 3225 Jurtiu
847 3171 887 3225 11.
907 3169 988 3241 Lips.
1009 3173 1078 3227 1889
1097 3187 1125 3240 p.
1143 3171 1179 3225 46

235 3244 335 3312 stipati}
353 3243 388 3312 D,
409 3258 485 3297 corr.
504 3241 556 3301 Dw

272 3421 368 3486 Quum
388 3422 475 3489 bene,
495 3420 598 3488 Roma,
617 3425 725 3492 potens
744 3425 798 3476 tua
817 3419 916 3491 gloria
935 3421 1077 3488 constitit,
1095 3421 1178 3477 unde

307 3493 388 3548 Euro
411 3508 448 3548 ue
467 3497 560 3562 utque
578 3492 670 3546 Asiae
689 3493 796 3547 ier-tilis
814 3508 891 3546 arva
908 3497 1022 3562 patent.

145 3567 230 3622 Haec
257 3567 367 3635 regina
386 3509 499 3634 sophie
520 3564 743 3619 feneratoribus
769 3564 911 3618 omnibus
936 3564 1108 3633 perquisitis
1135 3571 1164 3619 ct
1193 3567 1290 3623 uere‘i

146 3640 255 3706 alieno,
284 3636 367 3706 quod
393 3637 428 3690 iis
452 3637 518 3690 sive
541 3650 580 3690 ex
605 3636 789 3705 syngraphis
808 3636 874 3689 sive
892 3635 1073 3705 pignoribus
1091 3637 1197 3706 positis
1216 3637 1265 3691 de·

147 3711 279 3774 beretur,
307 3707 409 3762 debite
429 3707 467 3760 de
486 3720 542 3761 suo
561 3706 706 3774 dissolvit,
732 3707 863 3777 pignora
881 3711 1008 3776 acceptu
1036 3707 1164 3761 (lerninis
1183 3709 1265 3762 resti-

146 3783 203 3836 tuit
222 3785 253 3836 et
271 3779 464 3850 syngraphus
487 3779 584 3832 iactas
607 3778 749 3832 abolevit.
787 3776 847 3832 Sed
866 3792 921 3831 rex
941 3793 1008 3831 cum
1029 3784 1108 3832 esset
1127 3779 1292 3836 inorbidotl

146 3867 274 3922 corpore
294 3865 393 3919 noque
412 3851 588 3918 frequenter
607 3850 637 3902 in
657 3849 813 3919 publicum
833 3849 976 3918 prodiret,
1003 3849 1114 3904 multos
1133 3850 1173 3903 ud
1192 3851 1265 3904 infe-

145 3925 271 3978 rendam
291 3922 356 3976 aliis
375 3921 525 3989 Iniuriam,
553 3921 640 3989 quasi
663 3920 764 3974 nullus
784 3935 887 3975 earum
918 3920 1032 3974 vindex
1060 3927 1147 3988 esset,
1174 3922 1264 3976 auda·

146 3998 242 4050 ciorcs
256 3993 395 4048 reddidit.
421 3991 496 4048 Cum
506 3997 607 4046 autem
618 3992 783 4060 aliquando
794 4007 975 4060 progressus
991 4008 1009 4045 a
1023 3993 1124 4046 multis
1134 3996 1291 4050 vexatnstl

146 4071 225 4122 esset
234 4065 273 4120 de
281 4065 399 4118 iniuriis
410 4064 666 4132 conquerentibus
677 4063 777 4132 deque
786 4065 823 4116 iis
832 4063 1024 4117 vindicandis
1034 4066 1191 4134 cogitaret,
1201 4065 1264 4132 qui·
1277 4069 1316 4120 10.
1338 4068 1370 4121 11

147 4139 216 4192 dam
235 4137 276 4191 ud
295 4136 509 4202 eumaccessit,
529 4135 581 4203 qui
594 4134 804 4204 pollicebatur,
824 4135 847 4188 si
861 4136 1035 4203 praefectus
1045 4143 1165 4189 creatus
1184 4140 1264 4189 esset

147 4215 177 4264 ct
195 4212 376 4279 potestatem
396 4208 426 4260 ln
442 4220 546 4260 ornnes
555 4207 731 4276 accepisset,
750 4207 831 4259 intra
850 4213 964 4260 certum
984 4211 1103 4276 tempus
1113 4207 1262 4260 neminem

147 4283 303 4335 inventum
323 4279 368 4346 iri,
396 4279 445 4333 cui
464 4277 550 4334 lieret
567 4278 687 4332 iniuria.
724 4277 769 4330 Ea
787 4277 1003 4348 pollicitatione
1023 4277 1190 4332 delectatus
1208 4291 1263 4330 rex
1275 4280 1309 4333 12

147 4353 228 4410 illum
240 4351 389 4408 hominem
400 4349 588 4422 praesectum
603 4349 751 4420 designat.
791 4349 817 4402 is
838 4364 904 4402 cuin
925 4365 979 4420 pro
991 4349 1132 4403 tribunali
1144 4348 1263 4403 sederet
1276 4351 1308 4405 13
