3050 4775
406 439 567 499 THOMAS
585 439 613 498 A
632 430 834 500 Mlcflsiibn
853 442 1047 499 VINCITVR.
1233 442 1286 501 343

162 622 248 689 λίνου
280 624 459 707 ὠνόμαστο.
504 626 636 709 ήμερῶν
668 625 704 690 ti
734 648 828 689 τινων
860 626 1092 710 διαγενομένων
1123 626 1177 689 καί
1204 626 1312 691 κατὰ6

161 729 276 811 χέρσον
303 726 397 800 αὖθις
423 728 478 793 καί
503 728 583 793 κατὰ
611 729 776 793 θάλασσαν
804 729 954 813 ἐπήνεγκε
979 735 1018 813 τῇ
1040 728 1128 793 πόλει
1149 728 1203 793 τόν
1225 728 1284 792 πό-

161 830 267 913 λεμον,
299 831 453 903 ἑλεπόλεις
484 856 516 897 τε
546 832 600 896 καί
631 832 788 915 κλίμακας
817 832 1020 915 ἐπαγόμενος.
1066 832 1113 903 ὡς
1143 832 1172 896 d'
1196 833 1312 916 ἑώραῗ

161 932 199 997 τὰ
221 940 277 1017 τῆς
299 935 441 1019 σπουδῆς
463 936 552 1018 αύτῷ
573 935 774 1018 πανταχόθεν
797 936 944 1018 ἀνήνυτα,
971 934 1038 999 τότε
1060 935 1119 1017 μέν
1141 935 1197 1018 τήν
1219 960 1283 1018 ψυ-

132 1034 244 1118 5χρὰν
265 1036 493 1121 έναρεττόμενος
508 1035 641 1121 Θρᾴκην
665 1036 798 1120 (χειμὼν
820 1036 881 1120 γὰρ
904 1035 956 1121 ἦν)
980 1037 1036 1121 τήν
1059 1036 1202 1120 στρατιὰν
1224 1038 1281 1102 αὗ-

161 1144 218 1203 τσῦ
240 1144 307 1210 ταῖς
328 1140 449 1222 χώραις
473 1140 630 1222 όιένειμεν,
654 1140 687 1203 έν
709 1140 834 1211 ταύταις
855 1140 1073 1223 αχολάσουσαν
1088 1139 1143 1204 καὶ
1157 1140 1213 1223 τήν
1228 1148 1284 1205 τοῦ

162 1246 318 1325 χειμῶνος
333 1243 569 1326 έκφευξομένην
585 1243 766 1326 δριμύτητα.
813 1244 881 1325 ἄρτι
898 1243 932 1308 di
946 1250 1003 1307 τοῦ
1026 1244 1121 1326 ἔαρος
1144 1244 1311 1326 ἐρωτῶ-8

160 1369 215 1415 τος
236 1345 290 1409 καί
311 1344 403 1409 πόλιν
424 1352 565 1429 προσῆγε
587 1344 641 1407 καί
664 1344 897 1428 ἀμφοτέρωθεν
914 1352 953 1429 τῇ
967 1345 1055 1410 πόλει
1070 1345 1125 1429 τήν
1141 1346 1321 1429 στρατιὰνο

161 1446 216 1510 καί
236 1447 444 1530 περιαιύιιλου
466 1444 503 1510 τὰ
526 1447 608 1529 τείχη
632 1454 680 1529 τῷ
700 1471 734 1510 τε
754 1449 844 1529 πεζῷ
859 1448 1062 1530 στρατεύματι
1077 1448 1131 1512 καί
1145 1456 1193 1531 τῷ
1207 1472 1283 1513 ναυ-

117 1557 247 1632 lomet.
292 1550 355 1633 ήόη
380 1549 414 1613 δέ
429 1549 484 1613 καί
499 1556 546 1632 τῷ
561 1548 692 1632 Μιχαὴλ
714 1550 883 1631 ἡτοίμαστο
906 1550 960 1613 καί
983 1550 1092 1621 στόλος
1114 1549 1167 1614 καλ
1190 1552 1310 1633 πρό-9

160 1675 267 1734 τευμα.
312 1652 417 1735 λόγοις
439 1650 497 1716 οὖν
518 1651 763 1735 παρακλητικοῖς
785 1651 859 1723 τοὺς
881 1652 1016 1724 οἰκείους
1030 1655 1284 1737 παραθαρρύνας
1294 1659 1329 1713 10

160 1754 179 1817 ὁ
200 1754 346 1837 βασιλεὺς
367 1754 492 1838 ἀθρόον
514 1754 551 1817 ἐκ
573 1754 728 1818 πλειόνων
749 1755 861 1819 πυλῶν
876 1756 977 1838 ἐξάγει
991 1756 1122 1827 τούτους
1137 1757 1191 1820 καί
1206 1780 1282 1840 συρ-

159 1857 308 1940 ρήγνυται
329 1864 376 1941 τῷ
397 1863 453 1922 τοῦ
480 1858 636 1938 τυράννου
664 1857 742 1940 λαῷ.
789 1858 820 1921 ολ
846 1856 881 1921 δέ
908 1866 953 1941 τῷ
981 1858 1129 1942 αἰφνιδίῳ
1157 1860 1211 1923 καί
1237 1867 1283 1942 τῷ
1294 1866 1326 1918 11

158 1960 272 2042 θάρσει
293 1964 358 2024 τῶν
381 1959 533 2024 έπιόντων
556 1960 844 2031 ἀποδεόειλιακότες
867 1960 904 2024 τὰ
928 1966 1012 2025 νῶτα
1035 1962 1207 2045 μετέβαλον
1229 1963 1284 2026 καλ

114 2063 272 2127 ibericum·
302 2062 421 2145 πολλοί,
453 2062 550 2145 καλή
573 2062 644 2145 νίιιη
671 2067 735 2126 τῶν
763 2064 799 2126 ἐκ
827 2069 881 2147 τῆς
908 2063 1033 2135 πόλεως
1061 2064 1110 2148 ἦν.
1155 2064 1193 2128 τὰ
1224 2065 1328 2148 μὲν12

160 2164 219 2229 οὖν
240 2164 321 2230 κατὰ
344 2166 458 2248 χέρσον
480 2167 566 2230 οὕτω
589 2166 767 2249 συνηνέχθη
791 2173 837 2248 τῷ
860 2167 1033 2250 ἀποστάτῃ·
1066 2168 1105 2231 οὐ
1127 2167 1193 2251 μήν
1215 2166 1281 2231 ἀλλ’

35 2267 236 2333 111395σύόέ
257 2268 295 2332 τὰ
318 2268 398 2332 κατὰ
420 2269 585 2333 θάλασσαν
607 2268 733 2332 κάλλιον
760 2270 850 2352 ἔσχεν
878 2270 975 2353 αύτῷ.
1019 2269 1075 2341 τὰς
1104 2270 1164 2352 γὰρ
1192 2272 1281 2354 βασι·
1293 2275 1327 2331 13

157 2369 247 2443 λαιᾶς
267 2372 401 2456 τριήρεις
422 2370 458 2436 τό
480 2376 536 2437 τοῦ
558 2371 714 2455 τυράννου
737 2370 884 2438 ναυτικὸν
910 2373 1110 2456 θεασόμενον
1133 2373 1281 2446 ἐπιούσας

157 2593 170 2646 1
192 2595 230 2646 ὅτι
249 2593 295 2648 καί
313 2592 381 2648 κατὰ
399 2601 449 2663 γῆν
467 2593 513 2648 καὶ
531 2592 599 2648 κατὰ
617 2593 754 2648 θάλασσαν
771 2593 931 2664 προσβαλὼν
945 2595 961 2647 ό
974 2595 1076 2663 Θωμᾶς
1088 2604 1121 2664 τῇ
1131 2594 1206 2649 πόλει
1219 2595 1280 2650 πολ-

155 2664 241 2732 λάκις,
260 2663 338 2719 οὐδέν
356 2664 448 2720 ἀνύσαι
466 2667 581 2733 ἴσχυσεν,
601 2664 658 2719 ἀλλ’
676 2667 771 2734 ἥττητο
788 2672 918 2734 συνεχῶς·
940 2665 998 2720 ddi
1009 2666 1054 2720 καί
1067 2667 1215 2736 ήττώμενος
1233 2675 1280 2721 τοῦ

155 2745 290 2804 τυραννεῖν
308 2738 469 2804 (τυραννείου
482 2737 516 2800 Ε)
536 2737 587 2791 οὐκ
606 2737 726 2806 όπείχετσ
745 2736 793 2793 OE
813 2737 846 2801 (O
866 2738 968 2792 verbis
986 2737 1042 2792 ἀλλ’
1056 2739 1144 2808 ήττετσ
1165 2754 1279 2793 novum

155 2807 262 2878 incipit
278 2811 505 2878 argumentum)

212 2985 362 3056 ἳέπήγαγε
380 2986 454 3057 Ewp
526 2986 570 3041 τόν
589 3002 646 3040 om.
660 2986 688 3039 D
759 2987 777 3041 3
795 2987 842 3041 καί
861 2986 956 3042 om.D
1027 2987 1045 3040 4
1063 2987 1129 3058 αι’ντῆ
1146 2987 1183 3056 D,
1203 3004 1279 3043 corr.

210 3056 263 3116 Drr
342 3058 359 3112 6
378 3058 558 3127 σχολάζουσαν
575 3057 641 3128 ον’*ρ
660 3059 763 3113 invitis
783 3057 836 3112 AR
913 3059 948 3112 10
966 3055 1152 3127 στραξτεύματα
1171 3057 1206 3126 D,
1225 3059 1279 3113 sed

211 3130 326 3198 ττύματα
345 3130 377 3183 in
396 3145 504 3184 rasura
577 3129 610 3182 11
628 3131 819 3198 παραθαρύνας
837 3129 861 3183 Β
943 3130 977 3183 12
994 3131 1086 3184 πυλῶν
1103 3131 1232 3184 πλειόνων
1251 3130 1278 3183 D

211 3201 544 3328 Χήυτρίήγῖῗωτέειν
558 3202 705 3328 pmrpge
718 3199 780 3327 Αίέ
798 3199 1152 3342 λίάλλλβλλλήιλᾶιθύω
1166 3200 1278 3343 ffel}

209 3312 364 3399 κάλλιονἸ)
614 3311 621 3327 ⁸
776 3313 782 3326 ι

155 3537 274 3576 sacram
294 3519 323 3578 S.
342 3519 575 3593 Anargyrorum
594 3523 709 3589 aedem,
730 3524 782 3593 qui
801 3523 887 3578 locus
905 3522 1025 3577 Paulini
1044 3528 1180 3578 vocatur.
1218 3520 1304 3579 Sede

155 3592 264 3648 diebus
288 3593 405 3662 aliquot
429 3595 540 3664 elapsis
567 3596 674 3649 urbem
703 3594 805 3649 denuo
834 3599 915 3649 terra
943 3595 1081 3663 marique
1110 3599 1276 3664 oppugnat,

155 3665 303 3718 machinis
326 3670 356 3719 et
379 3665 467 3720 scalis
493 3665 643 3720 adhibitis.
682 3666 720 3721 Ut
744 3681 818 3720 vero
844 3681 877 3720 se
897 3681 1015 3720 omnem
1035 3681 1158 3735 operam
1178 3672 1209 3719 et
1226 3664 1303 3719 imi

155 3751 281 3806 pensam
298 3736 404 3790 ludere
423 3737 506 3804 vidit,
526 3743 600 3792 tunc
617 3737 731 3807 frigida
749 3737 800 3791 illa
815 3736 945 3792 Thracio
964 3736 1068 3790 relicte
1087 3740 1166 3801 (nem
1183 3736 1277 3791 hiems

155 3811 232 3871 crat)
251 3809 405 3862 exercitus
422 3809 454 3861 in
474 3810 647 3877 provincias
669 3808 830 3875 distribuit,
858 3813 893 3862 ut
916 3809 956 3862 ibi
981 3810 1041 3862 otio
1066 3811 1277 3862 recrearentur

155 3884 187 3932 et
204 3878 311 3933 hiemis
329 3880 488 3934 saevitiam
507 3881 666 3934 evitarent.
705 3880 784 3934 Vere
803 3888 904 3933 autem
928 3881 1053 3933 ineunte
1072 3879 1208 3949 legiones
1228 3878 1303 3932 ‹io-8

155 3965 218 4004 nuo
241 3951 395 4020 utrimque
418 3955 524 4005 contro
542 3952 649 4005 urbem
668 3951 799 4005 adduxit
823 3965 951 4019 eamque
976 3957 1005 4006 et
1028 3951 1219 4020 pedestribus
1247 3954 1278 4004 et

155 4021 319 4076 navalibus
337 4023 433 4091 copiis
451 4023 658 4077 circumdedit.
697 4022 757 4078 Sed
777 4025 807 4076 et
821 4021 948 4075 Michael
966 4023 1083 4076 intereo
1102 4026 1132 4076 et
1151 4020 1303 4075 classem9

156 4097 187 4147 et
206 4092 313 4147 milites
333 4097 572 4163 comparaverat,
596 4108 730 4162 suosque
752 4094 855 4148 verbis
878 4093 1053 4147 cohortatus
1077 4092 1213 4162 pluribus
1237 4091 1322 4145 ex10

156 4165 252 4234 portis
277 4179 332 4219 rex
357 4162 395 4218 de
419 4165 584 4234 improviso
608 4166 754 4234 impetum
777 4166 808 4218 in
832 4165 955 4234 tyranni
984 4165 1087 4232 copies
1115 4165 1194 4218 fecit.
1231 4162 1319 4216 Illill

155 4251 230 4290 vero
254 4239 341 4289 etro
364 4237 574 4306 inexspectata
598 4241 628 4290 et
650 4236 781 4290 andacia
805 4237 935 4290 hostium
958 4237 1053 4289 territi
1081 4242 1168 4304 terga
1188 4234 1276 4288 dede·

155 4312 235 4375 runt,
254 4307 418 4377 multisque
436 4309 532 4362 caesis
551 4307 680 4362 victoria
698 4323 792 4376 penes
810 4308 946 4361 urbanos
965 4307 1029 4360 luit.
1067 4305 1113 4360 Αε
1132 4311 1214 4360 terre
1233 4305 1276 4359 sic
1288 4305 1321 4358 12

154 4384 258 4432 actum
286 4383 332 4432 est
360 4394 428 4433 cum
452 4379 608 4434 desertore
630 4380 769 4446 marique
795 4378 886 4432 nihilo
906 4379 1020 4432 melius.
1058 4376 1134 4432 Nam
1153 4378 1275 4446 tyranni
1288 4377 1321 4429 13

154 4465 261 4518 nares,
289 4463 358 4505 cum
380 4451 497 4520 regiam
522 4451 648 4505 classem
679 4455 786 4506 eontra
809 4465 842 4504 se
864 4450 910 4504 ire
933 4449 1088 4516 vidissent,
1113 4464 1174 4504 non
1192 4449 1276 4503 resti·
