3050 4775
265 420 319 481 οα
520 418 656 482 ronne.
676 418 775 481 nnn
794 418 879 481 xvn
896 424 939 495 οε,
958 421 1072 495 οι-οτ,
1092 418 1134 481 ιο.

265 606 405 671 τούπίσω
423 606 458 673 dd
479 608 681 691 χωρήσαντες
702 608 757 672 καλ
780 608 852 691 ἄχρι
872 612 927 673 τοῦ
951 608 1103 691 πορθμοῦ
1127 606 1304 691 ἕψύακότες
1327 606 1384 671 σὺν

265 714 329 780 τοῖς
360 710 465 781 ἵπποις
495 709 552 793 τὴν
582 710 748 775 θάλασσαν
780 711 1110 795 ὄισπορθμευσάμεναι
1137 709 1217 775 κατὰ
1244 709 1299 793 τὴν
1327 715 1383 773 τοῦ

106 812 357 894 ΡΠ259Αᾰγίσυ
382 812 540 895 Ταρασίου
565 814 678 896 μονήν,
710 814 821 877 αὐτίκα
849 815 1073 897 συντεταηιύνην
1100 812 1305 897 ποιησάμενοι
1328 812 1384 895 τὴν

221 914 450 997 22ύόοιπορίαν
476 920 540 988 τοῖς
569 915 731 999 ὁμογενέσι
757 917 977 999 προσήνωντο·
1012 916 1066 981 καί
1097 916 1162 981 ἐπεὶ
1194 915 1277 999 ὁμοῦ
1309 939 1382 979 συν-

265 1018 495 1102 ηθροίσθησαν,
518 1018 665 1102 ἀπῆλθον
679 1017 733 1082 καλ
748 1018 782 1082 ἐν
796 1024 859 1089 ταῖς
877 1019 1067 1101 παριστρίοις
1089 1018 1206 1090 πεδίοις
1229 1019 1412 1101 ἕπήξαντσῧ

264 1121 319 1193 τὰς
353 1121 482 1206 σκηνάς,
517 1121 638 1185 ἐκεῖθεν
670 1117 698 1185 δ’
729 1121 913 1205 ὁρμώμενοι
943 1120 981 1185 τὰ
1013 1120 1156 1205 Θρᾳκῴα
1190 1121 1383 1203 κατέτρεχον.

221 1231 257 1287 23
265 1224 415 1296 πολλάκις
431 1223 466 1288 dt
479 1231 536 1289 τοῦ
554 1224 709 1308 βασιλέως
731 1221 800 1289 κατ’
825 1224 931 1289 αὐτῶν
953 1225 1166 1308 στρατεύματα
1188 1225 1382 1306 πέμψαντος,

266 1328 513 1412 ἐπικρατέστεροι
528 1327 609 1412 ἦσαν
630 1331 660 1392 σί
682 1328 849 1410 βάρβαροι,
872 1326 953 1392 ὥστε
976 1328 1029 1391 καί
1052 1327 1156 1397 ἀὸεῶς
1178 1324 1258 1390 κατὰ
1280 1326 1384 1409 πάσης

265 1436 320 1515 τῆς
346 1429 478 1515 Θρᾴκης
503 1430 557 1495 καί
581 1429 785 1501 Μακεδονίας
811 1430 1043 1494 σκεὸάννυσύαι
1069 1428 1123 1495 καλ
1150 1430 1234 1493 λείαν
1262 1430 1382 1493 ἅπαντα

264 1533 408 1598 τίθεσθαι
429 1532 484 1597 καί
506 1534 546 1598 ού
567 1532 604 1597 τὰ
627 1532 742 1617 πόρρω
764 1533 874 1617 μόνον,
898 1532 975 1597 ἀλλὰ
997 1534 1102 1616 μέντοι
1121 1532 1175 1597 καί
1192 1532 1229 1595 τὰ
1245 1538 1282 1616 τῇ
1296 1532 1383 1595 πόλει
1395 1541 1431 1595 10

221 1636 433 1720 24ἀγχίύυρα.
478 1637 564 1709 τέλος
587 1636 622 1701 ὀί
644 1636 828 1701 σπένδονται
839 1635 1006 1719 Ῥωμαίοις
1021 1635 1264 1719 τριακοντούτεις
1286 1658 1382 1698 σπον-

266 1738 332 1811 dds.
377 1738 432 1803 καί
454 1740 557 1811 οὕτως
579 1739 598 1802 ὁ
620 1743 685 1803 τῶν
708 1738 920 1814 Πατζινάκων
942 1739 1031 1822 ἔληξε
1053 1737 1199 1821 πόλεμος.

211 1841 254 1907 2’ί
350 1840 391 1907 ‘O
413 1841 448 1906 δὲ
471 1840 603 1907 σουλτὰν
626 1842 686 1906 οὐκ
709 1841 817 1925 ἔληγεν
840 1840 937 1906 ἐπιὼν
958 1840 1014 1912 τὰς
1035 1839 1099 1904 ὑπὸ
1118 1838 1295 1923 Ῥωμαίους
1317 1840 1382 1923 χώ-

265 1967 325 2027 ρας
346 1944 402 2009 καλ
422 1942 527 2017 πόλεις
549 1944 603 2009 καλ
632 1942 687 2018 τὰς
712 1945 773 2029 μὲν
800 1944 994 2029 ληιζόμενσς,
1026 1942 1081 2016 τὰς
1104 1938 1132 2007 d'
1157 1942 1331 2025 ἕκπσρύῶν
1352 1968 1384 2007 τε

79 2047 319 2119 Willioiissuai
341 2048 562 2130 οἰκειούμενος.
1395 2056 1430 2112 15

238 2165 256 2220 2
354 2150 444 2215 Κατὰ
464 2151 593 2223 τούτους
612 2150 686 2224 τοὺς
707 2150 844 2235 χρόνους
866 2150 919 2215 καὶ
942 2149 1110 2235 ἐπιβουλὴν
1134 2149 1152 2215 ὁ
1176 2150 1381 2233 αὐτοκράτωρ

238 2254 442 2338 3ἒφώρασεν,
474 2256 514 2337 ἣν
532 2253 698 2339 Ῥωμανὸς
720 2253 739 2317 ὁ
762 2253 880 2325 Βοίλας
906 2254 1122 2337 συνεστήσατο.
1169 2252 1209 2337 ἦν
1238 2250 1266 2317 d'
1291 2250 1383 2323 οὗτος

265 2499 314 2626 {33
322 2499 383 2569 περὶ
403 2499 552 2571 ἐπιβουλῆς,
580 2501 613 2572 ἢν
630 2501 646 2554 δ
664 2499 761 2560 Bauer
783 2499 920 2568 ἐμελέτησε
942 2497 988 2554 καί
1006 2498 1059 2560 οίος
1082 2497 1115 2569 ἦν
1133 2497 1232 2559 turim
1260 2503 1327 2565 (om.
1347 2498 1382 2565 Ε)

317 2768 423 2838 2poflt
445 2769 571 2836 deterrenti.
591 2767 743 2839 repetitE
767 2775 812 2823 rori
834 2769 960 2836 πορθμοῦ
987 2767 1143 2836 ίῳθακόττς,
1173 2782 1253 2838 quae
1281 2770 1381 2824 omnia

318 2845 441 2910 praeter
459 2848 505 2894 τοῦ
525 2839 605 2895 delet
714 2840 732 2893 3
750 2840 939 2908 συντεταμίνην
958 2837 1065 2894 ACWo
1084 2840 1142 2907 lat,
1162 2840 1330 2909 ἐντεταμένην
1348 2841 1380 2908 Β,

317 2912 520 2980 συντεταγμένην
537 2910 612 2982 pr
639 2912 688 2979 (cf.
708 2909 794 2966 Cedr.
814 2911 830 2964 l.
851 2926 875 2964 e.
896 2927 923 2981 p.
943 2910 1003 2978 589,
1024 2911 1071 2964 13:
1100 2911 1146 2981 τὴν
1164 2913 1273 2980 πορείαν
1291 2913 1381 2966 ἐπιτεί-

316 2987 416 3046 ναντες)
487 2983 632 3051 4πορείαν
650 2983 699 3038 BC
770 2983 951 3051 προςὴνωνται
972 2981 998 3034 D
1076 2981 1169 3036 7κατ’
1188 2983 1276 3037 αὐτῶν
1295 2985 1380 3038 initio

317 3069 424 3109 versun
444 3071 501 3109 orn.
521 3053 549 3107 D
658 3053 805 3122 στράτευμα
823 3054 895 3123 Ewp
1006 3053 1113 3108 9ante
1129 3056 1225 3123 μακεὸ.
1245 3055 1314 3109 edd.
1335 3063 1381 3125 τῆς

316 3125 391 3195 pr
488 3126 521 3179 16
541 3132 610 3196 post
627 3125 769 3196 ἐπιβουλὴν
790 3125 858 3179 add.
878 3124 943 3179 καθ’
961 3125 1055 3178 ἑαυτοῦ
1074 3125 1143 3188 (κατ’
1156 3126 1235 3180 αὐτοῦ
1248 3125 1286 3190 D)
1306 3125 1380 3196 pr

317 3198 350 3252 17
368 3197 499 3265 ἔφόρασεν
518 3197 550 3265 E,
573 3213 649 3251 corr.
669 3197 717 3255 Ew
801 3197 892 3267 βόϊλας
910 3195 990 3250 ΑΕντ
1013 3237 1020 3261 ,
1039 3196 1129 3267 datiae
1147 3196 1170 3252 O
1190 3196 1225 3264 (B
1245 3213 1322 3252 corr.
1341 3213 1380 3252 ex

314 3269 417 3338 βόΐλας)
437 3267 480 3323 Di
498 3273 538 3332 (v.
558 3266 645 3324 Cedr.
664 3267 807 3338 (Seyiitz.)
826 3268 855 3321 II
875 3283 903 3338 p.
920 3213 1031 3334 6053),
1049 3269 1147 3328 Βοϊλᾶς
1166 3271 1282 3324 mavult
1299 3269 1387 3326 B-uf

262 3503 481 3572 pervenissent,
509 3505 685 3558 restiterunt
708 3519 766 3558 nee
789 3503 871 3558 ultra
894 3503 1037 3574 progredi
1061 3504 1232 3571 voluerunt,
1261 3502 1314 3558 sed
1336 3518 1380 3558 re·

261 3575 359 3643 gressi
378 3589 476 3643 usque
494 3575 535 3628 ad
547 3577 668 3643 fretum,
686 3576 762 3629 mari
781 3576 868 3629 iuxta
881 3573 910 3630 S.
923 3575 1042 3630 Tanusii
1060 3577 1274 3630 monasterium
1295 3576 1380 3644 equis

262 3647 447 3714 transmisso,
479 3647 670 3701 continenter
694 3646 823 3716 profecti
851 3651 930 3714 sunt,
958 3645 1056 3702 donee
1084 3661 1152 3700 eum
1181 3647 1379 3716 popularibus

216 3719 253 3773 22
262 3717 325 3771 ruis
337 3732 371 3772 ne
390 3719 620 3787 coniungerent.
658 3717 724 3782 Quo
737 3719 828 3785 inuio,
849 3717 1054 3772 tabernaculis
1065 3719 1096 3772 in
1110 3718 1224 3788 eampis
1238 3717 1278 3772 ad
1297 3718 1378 3787 ripas

216 3786 330 3844 2dletri
349 3789 419 3842 fixis
437 3789 597 3843 Thraciam
616 3791 820 3853 incursarunt,
847 3790 941 3859 copiis
961 3790 1052 3858 regiis
1071 3789 1201 3844 subinde
1221 3795 1326 3844 contre
1345 3805 1378 3843 se

262 3861 358 3914 missin
386 3861 566 3929 superiores,
594 3867 629 3916 ut
651 3863 775 3931 impune
801 3876 854 3929 per
883 3867 977 3915 totam
1001 3860 1159 3914 Thraciam
1188 3866 1219 3916 et
1241 3859 1378 3915 Macedo-

261 3932 342 3984 niam
361 3947 401 3984 νο
424 3937 550 3986 arentur
563 3939 593 3987 et
606 3933 708 3988 omnia
726 3931 955 4002 praedarentur,
976 3947 1036 3986 nou
1050 3936 1166 3986 remote
1179 3937 1304 4000 tent-um,
1324 3931 1378 3986 sed

215 4003 251 4059 24
261 4008 291 4055 et
309 4003 378 4056 urbi
397 3947 531 4057 finitima.
568 4003 704 4059 Tandem
724 4019 798 4058 vero
817 4003 902 4057 XXX
921 4018 1070 4057 annorum
1092 4004 1216 4058 indutiis
1235 4019 1303 4057 eum
1322 4003 1378 4058 Ro·

261 4074 474 4140 manufactis,
493 4075 563 4129 belli
582 4075 814 4130 Pateinnenrurn
834 4076 882 4129 hie
902 4077 959 4130 fuit
978 4075 1086 4130 exitus.

349 4145 391 4201 27.
428 4145 535 4216 Neque
563 4163 636 4201 vero
665 4148 804 4200 euitanus
833 4146 946 4200 destitit
968 4147 1112 4200 infestare
1132 4145 1283 4201 Romanas
1311 4163 1378 4215 pro·

260 4217 377 4342 vgneias
404 4225 434 4273 et
461 4219 563 4286 urbes,
594 4218 660 4272 eliis
686 4217 820 4287 direptis,
846 4218 912 4272 aliis
938 4218 1072 4286 vastatis,
1104 4219 1170 4272 aliis
1197 4233 1252 4272 suo
1281 4233 1377 4288 regno

259 4304 279 4342 a
302 4291 394 4343 iectie.

232 4361 250 4416 2
331 4358 394 4415 Sub
412 4361 444 4415 id
463 4365 581 4431 tempus
600 4362 765 4430 imperator
778 4359 903 4414 insidias
923 4359 979 4415 sibi
996 4361 1093 4416 faetus
1111 4376 1130 4414 n
1142 4361 1279 4416 Romano
1293 4360 1379 4416 Boile

231 4431 467 4504 iideprehendit.
504 4432 533 4486 Ie
552 4437 618 4487 erut
637 4433 684 4487 vir
703 4433 858 4500 obscurus,
879 4433 985 4502 lingue
1005 4435 1163 4488 semimute
1178 4434 1253 4489 etri
1270 4435 1379 4488 articu-
