<?xml version="1.0" encoding="UTF-8"?>
<!DOCTYPE html PUBLIC "-//W3C//DTD XHTML 1.0 Transitional//EN"
    "http://www.w3.org/TR/xhtml1/DTD/xhtml1-transitional.dtd">
<html xmlns="http://www.w3.org/1999/xhtml" xml:lang="en" lang="en">
 <head>
  <title>
</title>
<meta http-equiv="Content-Type" content="text/html;charset=utf-8" />
  <meta name='ocr-system' content='tesseract 3.04.00' />
  <meta name='ocr-capabilities' content='ocr_page ocr_carea ocr_par ocr_line ocrx_word'/>
</head>
<body>
  <div class='ocr_page' id='page_1' title='image "./corpusscriptoru01theogoog/corpusscriptoru01theogoog_0717.png"; bbox 0 0 3050 4775; ppageno 0'>
   <div class='ocr_carea' id='block_1_1' title="bbox 320 444 1273 519">
    <p class='ocr_par' dir='ltr' id='par_1_1' title="bbox 320 444 1273 519">
     <span class='ocr_line' id='line_1_1' title="bbox 320 444 1273 519; baseline 0.002 -16"><span class='ocrx_word' id='word_1_1' title='bbox 320 444 525 505; x_wconf 84' lang='lat' dir='ltr'>COMNENVS</span> <span class='ocrx_word' id='word_1_2' title='bbox 544 446 763 518; x_wconf 78' lang='lat' dir='ltr'><strong>ARROGANS,</strong></span> <span class='ocrx_word' id='word_1_3' title='bbox 783 446 946 519; x_wconf 79' lang='lat' dir='ltr'><strong>GRATVS,</strong></span> <span class='ocrx_word' id='word_1_4' title='bbox 965 447 1108 505; x_wconf 81' lang='lat' dir='ltr'><strong>RAPAX.</strong></span> <span class='ocrx_word' id='word_1_5' title='bbox 1219 448 1273 506; x_wconf 82' lang='grc'><strong><em>667</em></strong></span> 
     </span>
    </p>
   </div>
   <div class='ocr_carea' id='block_1_2' title="bbox 110 630 1430 2366">
    <p class='ocr_par' dir='ltr' id='par_1_2' title="bbox 154 630 1310 1027">
     <span class='ocr_line' id='line_1_2' title="bbox 245 630 1300 716; baseline 0.001 -23"><span class='ocrx_word' id='word_1_6' title='bbox 245 630 317 695; x_wconf 82' lang='grc' dir='ltr'><strong><em>Τῶν</em></strong></span> <span class='ocrx_word' id='word_1_7' title='bbox 340 631 375 696; x_wconf 79' lang='grc' dir='ltr'><strong><em>δέ</em></strong></span> <span class='ocrx_word' id='word_1_8' title='bbox 396 631 460 714; x_wconf 87' lang='grc' dir='ltr'><strong><em>πρδ</em></strong></span> <span class='ocrx_word' id='word_1_9' title='bbox 483 633 580 697; x_wconf 71' lang='grc' dir='ltr'><strong><em>αὑτοῦ</em></strong></span> <span class='ocrx_word' id='word_1_10' title='bbox 603 633 767 716; x_wconf 83' lang='grc' dir='ltr'><strong><em>βασιλέων,</em></strong></span> <span class='ocrx_word' id='word_1_11' title='bbox 790 633 858 697; x_wconf 83' lang='grc' dir='ltr'><em>ὅσοι</em></span> <span class='ocrx_word' id='word_1_12' title='bbox 880 631 958 716; x_wconf 82' lang='grc' dir='ltr'><strong><em>μετὰ</em></strong></span> <span class='ocrx_word' id='word_1_13' title='bbox 981 630 1035 697; x_wconf 85' lang='grc' dir='ltr'><strong><em>τὸν</em></strong></span> <span class='ocrx_word' id='word_1_14' title='bbox 1052 633 1300 715; x_wconf 79' lang='grc' dir='ltr'><strong><em>πορφυρογέν-7</em></strong></span> 
     </span>
     <span class='ocr_line' id='line_1_3' title="bbox 154 735 1271 821; baseline 0.004 -25"><span class='ocrx_word' id='word_1_15' title='bbox 154 756 247 816; x_wconf 89' lang='grc' dir='ltr'><strong><em>νητον</em></strong></span> <span class='ocrx_word' id='word_1_16' title='bbox 269 735 389 798; x_wconf 82' lang='grc' dir='ltr'><strong><em>ἐκεῖνον</em></strong></span> <span class='ocrx_word' id='word_1_17' title='bbox 402 735 567 800; x_wconf 81' lang='grc' dir='ltr'><strong><em>Βασίλειον</em></strong></span> <span class='ocrx_word' id='word_1_18' title='bbox 582 743 636 820; x_wconf 84' lang='grc' dir='ltr'><strong><em>τῆς</em></strong></span> <span class='ocrx_word' id='word_1_19' title='bbox 651 737 807 821; x_wconf 78' lang='grc' dir='ltr'><strong><em>βασιλείας</em></strong></span> <span class='ocrx_word' id='word_1_20' title='bbox 822 737 988 821; x_wconf 82' lang='grc' dir='ltr'><strong><em>ἐπέβησαν,</em></strong></span> <span class='ocrx_word' id='word_1_21' title='bbox 1012 736 1051 800; x_wconf 84' lang='grc' dir='ltr'><strong><em>οὔ</em></strong></span> <span class='ocrx_word' id='word_1_22' title='bbox 1067 735 1175 807; x_wconf 86' lang='grc' dir='ltr'><strong><em>καλῶς</em></strong></span> <span class='ocrx_word' id='word_1_23' title='bbox 1194 759 1271 819; x_wconf 87' lang='grc' dir='ltr'><strong><em>χρη-</em></strong></span> 
     </span>
     <span class='ocr_line' id='line_1_4' title="bbox 154 838 1310 923; baseline 0 -24"><span class='ocrx_word' id='word_1_24' title='bbox 154 838 302 917; x_wconf 86' lang='grc' dir='ltr'><strong><em>σαμένων</em></strong></span> <span class='ocrx_word' id='word_1_25' title='bbox 324 844 388 909; x_wconf 90' lang='grc' dir='ltr'><strong><em>τοῖς</em></strong></span> <span class='ocrx_word' id='word_1_26' title='bbox 411 839 575 922; x_wconf 84' lang='grc' dir='ltr'><strong><em>δημοσίοις</em></strong></span> <span class='ocrx_word' id='word_1_27' title='bbox 597 840 651 904; x_wconf 80' lang='grc' dir='ltr'><strong><em>καί</em></strong></span> <span class='ocrx_word' id='word_1_28' title='bbox 679 845 796 911; x_wconf 88' lang='grc' dir='ltr'><strong><em>κοινοῖς</em></strong></span> <span class='ocrx_word' id='word_1_29' title='bbox 822 840 1011 923; x_wconf 81' lang='grc' dir='ltr'><strong><em>πράγμασιν,</em></strong></span> <span class='ocrx_word' id='word_1_30' title='bbox 1046 839 1122 903; x_wconf 82' lang='grc' dir='ltr'><strong><em>ἀλλὰ</em></strong></span> <span class='ocrx_word' id='word_1_31' title='bbox 1149 838 1186 902; x_wconf 88' lang='grc' dir='ltr'><strong><em>τά</em></strong></span> <span class='ocrx_word' id='word_1_32' title='bbox 1214 838 1310 923; x_wconf 75' lang='grc' dir='ltr'><strong><em>μὲνῙ)</em></strong></span> 
     </span>
     <span class='ocr_line' id='line_1_5' title="bbox 154 940 1273 1027; baseline 0.003 -25"><span class='ocrx_word' id='word_1_33' title='bbox 154 940 197 1009; x_wconf 87' lang='grc' dir='ltr'><strong><em>εἷς</em></strong></span> <span class='ocrx_word' id='word_1_34' title='bbox 226 940 342 1011; x_wconf 87' lang='grc' dir='ltr'><strong><em>οἰκείας</em></strong></span> <span class='ocrx_word' id='word_1_35' title='bbox 369 941 556 1013; x_wconf 79' lang='grc' dir='ltr'><strong><em>ἀπολαύσεις</em></strong></span> <span class='ocrx_word' id='word_1_36' title='bbox 583 943 636 1006; x_wconf 85' lang='grc' dir='ltr'><strong><em>καὶ</em></strong></span> <span class='ocrx_word' id='word_1_37' title='bbox 663 945 707 1014; x_wconf 87' lang='grc' dir='ltr'><strong><em>είς</em></strong></span> <span class='ocrx_word' id='word_1_38' title='bbox 733 943 934 1027; x_wconf 88' lang='grc' dir='ltr'><strong><em>ἀσκητηρίων</em></strong></span> <span class='ocrx_word' id='word_1_39' title='bbox 958 942 1273 1025; x_wconf 87' lang='grc' dir='ltr'><strong><em>κατασπαθησάντων</em></strong></span> 
     </span>
    </p>

    <p class='ocr_par' dir='ltr' id='par_1_3' title="bbox 127 1042 1299 1542">
     <span class='ocr_line' id='line_1_6' title="bbox 127 1042 1272 1129; baseline 0.001 -22"><span class='ocrx_word' id='word_1_40' title='bbox 127 1042 337 1125; x_wconf 80' lang='grc' dir='ltr'><strong><em>5οἰιιοδομάς,</em></strong></span> <span class='ocrx_word' id='word_1_41' title='bbox 360 1043 397 1107; x_wconf 88' lang='grc' dir='ltr'><strong><em>τά</em></strong></span> <span class='ocrx_word' id='word_1_42' title='bbox 421 1044 456 1109; x_wconf 82' lang='grc' dir='ltr'><strong><em>δὲ</em></strong></span> <span class='ocrx_word' id='word_1_43' title='bbox 479 1045 698 1129; x_wconf 78' lang='grc' dir='ltr'><strong><em>δωρουμένων</em></strong></span> <span class='ocrx_word' id='word_1_44' title='bbox 720 1046 767 1117; x_wconf 82' lang='grc' dir='ltr'><strong><em>οἷς</em></strong></span> <span class='ocrx_word' id='word_1_45' title='bbox 790 1046 895 1129; x_wconf 76' lang='grc' dir='ltr'><strong><em>ἔτυχεν</em></strong></span> <span class='ocrx_word' id='word_1_46' title='bbox 918 1048 937 1129; x_wconf 79' lang='grc' dir='ltr'><strong><em>ἢ</em></strong></span> <span class='ocrx_word' id='word_1_47' title='bbox 961 1046 1041 1116; x_wconf 86' lang='grc' dir='ltr'><strong><em>τέως</em></strong></span> <span class='ocrx_word' id='word_1_48' title='bbox 1056 1044 1164 1127; x_wconf 74' lang='grc' dir='ltr'><strong><em>οἷσπερ</em></strong></span> <span class='ocrx_word' id='word_1_49' title='bbox 1180 1044 1272 1129; x_wconf 83' lang='grc' dir='ltr'><strong><em>ἐβού-</em></strong></span> 
     </span>
     <span class='ocr_line' id='line_1_7' title="bbox 154 1144 1271 1231; baseline 0.003 -23"><span class='ocrx_word' id='word_1_50' title='bbox 154 1144 253 1219; x_wconf 84' lang='grc' dir='ltr'><strong><em>λοντο,</em></strong></span> <span class='ocrx_word' id='word_1_51' title='bbox 277 1147 309 1209; x_wconf 82' lang='grc' dir='ltr'><strong><em>οῖ</em></strong></span> <span class='ocrx_word' id='word_1_52' title='bbox 329 1147 482 1230; x_wconf 81' lang='grc' dir='ltr'><strong><em>βασιλικοί</em></strong></span> <span class='ocrx_word' id='word_1_53' title='bbox 504 1148 664 1231; x_wconf 84' lang='grc' dir='ltr'><strong><em>θησαυροί</em></strong></span> <span class='ocrx_word' id='word_1_54' title='bbox 686 1148 899 1213; x_wconf 82' lang='grc' dir='ltr'><strong><em>ἐκκεκένωντο</em></strong></span> <span class='ocrx_word' id='word_1_55' title='bbox 918 1147 1023 1212; x_wconf 84' lang='grc' dir='ltr'><strong><em>καὶτὰ</em></strong></span> <span class='ocrx_word' id='word_1_56' title='bbox 1041 1147 1176 1231; x_wconf 89' lang='grc' dir='ltr'><strong><em>δημόσια</em></strong></span> <span class='ocrx_word' id='word_1_57' title='bbox 1191 1172 1271 1229; x_wconf 88' lang='grc' dir='ltr'><strong><em>πρυ-</em></strong></span> 
     </span>
     <span class='ocr_line' id='line_1_8' title="bbox 153 1249 1299 1335; baseline 0.002 -25"><span class='ocrx_word' id='word_1_58' title='bbox 153 1255 256 1312; x_wconf 86' lang='grc' dir='ltr'><strong><em>τανεῖα</em></strong></span> <span class='ocrx_word' id='word_1_59' title='bbox 284 1249 458 1332; x_wconf 85' lang='grc' dir='ltr'><strong><em>χρημάτων</em></strong></span> <span class='ocrx_word' id='word_1_60' title='bbox 486 1250 661 1326; x_wconf 84' lang='grc' dir='ltr'><strong><em>ἐσπάνιζον.</em></strong></span> <span class='ocrx_word' id='word_1_61' title='bbox 706 1257 799 1315; x_wconf 81' lang='grc' dir='ltr'><strong><em>τοῦτο</em></strong></span> <span class='ocrx_word' id='word_1_62' title='bbox 825 1252 928 1315; x_wconf 87' lang='grc' dir='ltr'><strong><em>τοίνυν</em></strong></span> <span class='ocrx_word' id='word_1_63' title='bbox 951 1252 970 1315; x_wconf 91' lang='grc' dir='ltr'><strong><em>δ</em></strong></span> <span class='ocrx_word' id='word_1_64' title='bbox 992 1250 1164 1335; x_wconf 86' lang='grc' dir='ltr'><strong><em>Κομνηνδς</em></strong></span> <span class='ocrx_word' id='word_1_65' title='bbox 1191 1257 1299 1333; x_wconf 88' lang='grc' dir='ltr'><strong><em>προ-8</em></strong></span> 
     </span>
     <span class='ocr_line' id='line_1_9' title="bbox 154 1351 1271 1438; baseline 0.004 -25"><span class='ocrx_word' id='word_1_66' title='bbox 154 1351 289 1434; x_wconf 87' lang='grc' dir='ltr'><strong><em>θέμενος</em></strong></span> <span class='ocrx_word' id='word_1_67' title='bbox 313 1352 565 1437; x_wconf 88' lang='grc' dir='ltr'><strong><em>διορθώσασθαι,</em></strong></span> <span class='ocrx_word' id='word_1_68' title='bbox 590 1355 651 1419; x_wconf 84' lang='grc' dir='ltr'><strong><em>οθκ</em></strong></span> <span class='ocrx_word' id='word_1_69' title='bbox 674 1355 778 1438; x_wconf 79' lang='grc' dir='ltr'><strong><em>ἠρέμα</em></strong></span> <span class='ocrx_word' id='word_1_70' title='bbox 802 1354 877 1419; x_wconf 79' lang='grc' dir='ltr'><strong><em>οὐδὲ</em></strong></span> <span class='ocrx_word' id='word_1_71' title='bbox 900 1354 980 1418; x_wconf 83' lang='grc' dir='ltr'><strong><em>κατὰ</em></strong></span> <span class='ocrx_word' id='word_1_72' title='bbox 1002 1354 1107 1437; x_wconf 86' lang='grc' dir='ltr'><strong><em>βραχὺ</em></strong></span> <span class='ocrx_word' id='word_1_73' title='bbox 1129 1361 1167 1438; x_wconf 82' lang='grc' dir='ltr'><strong><em>τῇ</em></strong></span> <span class='ocrx_word' id='word_1_74' title='bbox 1186 1354 1271 1437; x_wconf 91' lang='grc' dir='ltr'><strong><em>διορ-</em></strong></span> 
     </span>
     <span class='ocr_line' id='line_1_10' title="bbox 154 1454 1272 1542; baseline 0.003 -25"><span class='ocrx_word' id='word_1_75' title='bbox 154 1455 254 1518; x_wconf 88' lang='grc' dir='ltr'><strong><em>θώσει</em></strong></span> <span class='ocrx_word' id='word_1_76' title='bbox 277 1456 515 1540; x_wconf 87' lang='grc' dir='ltr'><strong><em>ἐπικεχείρηκεν,</em></strong></span> <span class='ocrx_word' id='word_1_77' title='bbox 548 1454 615 1521; x_wconf 86' lang='grc' dir='ltr'><strong><em>ἀλλ’</em></strong></span> <span class='ocrx_word' id='word_1_78' title='bbox 639 1459 686 1529; x_wconf 89' lang='grc' dir='ltr'><strong><em>ὡς</em></strong></span> <span class='ocrx_word' id='word_1_79' title='bbox 708 1465 756 1541; x_wconf 78' lang='grc' dir='ltr'><strong><em>τῷ</em></strong></span> <span class='ocrx_word' id='word_1_80' title='bbox 778 1464 903 1542; x_wconf 85' lang='grc' dir='ltr'><strong><em>στατῆρι</em></strong></span> <span class='ocrx_word' id='word_1_81' title='bbox 925 1456 1037 1521; x_wconf 85' lang='grc' dir='ltr'><strong><em>ἑαυτὸν</em></strong></span> <span class='ocrx_word' id='word_1_82' title='bbox 1060 1457 1272 1539; x_wconf 85' lang='grc' dir='ltr'><strong><em>ἀνεστήλαισεν</em></strong></span> 
     </span>
    </p>

    <p class='ocr_par' dir='ltr' id='par_1_4' title="bbox 111 1558 1430 2056">
     <span class='ocr_line' id='line_1_11' title="bbox 111 1558 1272 1643; baseline 0.003 -24"><span class='ocrx_word' id='word_1_83' title='bbox 111 1566 145 1619; x_wconf 93' lang='grc'><strong><em>10</em></strong></span> <span class='ocrx_word' id='word_1_84' title='bbox 154 1558 381 1641; x_wconf 82' lang='grc' dir='ltr'><strong><em>ἀνατεταμένον</em></strong></span> <span class='ocrx_word' id='word_1_85' title='bbox 401 1559 458 1642; x_wconf 86' lang='grc' dir='ltr'><strong><em>τὴν</em></strong></span> <span class='ocrx_word' id='word_1_86' title='bbox 480 1566 580 1643; x_wconf 88' lang='grc' dir='ltr'><strong><em>χεῖρα,</em></strong></span> <span class='ocrx_word' id='word_1_87' title='bbox 603 1562 766 1643; x_wconf 75' lang='grc' dir='ltr'><strong><em>φέρουσαν</em></strong></span> <span class='ocrx_word' id='word_1_88' title='bbox 788 1560 823 1624; x_wconf 88' lang='grc' dir='ltr'><strong><em>τὸ</em></strong></span> <span class='ocrx_word' id='word_1_89' title='bbox 847 1562 938 1643; x_wconf 84' lang='grc' dir='ltr'><strong><em>ξίφος</em></strong></span> <span class='ocrx_word' id='word_1_90' title='bbox 960 1560 1088 1643; x_wconf 89' lang='grc' dir='ltr'><strong><em>γυμνόν,</em></strong></span> <span class='ocrx_word' id='word_1_91' title='bbox 1113 1560 1197 1623; x_wconf 82' lang='grc' dir='ltr'><strong><em>οὕτω</em></strong></span> <span class='ocrx_word' id='word_1_92' title='bbox 1218 1560 1272 1622; x_wconf 84' lang='grc' dir='ltr'><strong><em>καί</em></strong></span> 
     </span>
     <span class='ocr_line' id='line_1_12' title="bbox 153 1661 1270 1747; baseline 0.002 -25"><span class='ocrx_word' id='word_1_93' title='bbox 153 1666 217 1731; x_wconf 86' lang='grc' dir='ltr'><strong><em>τοῖς</em></strong></span> <span class='ocrx_word' id='word_1_94' title='bbox 237 1662 418 1744; x_wconf 84' lang='grc' dir='ltr'><strong><em>πράγμασιν</em></strong></span> <span class='ocrx_word' id='word_1_95' title='bbox 440 1663 610 1747; x_wconf 78' lang='grc' dir='ltr'><strong><em>ἐπήνεγκεν</em></strong></span> <span class='ocrx_word' id='word_1_96' title='bbox 632 1662 743 1728; x_wconf 83' lang='grc' dir='ltr'><strong><em>ἑαυτὸν</em></strong></span> <span class='ocrx_word' id='word_1_97' title='bbox 766 1664 819 1727; x_wconf 83' lang='grc' dir='ltr'><strong><em>καί</em></strong></span> <span class='ocrx_word' id='word_1_98' title='bbox 837 1665 956 1746; x_wconf 87' lang='grc' dir='ltr'><strong><em>τέμνειν</em></strong></span> <span class='ocrx_word' id='word_1_99' title='bbox 971 1662 1081 1726; x_wconf 81' lang='grc' dir='ltr'><strong><em>αὐτίκα</em></strong></span> <span class='ocrx_word' id='word_1_100' title='bbox 1096 1661 1270 1744; x_wconf 85' lang='grc' dir='ltr'><strong><em>παρεσκεύ-</em></strong></span> 
     </span>
     <span class='ocr_line' id='line_1_13' title="bbox 153 1762 1271 1849; baseline 0.001 -23"><span class='ocrx_word' id='word_1_101' title='bbox 153 1786 229 1827; x_wconf 88' lang='grc' dir='ltr'><strong><em>αστο</em></strong></span> <span class='ocrx_word' id='word_1_102' title='bbox 244 1762 281 1826; x_wconf 87' lang='grc' dir='ltr'><strong><em>τά</em></strong></span> <span class='ocrx_word' id='word_1_103' title='bbox 297 1765 463 1847; x_wconf 82' lang='grc' dir='ltr'><strong><em>οἰδήματα,</em></strong></span> <span class='ocrx_word' id='word_1_104' title='bbox 484 1765 549 1829; x_wconf 80' lang='grc' dir='ltr'><strong><em>ἀλλ’</em></strong></span> <span class='ocrx_word' id='word_1_105' title='bbox 566 1766 605 1830; x_wconf 85' lang='grc' dir='ltr'><strong><em>οὐ</em></strong></span> <span class='ocrx_word' id='word_1_106' title='bbox 620 1765 789 1849; x_wconf 88' lang='grc' dir='ltr'><strong><em>μαλάσσειν</em></strong></span> <span class='ocrx_word' id='word_1_107' title='bbox 805 1763 874 1831; x_wconf 82' lang='grc' dir='ltr'><strong><em>οὐδ’</em></strong></span> <span class='ocrx_word' id='word_1_108' title='bbox 891 1767 1070 1849; x_wconf 79' lang='grc' dir='ltr'><strong><em>ἐμπλάττειν</em></strong></span> <span class='ocrx_word' id='word_1_109' title='bbox 1085 1764 1121 1827; x_wconf 90' lang='grc' dir='ltr'><strong><em>τὰ</em></strong></span> <span class='ocrx_word' id='word_1_110' title='bbox 1137 1764 1271 1829; x_wconf 83' lang='grc' dir='ltr'><strong><em>ὕπουλα.</em></strong></span> 
     </span>
     <span class='ocr_line' id='line_1_14' title="bbox 153 1864 1298 1954; baseline -0.002 -24"><span class='ocrx_word' id='word_1_111' title='bbox 153 1868 231 1930; x_wconf 90' lang='grc' dir='ltr'><strong><em>ὅθεν</em></strong></span> <span class='ocrx_word' id='word_1_112' title='bbox 248 1864 317 1932; x_wconf 82' lang='grc' dir='ltr'><strong><em>οὐδ’</em></strong></span> <span class='ocrx_word' id='word_1_113' title='bbox 335 1869 369 1941; x_wconf 81' lang='grc' dir='ltr'><strong><em>ἐξ</em></strong></span> <span class='ocrx_word' id='word_1_114' title='bbox 392 1866 490 1952; x_wconf 83' lang='grc' dir='ltr'><strong><em>οὗπερ</em></strong></span> <span class='ocrx_word' id='word_1_115' title='bbox 512 1875 569 1933; x_wconf 83' lang='grc' dir='ltr'><strong><em>τοῦ</em></strong></span> <span class='ocrx_word' id='word_1_116' title='bbox 591 1869 729 1952; x_wconf 88' lang='grc' dir='ltr'><strong><em>κράτους</em></strong></span> <span class='ocrx_word' id='word_1_117' title='bbox 751 1870 847 1954; x_wconf 76' lang='grc' dir='ltr'><strong><em>ἐπέβη</em></strong></span> <span class='ocrx_word' id='word_1_118' title='bbox 872 1868 925 1933; x_wconf 82' lang='grc' dir='ltr'><strong><em>καί</em></strong></span> <span class='ocrx_word' id='word_1_119' title='bbox 948 1870 990 1939; x_wconf 85' lang='grc' dir='ltr'><strong><em>εἰς</em></strong></span> <span class='ocrx_word' id='word_1_120' title='bbox 1013 1870 1147 1951; x_wconf 85' lang='grc' dir='ltr'><strong><em>ἔννομον</em></strong></span> <span class='ocrx_word' id='word_1_121' title='bbox 1170 1864 1298 1950; x_wconf 78' lang='grc' dir='ltr'><strong><em>ἀρχὴνθ</em></strong></span> 
     </span>
     <span class='ocr_line' id='line_1_15' title="bbox 151 1968 1430 2056; baseline 0.002 -24"><span class='ocrx_word' id='word_1_122' title='bbox 151 1968 208 2052; x_wconf 81' lang='grc' dir='ltr'><strong><em>τὴν</em></strong></span> <span class='ocrx_word' id='word_1_123' title='bbox 230 1970 303 2053; x_wconf 89' lang='grc' dir='ltr'><strong><em>πρίν</em></strong></span> <span class='ocrx_word' id='word_1_124' title='bbox 326 1972 423 2035; x_wconf 80' lang='grc' dir='ltr'><strong><em>αὐτοῦ</em></strong></span> <span class='ocrx_word' id='word_1_125' title='bbox 445 1973 612 2054; x_wconf 83' lang='grc' dir='ltr'><strong><em>τυραννίδα</em></strong></span> <span class='ocrx_word' id='word_1_126' title='bbox 634 1973 829 2056; x_wconf 80' lang='grc' dir='ltr'><strong><em>μετήνεγκεν,</em></strong></span> <span class='ocrx_word' id='word_1_127' title='bbox 854 1972 1046 2043; x_wconf 87' lang='grc' dir='ltr'><strong><em>ἀναποδίσας</em></strong></span> <span class='ocrx_word' id='word_1_128' title='bbox 1065 1970 1121 2054; x_wconf 84' lang='grc' dir='ltr'><strong><em>τὴν</em></strong></span> <span class='ocrx_word' id='word_1_129' title='bbox 1136 1976 1191 2035; x_wconf 86' lang='grc' dir='ltr'><strong><em>τοῦ</em></strong></span> <span class='ocrx_word' id='word_1_130' title='bbox 1207 1968 1430 2052; x_wconf 76' lang='grc' dir='ltr'><strong><em>πρδΡ11269Α</em></strong></span> 
     </span>
    </p>

    <p class='ocr_par' dir='ltr' id='par_1_5' title="bbox 110 2074 1271 2366">
     <span class='ocr_line' id='line_1_16' title="bbox 110 2074 1270 2158; baseline 0.003 -24"><span class='ocrx_word' id='word_1_131' title='bbox 110 2080 143 2135; x_wconf 83' lang='lat' dir='ltr'><strong><em>lb</em></strong></span> <span class='ocrx_word' id='word_1_132' title='bbox 153 2074 250 2137; x_wconf 81' lang='grc' dir='ltr'><strong><em>αὐτοῦ</em></strong></span> <span class='ocrx_word' id='word_1_133' title='bbox 265 2076 379 2157; x_wconf 81' lang='grc' dir='ltr'><strong><em>πρᾶξιν</em></strong></span> <span class='ocrx_word' id='word_1_134' title='bbox 394 2075 544 2157; x_wconf 84' lang='grc' dir='ltr'><strong><em>ἀνέτρεψε</em></strong></span> <span class='ocrx_word' id='word_1_135' title='bbox 559 2075 612 2139; x_wconf 83' lang='grc' dir='ltr'><strong><em>καί</em></strong></span> <span class='ocrx_word' id='word_1_136' title='bbox 635 2078 667 2139; x_wconf 88' lang='grc' dir='ltr'><strong><em>εἴ</em></strong></span> <span class='ocrx_word' id='word_1_137' title='bbox 683 2100 710 2140; x_wconf 91' lang='grc' dir='ltr'><strong><em>τι</em></strong></span> <span class='ocrx_word' id='word_1_138' title='bbox 732 2076 850 2147; x_wconf 76' lang='grc' dir='ltr'><strong><em>ἐκεῖνός</em></strong></span> <span class='ocrx_word' id='word_1_139' title='bbox 872 2076 946 2139; x_wconf 79' lang='grc' dir='ltr'><strong><em>’τισιν</em></strong></span> <span class='ocrx_word' id='word_1_140' title='bbox 969 2075 1163 2158; x_wconf 84' lang='grc' dir='ltr'><strong><em>ἐδωρήσατο,</em></strong></span> <span class='ocrx_word' id='word_1_141' title='bbox 1187 2074 1270 2158; x_wconf 85' lang='grc' dir='ltr'><strong><em>ἀφη-</em></strong></span> 
     </span>
     <span class='ocr_line' id='line_1_17' title="bbox 153 2176 1271 2262; baseline 0.001 -24"><span class='ocrx_word' id='word_1_142' title='bbox 153 2182 234 2257; x_wconf 87' lang='grc' dir='ltr'><strong><em>ρεῖτο</em></strong></span> <span class='ocrx_word' id='word_1_143' title='bbox 257 2176 311 2240; x_wconf 82' lang='grc' dir='ltr'><strong><em>καί</em></strong></span> <span class='ocrx_word' id='word_1_144' title='bbox 334 2177 492 2261; x_wconf 82' lang='grc' dir='ltr'><strong><em>ἀπεστέρει</em></strong></span> <span class='ocrx_word' id='word_1_145' title='bbox 512 2177 586 2249; x_wconf 83' lang='grc' dir='ltr'><strong><em>τοὺς</em></strong></span> <span class='ocrx_word' id='word_1_146' title='bbox 608 2176 784 2262; x_wconf 81' lang='grc' dir='ltr'><strong><em>εἰληφότας,</em></strong></span> <span class='ocrx_word' id='word_1_147' title='bbox 809 2176 886 2242; x_wconf 77' lang='grc' dir='ltr'><strong><em>ἀλλά</em></strong></span> <span class='ocrx_word' id='word_1_148' title='bbox 909 2177 1048 2242; x_wconf 82' lang='grc' dir='ltr'><strong><em>καὶτῶν</em></strong></span> <span class='ocrx_word' id='word_1_149' title='bbox 1070 2176 1134 2259; x_wconf 85' lang='grc' dir='ltr'><strong><em>πρὸ</em></strong></span> <span class='ocrx_word' id='word_1_150' title='bbox 1151 2177 1271 2241; x_wconf 83' lang='grc' dir='ltr'><strong><em>ἐκείνου</em></strong></span> 
     </span>
     <span class='ocr_line' id='line_1_18' title="bbox 152 2276 1271 2366; baseline 0 -23"><span class='ocrx_word' id='word_1_151' title='bbox 152 2278 252 2343; x_wconf 88' lang='grc' dir='ltr'><strong><em>πολλὰ</em></strong></span> <span class='ocrx_word' id='word_1_152' title='bbox 279 2279 447 2364; x_wconf 81' lang='grc' dir='ltr'><strong><em>καθῄρησε</em></strong></span> <span class='ocrx_word' id='word_1_153' title='bbox 474 2280 529 2344; x_wconf 87' lang='grc' dir='ltr'><strong><em>καί</em></strong></span> <span class='ocrx_word' id='word_1_154' title='bbox 556 2282 699 2366; x_wconf 85' lang='grc' dir='ltr'><strong><em>ἠθέτηοε,</em></strong></span> <span class='ocrx_word' id='word_1_155' title='bbox 732 2282 787 2346; x_wconf 84' lang='grc' dir='ltr'><strong><em>καί</em></strong></span> <span class='ocrx_word' id='word_1_156' title='bbox 813 2282 852 2347; x_wconf 81' lang='grc' dir='ltr'><strong><em>οὗ</em></strong></span> <span class='ocrx_word' id='word_1_157' title='bbox 878 2280 979 2363; x_wconf 87' lang='grc' dir='ltr'><strong><em>μόνον</em></strong></span> <span class='ocrx_word' id='word_1_158' title='bbox 1006 2285 1102 2344; x_wconf 77' lang='grc' dir='ltr'><strong><em>ταῦτα</em></strong></span> <span class='ocrx_word' id='word_1_159' title='bbox 1128 2278 1210 2362; x_wconf 87' lang='grc' dir='ltr'><strong><em>πρὸς</em></strong></span> <span class='ocrx_word' id='word_1_160' title='bbox 1235 2276 1271 2343; x_wconf 92' lang='grc' dir='ltr'><strong><em>τδ</em></strong></span> 
     </span>
    </p>
   </div>
   <div class='ocr_carea' id='block_1_3' title="bbox 153 2379 1316 2469">
    <p class='ocr_par' dir='ltr' id='par_1_6' title="bbox 153 2379 1316 2469">
     <span class='ocr_line' id='line_1_19' title="bbox 153 2379 1316 2469; baseline -0.002 -21"><span class='ocrx_word' id='word_1_161' title='bbox 153 2382 302 2467; x_wconf 87' lang='grc' dir='ltr'><strong><em>δημῶδες</em></strong></span> <span class='ocrx_word' id='word_1_162' title='bbox 328 2383 433 2468; x_wconf 86' lang='grc' dir='ltr'><strong><em>ἐποίει,</em></strong></span> <span class='ocrx_word' id='word_1_163' title='bbox 466 2379 532 2449; x_wconf 83' lang='grc' dir='ltr'><strong><em>ἀλλ’</em></strong></span> <span class='ocrx_word' id='word_1_164' title='bbox 557 2384 632 2450; x_wconf 84' lang='grc' dir='ltr'><strong><em>οὐδὲ</em></strong></span> <span class='ocrx_word' id='word_1_165' title='bbox 658 2390 723 2450; x_wconf 89' lang='grc' dir='ltr'><strong><em>τῶν</em></strong></span> <span class='ocrx_word' id='word_1_166' title='bbox 748 2391 803 2469; x_wconf 87' lang='grc' dir='ltr'><strong><em>τῆς</em></strong></span> <span class='ocrx_word' id='word_1_167' title='bbox 826 2384 989 2468; x_wconf 89' lang='grc' dir='ltr'><strong><em>γερουσίας</em></strong></span> <span class='ocrx_word' id='word_1_168' title='bbox 1012 2381 1159 2468; x_wconf 79' lang='grc' dir='ltr'><strong><em>ἐφείδετο.</em></strong></span> <span class='ocrx_word' id='word_1_169' title='bbox 1207 2379 1270 2447; x_wconf 77' lang='grc' dir='ltr'><strong><em>εἶτα</em></strong></span> <span class='ocrx_word' id='word_1_170' title='bbox 1281 2389 1316 2446; x_wconf 87' lang='grc'><strong><em>10</em></strong></span> 
     </span>
    </p>
   </div>
   <div class='ocr_carea' id='block_1_4' title="bbox 150 2579 1270 2796">
    <p class='ocr_par' dir='ltr' id='par_1_7' title="bbox 150 2579 1270 2796">
     <span class='ocr_line' id='line_1_20' title="bbox 154 2579 1270 2652; baseline 0 -20"><span class='ocrx_word' id='word_1_171' title='bbox 154 2579 168 2632; x_wconf 89' lang='lat' dir='ltr'>l</span> <span class='ocrx_word' id='word_1_172' title='bbox 192 2581 231 2634; x_wconf 83' lang='grc' dir='ltr'><strong><em>ὅτι</em></strong></span> <span class='ocrx_word' id='word_1_173' title='bbox 250 2579 391 2649; x_wconf 84' lang='grc' dir='ltr'><strong><em>ἀποτόμως</em></strong></span> <span class='ocrx_word' id='word_1_174' title='bbox 409 2587 442 2651; x_wconf 79' lang='grc' dir='ltr'><strong><em>τῇ</em></strong></span> <span class='ocrx_word' id='word_1_175' title='bbox 464 2587 518 2636; x_wconf 79' lang='grc' dir='ltr'><strong><em>τῶν</em></strong></span> <span class='ocrx_word' id='word_1_176' title='bbox 541 2587 641 2636; x_wconf 86' lang='grc' dir='ltr'><strong><em>κοινῶν</em></strong></span> <span class='ocrx_word' id='word_1_177' title='bbox 662 2583 825 2652; x_wconf 84' lang='grc' dir='ltr'><strong><em>πραγμάτων</em></strong></span> <span class='ocrx_word' id='word_1_178' title='bbox 849 2582 995 2652; x_wconf 85' lang='grc' dir='ltr'><strong><em>διορθώσει</em></strong></span> <span class='ocrx_word' id='word_1_179' title='bbox 1018 2581 1202 2651; x_wconf 76' lang='grc' dir='ltr'><strong><em>ἐπικεχείρηκε</em></strong></span> <span class='ocrx_word' id='word_1_180' title='bbox 1224 2579 1270 2633; x_wconf 86' lang='grc' dir='ltr'><strong><em>καί</em></strong></span> 
     </span>
     <span class='ocr_line' id='line_1_21' title="bbox 152 2651 1269 2723; baseline -0.002 -17"><span class='ocrx_word' id='word_1_181' title='bbox 152 2651 256 2721; x_wconf 80' lang='grc' dir='ltr'><strong><em>γέγονεν</em></strong></span> <span class='ocrx_word' id='word_1_182' title='bbox 273 2653 353 2706; x_wconf 80' lang='grc' dir='ltr'><strong><em>ἅπασι</em></strong></span> <span class='ocrx_word' id='word_1_183' title='bbox 371 2655 482 2722; x_wconf 84' lang='grc' dir='ltr'><strong><em>μισητός</em></strong></span> <span class='ocrx_word' id='word_1_184' title='bbox 500 2653 523 2709; x_wconf 82' lang='lat' dir='ltr'>C</span> <span class='ocrx_word' id='word_1_185' title='bbox 622 2653 656 2708; x_wconf 82' lang='lat'><strong><em>18</em></strong></span> <span class='ocrx_word' id='word_1_186' title='bbox 674 2656 713 2708; x_wconf 85' lang='grc' dir='ltr'><strong><em>δτι</em></strong></span> <span class='ocrx_word' id='word_1_187' title='bbox 732 2653 796 2708; x_wconf 79' lang='grc' dir='ltr'><strong><em>οὐδὲ</em></strong></span> <span class='ocrx_word' id='word_1_188' title='bbox 813 2653 901 2709; x_wconf 81' lang='grc' dir='ltr'><strong><em>αὐτῶν</em></strong></span> <span class='ocrx_word' id='word_1_189' title='bbox 919 2661 972 2708; x_wconf 87' lang='grc' dir='ltr'><strong><em>τῶν</em></strong></span> <span class='ocrx_word' id='word_1_190' title='bbox 991 2661 1029 2723; x_wconf 79' lang='grc' dir='ltr'><strong><em>τῷ</em></strong></span> <span class='ocrx_word' id='word_1_191' title='bbox 1047 2654 1105 2723; x_wconf 75' lang='grc' dir='ltr'><strong><em>θεῷ</em></strong></span> <span class='ocrx_word' id='word_1_192' title='bbox 1125 2653 1269 2708; x_wconf 86' lang='grc' dir='ltr'><strong><em>καθωσιω-</em></strong></span> 
     </span>
     <span class='ocr_line' id='line_1_22' title="bbox 150 2723 711 2796; baseline 0.002 -18"><span class='ocrx_word' id='word_1_193' title='bbox 150 2723 240 2792; x_wconf 82' lang='grc' dir='ltr'><strong><em>μίνων</em></strong></span> <span class='ocrx_word' id='word_1_194' title='bbox 258 2723 380 2794; x_wconf 73' lang='grc' dir='ltr'><strong><em>ἐφείσατο</em></strong></span> <span class='ocrx_word' id='word_1_195' title='bbox 401 2723 591 2796; x_wconf 83' lang='grc' dir='ltr'><strong><em>(ἀφωσιώσατο</em></strong></span> <span class='ocrx_word' id='word_1_196' title='bbox 609 2725 644 2794; x_wconf 88' lang='grc' dir='ltr'><strong><em>Ε)</em></strong></span> <span class='ocrx_word' id='word_1_197' title='bbox 663 2723 711 2782; x_wconf 79' lang='grc' dir='ltr'><strong><em>ΟΕ</em></strong></span> 
     </span>
    </p>
   </div>
   <div class='ocr_carea' id='block_1_5' title="bbox 204 2902 1271 3332">
    <p class='ocr_par' dir='ltr' id='par_1_8' title="bbox 204 2902 1271 3332">
     <span class='ocr_line' id='line_1_23' title="bbox 205 2902 1271 2975; baseline 0.005 -19"><span class='ocrx_word' id='word_1_198' title='bbox 205 2902 223 2956; x_wconf 90' lang='grc'>3</span> <span class='ocrx_word' id='word_1_199' title='bbox 241 2904 377 2972; x_wconf 85' lang='grc' dir='ltr'><strong><em>δημοσίοις</em></strong></span> <span class='ocrx_word' id='word_1_200' title='bbox 390 2902 452 2972; x_wconf 78' lang='grc' dir='ltr'><strong><em>ΑΒ,</em></strong></span> <span class='ocrx_word' id='word_1_201' title='bbox 470 2905 609 2975; x_wconf 78' lang='grc' dir='ltr'><strong><em>βασιλείοις</em></strong></span> <span class='ocrx_word' id='word_1_202' title='bbox 622 2903 723 2974; x_wconf 85' lang='lat' dir='ltr'><strong>DEwp</strong></span> <span class='ocrx_word' id='word_1_203' title='bbox 789 2905 940 2974; x_wconf 86' lang='grc' dir='ltr'><strong><em>πράγμασιν</em></strong></span> <span class='ocrx_word' id='word_1_204' title='bbox 950 2903 1060 2973; x_wconf 83' lang='lat' dir='ltr'><strong><em>Apr‚</em></strong></span> <span class='ocrx_word' id='word_1_205' title='bbox 1079 2903 1213 2972; x_wconf 84' lang='grc' dir='ltr'><strong><em>χρήμασιν</em></strong></span> <span class='ocrx_word' id='word_1_206' title='bbox 1224 2903 1271 2961; x_wconf 82' lang='lat' dir='ltr'><strong><em>Ca·</em></strong></span> 
     </span>
     <span class='ocr_line' id='line_1_24' title="bbox 241 2971 1269 3045; baseline 0.001 -18"><span class='ocrx_word' id='word_1_207' title='bbox 241 2973 272 3028; x_wconf 79' lang='grc' dir='ltr'><strong><em>τὰ</em></strong></span> <span class='ocrx_word' id='word_1_208' title='bbox 285 2971 410 3045; x_wconf 81' lang='lat' dir='ltr'><strong>prDi,</strong></span> <span class='ocrx_word' id='word_1_209' title='bbox 430 2976 515 3031; x_wconf 88' lang='lat' dir='ltr'><strong>initio</strong></span> <span class='ocrx_word' id='word_1_210' title='bbox 529 2991 637 3030; x_wconf 80' lang='lat' dir='ltr'><strong>versus</strong></span> <span class='ocrx_word' id='word_1_211' title='bbox 650 2991 707 3030; x_wconf 88' lang='lat' dir='ltr'><strong><em>om.</em></strong></span> <span class='ocrx_word' id='word_1_212' title='bbox 721 2974 748 3029; x_wconf 81' lang='grc' dir='ltr'><strong>Α</strong></span> <span class='ocrx_word' id='word_1_213' title='bbox 819 2976 837 3030; x_wconf 88' lang='grc'>4</span> <span class='ocrx_word' id='word_1_214' title='bbox 855 2975 1117 3044; x_wconf 86' lang='grc' dir='ltr'><strong><em>κατασπαθησάντων</em></strong></span> <span class='ocrx_word' id='word_1_215' title='bbox 1130 2973 1269 3044; x_wconf 67' lang='lat' dir='ltr'><strong>Osswth&#39;,</strong></span> 
     </span>
     <span class='ocr_line' id='line_1_25' title="bbox 206 3044 1269 3116; baseline 0.003 -18"><span class='ocrx_word' id='word_1_216' title='bbox 206 3047 486 3114; x_wconf 85' lang='grc' dir='ltr'><strong><em>κατασπασθησάντων</em></strong></span> <span class='ocrx_word' id='word_1_217' title='bbox 504 3045 539 3114; x_wconf 85' lang='grc' dir='ltr'><strong><em>Α,</em></strong></span> <span class='ocrx_word' id='word_1_218' title='bbox 559 3046 852 3116; x_wconf 64' lang='grc' dir='ltr'><strong><em>κατασπαῖσθεισάντων</em></strong></span> <span class='ocrx_word' id='word_1_219' title='bbox 871 3049 894 3101; x_wconf 83' lang='grc' dir='ltr'><strong>Ε</strong></span> <span class='ocrx_word' id='word_1_220' title='bbox 967 3047 983 3100; x_wconf 86' lang='grc'><strong>6</strong></span> <span class='ocrx_word' id='word_1_221' title='bbox 1001 3048 1046 3100; x_wconf 85' lang='grc' dir='ltr'><strong><em>καί</em></strong></span> <span class='ocrx_word' id='word_1_222' title='bbox 1065 3044 1192 3115; x_wconf 78' lang='lat' dir='ltr'><strong>prDt‘,</strong></span> <span class='ocrx_word' id='word_1_223' title='bbox 1213 3061 1269 3101; x_wconf 87' lang='lat' dir='ltr'><strong><em>om.</em></strong></span> 
     </span>
     <span class='ocr_line' id='line_1_26' title="bbox 205 3115 1270 3187; baseline 0.002 -17"><span class='ocrx_word' id='word_1_224' title='bbox 205 3115 232 3170; x_wconf 86' lang='lat' dir='ltr'>A</span> <span class='ocrx_word' id='word_1_225' title='bbox 321 3117 550 3182; x_wconf 77' lang='grc' dir='ltr'><strong><em>Ίέσπανίζον*</em></strong></span> <span class='ocrx_word' id='word_1_226' title='bbox 646 3119 828 3187; x_wconf 86' lang='grc' dir='ltr'><strong><em>9άνεστηλῶς</em></strong></span> <span class='ocrx_word' id='word_1_227' title='bbox 848 3118 875 3171; x_wconf 94' lang='lat' dir='ltr'>D</span> <span class='ocrx_word' id='word_1_228' title='bbox 968 3119 1001 3171; x_wconf 90' lang='grc'><strong><em>10</em></strong></span> <span class='ocrx_word' id='word_1_229' title='bbox 1018 3116 1270 3187; x_wconf 77' lang='grc' dir='ltr'><strong><em>ἀνατεταμμένονῦ</em></strong></span> 
     </span>
     <span class='ocr_line' id='line_1_27' title="bbox 207 3135 1271 3260; baseline 0.002 -20"><span class='ocrx_word' id='word_1_230' title='bbox 207 3187 239 3240; x_wconf 88' lang='grc'><strong><em>11</em></strong></span> <span class='ocrx_word' id='word_1_231' title='bbox 258 3197 360 3256; x_wconf 85' lang='grc' dir='ltr'><strong><em>τεμνεῖν</em></strong></span> <span class='ocrx_word' id='word_1_232' title='bbox 379 3189 415 3260; x_wconf 85' lang='lat' dir='ltr'><strong><em>p*</em></strong></span> <span class='ocrx_word' id='word_1_233' title='bbox 497 3135 533 3243; x_wconf 58' lang='lat' dir='ltr'><strong><em>lg</em></strong></span> <span class='ocrx_word' id='word_1_234' title='bbox 549 3189 605 3245; x_wconf 80' lang='grc' dir='ltr'><strong><em>ἀλλ’</em></strong></span> <span class='ocrx_word' id='word_1_235' title='bbox 624 3189 666 3258; x_wconf 85' lang='grc' dir='ltr'><strong><em>οὐ]</em></strong></span> <span class='ocrx_word' id='word_1_236' title='bbox 685 3191 718 3244; x_wconf 84' lang='grc' dir='ltr'><strong><em>οὐ</em></strong></span> <span class='ocrx_word' id='word_1_237' title='bbox 737 3189 810 3246; x_wconf 75' lang='grc' dir='ltr'><strong><em>δὲΟ</em></strong></span> <span class='ocrx_word' id='word_1_238' title='bbox 890 3189 1026 3257; x_wconf 80' lang='grc' dir='ltr'><strong><em>ἐμπλάττει</em></strong></span> <span class='ocrx_word' id='word_1_239' title='bbox 1045 3189 1073 3242; x_wconf 90' lang='lat' dir='ltr'>D</span> <span class='ocrx_word' id='word_1_240' title='bbox 1156 3188 1190 3242; x_wconf 89' lang='grc'><strong><em>13</em></strong></span> <span class='ocrx_word' id='word_1_241' title='bbox 1208 3188 1271 3242; x_wconf 77' lang='grc' dir='ltr'><strong><em>οὐδὲ</em></strong></span> 
     </span>
     <span class='ocr_line' id='line_1_28' title="bbox 204 3258 1268 3332; baseline 0.001 -19"><span class='ocrx_word' id='word_1_242' title='bbox 204 3258 336 3331; x_wconf 70' lang='lat' dir='ltr'><strong>Eflwth&#39;</strong></span> <span class='ocrx_word' id='word_1_243' title='bbox 400 3260 435 3314; x_wconf 82' lang='lat'><strong><em>14</em></strong></span> <span class='ocrx_word' id='word_1_244' title='bbox 452 3260 524 3330; x_wconf 81' lang='grc' dir='ltr'><strong><em>αὐτῷ</em></strong></span> <span class='ocrx_word' id='word_1_245' title='bbox 543 3261 571 3315; x_wconf 92' lang='lat' dir='ltr'><em>D</em></span> <span class='ocrx_word' id='word_1_246' title='bbox 634 3269 680 3316; x_wconf 80' lang='grc' dir='ltr'><strong><em>τοῦ</em></strong></span> <span class='ocrx_word' id='word_1_247' title='bbox 700 3276 756 3317; x_wconf 86' lang='lat' dir='ltr'><strong><em>om.</em></strong></span> <span class='ocrx_word' id='word_1_248' title='bbox 768 3261 798 3330; x_wconf 83' lang='lat' dir='ltr'><strong><em>C,</em></strong></span> <span class='ocrx_word' id='word_1_249' title='bbox 819 3261 916 3332; x_wconf 83' lang='lat' dir='ltr'><strong>suppl.</strong></span> <span class='ocrx_word' id='word_1_250' title='bbox 927 3259 972 3320; x_wconf 71' lang='grc' dir='ltr'><strong><em>Οτι</em></strong></span> <span class='ocrx_word' id='word_1_251' title='bbox 1039 3261 1074 3314; x_wconf 81' lang='lat'><strong><em>18</em></strong></span> <span class='ocrx_word' id='word_1_252' title='bbox 1092 3259 1268 3329; x_wconf 84' lang='grc' dir='ltr'><strong><em>δυςμῶδεςΙ)</em></strong></span> 
     </span>
    </p>
   </div>
   <div class='ocr_carea' id='block_1_6' title="bbox 148 3455 1311 4529">
    <p class='ocr_par' dir='ltr' id='par_1_9' title="bbox 148 3455 1311 4529">
     <span class='ocr_line' id='line_1_29' title="bbox 240 3455 1295 3529; baseline -0.001 -18"><span class='ocrx_word' id='word_1_253' title='bbox 240 3455 380 3512; x_wconf 84' lang='lat' dir='ltr'><strong>Ceterum</strong></span> <span class='ocrx_word' id='word_1_254' title='bbox 407 3471 477 3512; x_wconf 86' lang='lat' dir='ltr'><strong><em>cum</em></strong></span> <span class='ocrx_word' id='word_1_255' title='bbox 502 3473 606 3513; x_wconf 89' lang='lat' dir='ltr'><strong>omues</strong></span> <span class='ocrx_word' id='word_1_256' title='bbox 630 3459 697 3514; x_wconf 84' lang='lat' dir='ltr'><strong>eius</strong></span> <span class='ocrx_word' id='word_1_257' title='bbox 721 3461 790 3528; x_wconf 87' lang='lat' dir='ltr'><strong>post</strong></span> <span class='ocrx_word' id='word_1_258' title='bbox 807 3457 952 3513; x_wconf 81' lang='lat' dir='ltr'><strong>Basiliam</strong></span> <span class='ocrx_word' id='word_1_259' title='bbox 974 3455 1295 3529; x_wconf 67' lang='lat' dir='ltr'><strong>porphyrogenitum?</strong></span> 
     </span>
     <span class='ocr_line' id='line_1_30' title="bbox 152 3527 1268 3600; baseline 0.003 -20"><span class='ocrx_word' id='word_1_260' title='bbox 152 3527 325 3583; x_wconf 80' lang='lat' dir='ltr'><strong>decessores</strong></span> <span class='ocrx_word' id='word_1_261' title='bbox 353 3528 416 3583; x_wconf 88' lang='lat' dir='ltr'><strong>flsci</strong></span> <span class='ocrx_word' id='word_1_262' title='bbox 445 3533 475 3584; x_wconf 89' lang='lat' dir='ltr'><strong><em>et</em></strong></span> <span class='ocrx_word' id='word_1_263' title='bbox 502 3529 613 3585; x_wconf 89' lang='lat' dir='ltr'><strong>aerarii</strong></span> <span class='ocrx_word' id='word_1_264' title='bbox 641 3531 803 3599; x_wconf 84' lang='lat' dir='ltr'><strong>pecuniam</strong></span> <span class='ocrx_word' id='word_1_265' title='bbox 827 3545 934 3600; x_wconf 87' lang='lat' dir='ltr'><strong>parum</strong></span> <span class='ocrx_word' id='word_1_266' title='bbox 959 3535 1041 3585; x_wconf 87' lang='lat' dir='ltr'><strong>recte</strong></span> <span class='ocrx_word' id='word_1_267' title='bbox 1061 3530 1268 3598; x_wconf 83' lang='lat' dir='ltr'><strong>collocassent,</strong></span> 
     </span>
     <span class='ocr_line' id='line_1_31' title="bbox 151 3600 1268 3671; baseline 0.003 -18"><span class='ocrx_word' id='word_1_268' title='bbox 151 3601 260 3668; x_wconf 89' lang='lat' dir='ltr'><strong>partim</strong></span> <span class='ocrx_word' id='word_1_269' title='bbox 278 3601 310 3654; x_wconf 89' lang='lat' dir='ltr'><strong>in</strong></span> <span class='ocrx_word' id='word_1_270' title='bbox 328 3615 401 3655; x_wconf 88' lang='lat' dir='ltr'><strong>suas</strong></span> <span class='ocrx_word' id='word_1_271' title='bbox 419 3600 592 3671; x_wconf 83' lang='lat' dir='ltr'><strong>voluptates</strong></span> <span class='ocrx_word' id='word_1_272' title='bbox 611 3606 641 3656; x_wconf 89' lang='lat' dir='ltr'><strong><em>et</em></strong></span> <span class='ocrx_word' id='word_1_273' title='bbox 653 3601 906 3656; x_wconf 75' lang='lat' dir='ltr'><strong>monasteriorum</strong></span> <span class='ocrx_word' id='word_1_274' title='bbox 920 3601 1145 3656; x_wconf 87' lang='lat' dir='ltr'><strong>aedificationes</strong></span> <span class='ocrx_word' id='word_1_275' title='bbox 1158 3603 1268 3656; x_wconf 89' lang='lat' dir='ltr'><strong>insum·</strong></span> 
     </span>
     <span class='ocr_line' id='line_1_32' title="bbox 151 3672 1267 3743; baseline 0.002 -19"><span class='ocrx_word' id='word_1_276' title='bbox 151 3676 242 3740; x_wconf 89' lang='lat' dir='ltr'><strong>ptam,</strong></span> <span class='ocrx_word' id='word_1_277' title='bbox 261 3673 370 3740; x_wconf 86' lang='lat' dir='ltr'><strong>partim</strong></span> <span class='ocrx_word' id='word_1_278' title='bbox 389 3673 455 3727; x_wconf 90' lang='lat' dir='ltr'><strong>sine</strong></span> <span class='ocrx_word' id='word_1_279' title='bbox 474 3672 593 3728; x_wconf 88' lang='lat' dir='ltr'><strong>delectu</strong></span> <span class='ocrx_word' id='word_1_280' title='bbox 611 3688 648 3727; x_wconf 88' lang='lat' dir='ltr'><strong><em>ac</em></strong></span> <span class='ocrx_word' id='word_1_281' title='bbox 667 3689 722 3743; x_wconf 93' lang='lat' dir='ltr'><strong><em>pro</em></strong></span> <span class='ocrx_word' id='word_1_282' title='bbox 741 3672 867 3728; x_wconf 85' lang='lat' dir='ltr'><strong>libidine</strong></span> <span class='ocrx_word' id='word_1_283' title='bbox 890 3687 946 3727; x_wconf 87' lang='lat' dir='ltr'><strong><em>sua</em></strong></span> <span class='ocrx_word' id='word_1_284' title='bbox 967 3673 1178 3741; x_wconf 76' lang='lat' dir='ltr'><strong>condonatam,</strong></span> <span class='ocrx_word' id='word_1_285' title='bbox 1207 3679 1267 3727; x_wconf 88' lang='lat' dir='ltr'><strong><em>tam</em></strong></span> 
     </span>
     <span class='ocr_line' id='line_1_33' title="bbox 150 3742 1266 3814; baseline 0.003 -19"><span class='ocrx_word' id='word_1_286' title='bbox 150 3744 228 3812; x_wconf 82' lang='lat' dir='ltr'><strong>regii</strong></span> <span class='ocrx_word' id='word_1_287' title='bbox 247 3742 382 3798; x_wconf 77' lang='lat' dir='ltr'><strong>thesauri</strong></span> <span class='ocrx_word' id='word_1_288' title='bbox 401 3744 542 3798; x_wconf 83' lang='lat' dir='ltr'><strong>exhausti</strong></span> <span class='ocrx_word' id='word_1_289' title='bbox 560 3745 693 3811; x_wconf 84' lang='lat' dir='ltr'><strong>fuerunt,</strong></span> <span class='ocrx_word' id='word_1_290' title='bbox 713 3759 805 3814; x_wconf 90' lang='lat' dir='ltr'><strong>quam</strong></span> <span class='ocrx_word' id='word_1_291' title='bbox 818 3746 969 3798; x_wconf 83' lang='lat' dir='ltr'><strong>aerarium</strong></span> <span class='ocrx_word' id='word_1_292' title='bbox 983 3745 1114 3814; x_wconf 87' lang='lat' dir='ltr'><strong>pecunia</strong></span> <span class='ocrx_word' id='word_1_293' title='bbox 1126 3759 1266 3798; x_wconf 87' lang='lat' dir='ltr'><strong>vacuum.</strong></span> 
     </span>
     <span class='ocr_line' id='line_1_34' title="bbox 151 3813 1294 3885; baseline 0 -17"><span class='ocrx_word' id='word_1_294' title='bbox 151 3813 240 3877; x_wconf 87' lang='lat' dir='ltr'><strong>Quod</strong></span> <span class='ocrx_word' id='word_1_295' title='bbox 256 3815 363 3869; x_wconf 90' lang='lat' dir='ltr'><strong>vitium</strong></span> <span class='ocrx_word' id='word_1_296' title='bbox 377 3813 549 3870; x_wconf 74' lang='lat' dir='ltr'><strong>comnenus</strong></span> <span class='ocrx_word' id='word_1_297' title='bbox 568 3820 760 3870; x_wconf 87' lang='lat' dir='ltr'><strong>correcturus</strong></span> <span class='ocrx_word' id='word_1_298' title='bbox 780 3815 1021 3872; x_wconf 87' lang='lat' dir='ltr'><strong>emendationem</strong></span> <span class='ocrx_word' id='word_1_299' title='bbox 1034 3831 1096 3869; x_wconf 90' lang='lat' dir='ltr'><strong><em>non</em></strong></span> <span class='ocrx_word' id='word_1_300' title='bbox 1113 3813 1294 3885; x_wconf 85' lang='lat' dir='ltr'><strong>paullatimil</strong></span> 
     </span>
     <span class='ocr_line' id='line_1_35' title="bbox 151 3885 1268 3956; baseline 0.003 -18"><span class='ocrx_word' id='word_1_301' title='bbox 151 3901 188 3939; x_wconf 91' lang='lat' dir='ltr'><strong><em>ac</em></strong></span> <span class='ocrx_word' id='word_1_302' title='bbox 206 3885 391 3956; x_wconf 85' lang='lat' dir='ltr'><strong>pedetentim</strong></span> <span class='ocrx_word' id='word_1_303' title='bbox 419 3891 464 3940; x_wconf 88' lang='lat' dir='ltr'><strong><em>est</em></strong></span> <span class='ocrx_word' id='word_1_304' title='bbox 491 3902 665 3956; x_wconf 81' lang='lat' dir='ltr'><strong>aggressus,</strong></span> <span class='ocrx_word' id='word_1_305' title='bbox 693 3886 747 3941; x_wconf 87' lang='lat' dir='ltr'><strong><em>sed</em></strong></span> <span class='ocrx_word' id='word_1_306' title='bbox 767 3891 801 3941; x_wconf 91' lang='lat' dir='ltr'><strong><em>ut</em></strong></span> <span class='ocrx_word' id='word_1_307' title='bbox 820 3889 851 3940; x_wconf 91' lang='lat' dir='ltr'><strong>in</strong></span> <span class='ocrx_word' id='word_1_308' title='bbox 875 3891 987 3940; x_wconf 86' lang='lat' dir='ltr'><strong>statera</strong></span> <span class='ocrx_word' id='word_1_309' title='bbox 1010 3902 1043 3940; x_wconf 89' lang='lat' dir='ltr'><strong><em>se</em></strong></span> <span class='ocrx_word' id='word_1_310' title='bbox 1066 3886 1158 3940; x_wconf 91' lang='lat' dir='ltr'><strong>incidi</strong></span> <span class='ocrx_word' id='word_1_311' title='bbox 1181 3887 1268 3941; x_wconf 88' lang='lat' dir='ltr'><strong>iussit</strong></span> 
     </span>
     <span class='ocr_line' id='line_1_36' title="bbox 151 3959 1267 4026; baseline 0.002 -16"><span class='ocrx_word' id='word_1_312' title='bbox 151 3963 253 4011; x_wconf 90' lang='lat' dir='ltr'><strong>erecta</strong></span> <span class='ocrx_word' id='word_1_313' title='bbox 277 3972 370 4011; x_wconf 88' lang='lat' dir='ltr'><strong>manu</strong></span> <span class='ocrx_word' id='word_1_314' title='bbox 393 3959 528 4012; x_wconf 87' lang='lat' dir='ltr'><strong>strictum</strong></span> <span class='ocrx_word' id='word_1_315' title='bbox 553 3974 656 4013; x_wconf 88' lang='lat' dir='ltr'><strong>ensem</strong></span> <span class='ocrx_word' id='word_1_316' title='bbox 679 3959 886 4025; x_wconf 86' lang='lat' dir='ltr'><strong>sustinentem,</strong></span> <span class='ocrx_word' id='word_1_317' title='bbox 914 3959 956 4010; x_wconf 90' lang='lat' dir='ltr'><strong><em>ita</em></strong></span> <span class='ocrx_word' id='word_1_318' title='bbox 975 3959 1065 4012; x_wconf 88' lang='lat' dir='ltr'><strong>etiam</strong></span> <span class='ocrx_word' id='word_1_319' title='bbox 1085 3959 1216 4026; x_wconf 83' lang='lat' dir='ltr'><strong>negotiis</strong></span> <span class='ocrx_word' id='word_1_320' title='bbox 1235 3973 1267 4012; x_wconf 93' lang='lat' dir='ltr'><strong><em>se</em></strong></span> 
     </span>
     <span class='ocr_line' id='line_1_37' title="bbox 149 4028 1268 4098; baseline 0 -16"><span class='ocrx_word' id='word_1_321' title='bbox 149 4029 284 4098; x_wconf 84' lang='lat' dir='ltr'><strong>ingessit,</strong></span> <span class='ocrx_word' id='word_1_322' title='bbox 303 4030 402 4083; x_wconf 89' lang='lat' dir='ltr'><strong>statim</strong></span> <span class='ocrx_word' id='word_1_323' title='bbox 423 4033 548 4098; x_wconf 90' lang='lat' dir='ltr'><strong>paratus</strong></span> <span class='ocrx_word' id='word_1_324' title='bbox 567 4029 607 4083; x_wconf 92' lang='lat' dir='ltr'><strong><em>ad</em></strong></span> <span class='ocrx_word' id='word_1_325' title='bbox 621 4030 770 4084; x_wconf 88' lang='lat' dir='ltr'><strong>secandos</strong></span> <span class='ocrx_word' id='word_1_326' title='bbox 790 4036 931 4096; x_wconf 89' lang='lat' dir='ltr'><strong>tumores,</strong></span> <span class='ocrx_word' id='word_1_327' title='bbox 950 4044 1011 4083; x_wconf 89' lang='lat' dir='ltr'><strong><em>nou</em></strong></span> <span class='ocrx_word' id='word_1_328' title='bbox 1023 4028 1164 4082; x_wconf 85' lang='lat' dir='ltr'><strong>adhibitis</strong></span> <span class='ocrx_word' id='word_1_329' title='bbox 1178 4029 1268 4082; x_wconf 90' lang='lat' dir='ltr'><strong>medi-</strong></span> 
     </span>
     <span class='ocr_line' id='line_1_38' title="bbox 151 4099 1294 4171; baseline -0.001 -18"><span class='ocrx_word' id='word_1_330' title='bbox 151 4102 304 4167; x_wconf 89' lang='lat' dir='ltr'><strong>camentis,</strong></span> <span class='ocrx_word' id='word_1_331' title='bbox 324 4115 405 4168; x_wconf 87' lang='lat' dir='ltr'><strong>quae</strong></span> <span class='ocrx_word' id='word_1_332' title='bbox 424 4101 616 4156; x_wconf 85' lang='lat' dir='ltr'><strong>exulceratas</strong></span> <span class='ocrx_word' id='word_1_333' title='bbox 636 4106 737 4171; x_wconf 90' lang='lat' dir='ltr'><strong>partes</strong></span> <span class='ocrx_word' id='word_1_334' title='bbox 751 4101 901 4155; x_wconf 86' lang='lat' dir='ltr'><strong>mollirent</strong></span> <span class='ocrx_word' id='word_1_335' title='bbox 919 4115 956 4155; x_wconf 87' lang='lat' dir='ltr'><strong><em>ac</em></strong></span> <span class='ocrx_word' id='word_1_336' title='bbox 975 4101 1122 4153; x_wconf 82' lang='lat' dir='ltr'><strong>soverent.</strong></span> <span class='ocrx_word' id='word_1_337' title='bbox 1160 4099 1294 4168; x_wconf 86' lang='lat' dir='ltr'><strong>ltaque9</strong></span> 
     </span>
     <span class='ocr_line' id='line_1_39' title="bbox 150 4171 1267 4242; baseline -0.002 -16"><span class='ocrx_word' id='word_1_338' title='bbox 150 4177 311 4241; x_wconf 87' lang='lat' dir='ltr'><strong>postquam</strong></span> <span class='ocrx_word' id='word_1_339' title='bbox 338 4172 530 4241; x_wconf 82' lang='lat' dir='ltr'><strong>tyrannidem</strong></span> <span class='ocrx_word' id='word_1_340' title='bbox 560 4187 627 4226; x_wconf 92' lang='lat' dir='ltr'><strong><em>cum</em></strong></span> <span class='ocrx_word' id='word_1_341' title='bbox 655 4172 789 4242; x_wconf 87' lang='lat' dir='ltr'><strong>legitimo</strong></span> <span class='ocrx_word' id='word_1_342' title='bbox 819 4172 943 4242; x_wconf 88' lang='lat' dir='ltr'><strong>imperio</strong></span> <span class='ocrx_word' id='word_1_343' title='bbox 973 4171 1177 4236; x_wconf 89' lang='lat' dir='ltr'><strong>commutavit,</strong></span> <span class='ocrx_word' id='word_1_344' title='bbox 1207 4187 1267 4225; x_wconf 91' lang='lat' dir='ltr'><strong><em>non</em></strong></span> 
     </span>
     <span class='ocr_line' id='line_1_40' title="bbox 150 4242 1266 4313; baseline 0.001 -18"><span class='ocrx_word' id='word_1_345' title='bbox 150 4243 239 4297; x_wconf 89' lang='lat' dir='ltr'><strong>modo</strong></span> <span class='ocrx_word' id='word_1_346' title='bbox 268 4243 437 4299; x_wconf 87' lang='lat' dir='ltr'><strong>decessoris</strong></span> <span class='ocrx_word' id='word_1_347' title='bbox 462 4249 531 4298; x_wconf 89' lang='lat' dir='ltr'><strong>acta</strong></span> <span class='ocrx_word' id='word_1_348' title='bbox 556 4245 623 4298; x_wconf 90' lang='lat' dir='ltr'><strong>sine</strong></span> <span class='ocrx_word' id='word_1_349' title='bbox 647 4243 820 4298; x_wconf 86' lang='lat' dir='ltr'><strong>discrimino</strong></span> <span class='ocrx_word' id='word_1_350' title='bbox 845 4243 1009 4313; x_wconf 84' lang='lat' dir='ltr'><strong>abrogavit</strong></span> <span class='ocrx_word' id='word_1_351' title='bbox 1028 4247 1058 4297; x_wconf 89' lang='lat' dir='ltr'><strong><em>et</em></strong></span> <span class='ocrx_word' id='word_1_352' title='bbox 1076 4243 1101 4297; x_wconf 89' lang='lat' dir='ltr'><strong>si</strong></span> <span class='ocrx_word' id='word_1_353' title='bbox 1125 4242 1197 4311; x_wconf 90' lang='lat' dir='ltr'><strong>quid</strong></span> <span class='ocrx_word' id='word_1_354' title='bbox 1217 4243 1266 4296; x_wconf 91' lang='lat' dir='ltr'><strong>cui</strong></span> 
     </span>
     <span class='ocr_line' id='line_1_41' title="bbox 149 4313 1267 4385; baseline 0 -18"><span class='ocrx_word' id='word_1_355' title='bbox 149 4313 199 4369; x_wconf 91' lang='lat' dir='ltr'><strong>ille</strong></span> <span class='ocrx_word' id='word_1_356' title='bbox 218 4315 347 4384; x_wconf 82' lang='lat' dir='ltr'><strong>largitus</strong></span> <span class='ocrx_word' id='word_1_357' title='bbox 365 4317 476 4381; x_wconf 82' lang='lat' dir='ltr'><strong>suerat,</strong></span> <span class='ocrx_word' id='word_1_358' title='bbox 494 4316 651 4385; x_wconf 86' lang='lat' dir='ltr'><strong>eripiebat,</strong></span> <span class='ocrx_word' id='word_1_359' title='bbox 669 4315 722 4369; x_wconf 84' lang='lat' dir='ltr'><strong><em>sed</em></strong></span> <span class='ocrx_word' id='word_1_360' title='bbox 736 4318 827 4371; x_wconf 88' lang='lat' dir='ltr'><strong>etiam</strong></span> <span class='ocrx_word' id='word_1_361' title='bbox 840 4317 1030 4384; x_wconf 85' lang='lat' dir='ltr'><strong>superiorum</strong></span> <span class='ocrx_word' id='word_1_362' title='bbox 1049 4315 1267 4384; x_wconf 87' lang='lat' dir='ltr'><strong>imperatorum</strong></span> 
     </span>
     <span class='ocr_line' id='line_1_42' title="bbox 148 4385 1264 4456; baseline -0.001 -17"><span class='ocrx_word' id='word_1_363' title='bbox 148 4385 243 4440; x_wconf 87' lang='lat' dir='ltr'><strong>multa</strong></span> <span class='ocrx_word' id='word_1_364' title='bbox 261 4390 331 4440; x_wconf 87' lang='lat' dir='ltr'><strong>aeta</strong></span> <span class='ocrx_word' id='word_1_365' title='bbox 349 4387 505 4442; x_wconf 86' lang='lat' dir='ltr'><strong>evertebat</strong></span> <span class='ocrx_word' id='word_1_366' title='bbox 525 4393 555 4442; x_wconf 88' lang='lat' dir='ltr'><strong><em>et</em></strong></span> <span class='ocrx_word' id='word_1_367' title='bbox 573 4388 753 4456; x_wconf 81' lang='lat' dir='ltr'><strong>abrogabat,</strong></span> <span class='ocrx_word' id='word_1_368' title='bbox 781 4402 880 4456; x_wconf 90' lang='lat' dir='ltr'><strong>neque</strong></span> <span class='ocrx_word' id='word_1_369' title='bbox 899 4386 929 4440; x_wconf 93' lang='lat' dir='ltr'><strong>id</strong></span> <span class='ocrx_word' id='word_1_370' title='bbox 949 4387 979 4440; x_wconf 90' lang='lat' dir='ltr'><strong>in</strong></span> <span class='ocrx_word' id='word_1_371' title='bbox 999 4386 1084 4455; x_wconf 87' lang='lat' dir='ltr'><strong>vulgi</strong></span> <span class='ocrx_word' id='word_1_372' title='bbox 1104 4386 1264 4440; x_wconf 82' lang='lat' dir='ltr'><strong>dumtaxat</strong></span> 
     </span>
     <span class='ocr_line' id='line_1_43' title="bbox 148 4456 1311 4529; baseline -0.001 -18"><span class='ocrx_word' id='word_1_373' title='bbox 148 4457 298 4528; x_wconf 87' lang='lat' dir='ltr'><strong>fraudem,</strong></span> <span class='ocrx_word' id='word_1_374' title='bbox 325 4458 441 4514; x_wconf 87' lang='lat' dir='ltr'><strong>sedne</strong></span> <span class='ocrx_word' id='word_1_375' title='bbox 464 4460 584 4524; x_wconf 83' lang='lat' dir='ltr'><strong>senatui</strong></span> <span class='ocrx_word' id='word_1_376' title='bbox 608 4458 729 4528; x_wconf 90' lang='lat' dir='ltr'><strong>quidem</strong></span> <span class='ocrx_word' id='word_1_377' title='bbox 749 4460 893 4529; x_wconf 90' lang='lat' dir='ltr'><strong>pepercit.</strong></span> <span class='ocrx_word' id='word_1_378' title='bbox 930 4457 1070 4528; x_wconf 90' lang='lat' dir='ltr'><strong>Denique</strong></span> <span class='ocrx_word' id='word_1_379' title='bbox 1093 4461 1199 4513; x_wconf 90' lang='lat' dir='ltr'><strong>contra</strong></span> <span class='ocrx_word' id='word_1_380' title='bbox 1217 4471 1266 4512; x_wconf 88' lang='lat' dir='ltr'><strong><em>res</em></strong></span> <span class='ocrx_word' id='word_1_381' title='bbox 1277 4456 1311 4510; x_wconf 91' lang='lat'><strong><em>10</em></strong></span> 
     </span>
    </p>
   </div>
   <div class='ocr_carea' id='block_1_7' title="bbox 0 0 1530 4775">
    <p class='ocr_par' dir='ltr' id='par_1_10' title="bbox 0 0 1530 4775">
     <span class='ocr_line' id='line_1_44' title="bbox 0 0 1530 4775; baseline 0 3"><span class='ocrx_word' id='word_1_382' title='bbox 0 0 1530 4775; x_wconf 95' lang='lat' dir='ltr'><strong><em> </em></strong></span> 
     </span>
    </p>
   </div>
  </div>
 </body>
</html>
