3050 4775
261 338 297 423 et
549 346 685 423 zonas.
705 355 804 420 arar.
824 348 896 419 xm
916 352 959 433 ιο,
978 346 1091 419 ιιι-ιτ.

262 550 339 614 σιλεῖ
364 549 417 614 καί
444 550 482 613 ί’ν’
507 550 606 632 ἔχοιεν
633 549 668 622 ἐξ
695 548 793 611 αὐτοῦ
822 547 911 621 ἀξίας
939 551 1003 610 τῶν
1030 546 1141 610 πόνων
1168 544 1223 616 τὰς
1246 537 1382 627 ἀμοιβάς

218 660 251 715 17
262 653 409 734 ἀπαιτεῖν,
444 652 498 715 καὶ
527 653 625 725 ἀξιῶν
655 652 808 724 δέξασθαι
835 650 891 733 τὴν
920 657 975 733 τῆς
1006 650 1108 732 ἀρχῆς
1139 648 1306 712 κοινωνίαν
1339 648 1420 717 είςΙ)
1434 661 1521 716 11121

217 756 417 839 18ὠφέλειαν
445 755 597 836 ἐσομένην
623 760 660 837 τῇ
687 754 832 835 πολιτείᾳ,
867 752 1132 835 ἐπαγγελλόμενός
1162 774 1194 814 τε
1225 751 1279 814 καὶ
1309 750 1383 819 τοὺς

262 856 501 941 ἁμιλλητηρίους
523 857 638 925 ἵππους
661 857 695 929 ἐξ
713 854 879 937 Ἱσπανίας,
914 856 961 925 ὡς
984 855 1071 936 ἔθος,
1105 854 1159 917 καλ
1181 853 1254 923 τοὺς
1283 853 1381 915 ἐπιλέ-

173 969 197 1024 Β
218 971 252 1025 19
261 984 356 1030 κτους
378 957 498 1041 ἀνθρας
521 959 557 1021 ἐκ
580 964 644 1021 τῶν
662 956 693 1020 Γ
688 958 804 1021 σλλιῶν
824 958 955 1021 στέλλειν
970 958 1068 1038 αὐτῷ.
1114 952 1197 1020 ταῦτ’
1215 956 1409 1026 ἐπιστείλαςί)

261 1063 300 1126 οὗ
324 1062 452 1145 βασιλέα
475 1061 587 1125 ἑαυτὸν
610 1062 643 1123 ἐν
666 1067 703 1143 τῇ
726 1060 887 1143 ἐπιγραφῇ
909 1059 1167 1142 προσεγράψατο,
1201 1057 1278 1121 ἀλλά
1302 1056 1381 1120 Καί-

263 1187 355 1246 σαρα,
391 1165 440 1226 ίνα
467 1162 513 1247 μὴ
541 1170 579 1245 τῇ
608 1164 767 1246 ἐπιγραφῇ
796 1164 1014 1245 προσοχθίσας
1041 1162 1300 1231 ὁΚωνστάντιος
1327 1159 1383 1243 τὴν

217 1276 253 1332 20
262 1265 424 1348 ἐπιστολὴν
452 1265 685 1349 ἀποπέμψηται.
731 1266 845 1347 ταύτης
873 1273 919 1346 τῷ
946 1265 1068 1347 βασιλεῖ
1087 1263 1297 1345 Κωνοταντίῳ
1325 1287 1381 1326 κο-

261 1368 425 1451 μισθείσης
456 1368 535 1431 κατὰ
567 1368 623 1450 τὴν
655 1369 688 1431 ἐν
718 1367 935 1449 Καππαθοκίᾳ
963 1366 1155 1449 Καισάρειαν
1186 1367 1380 1449 διατρίβοντι,

216 1482 249 1537 21
262 1471 380 1541 ἐκεῖνος
403 1470 496 1534 ούὸὲν
518 1471 572 1533 ὑπ’
597 1472 694 1553 ὀργῆς
717 1470 914 1551 ἀπεκρίνατο.
959 1469 1036 1532 ἀλλὰ
1059 1469 1115 1552 τὴν
1137 1469 1196 1551 μὲν
1223 1470 1382 1552 στρατείαν
1396 1482 1430 1534 10

261 1572 341 1635 κατὰ
358 1571 496 1655 Περσῶν
511 1578 575 1643 τοῖς
590 1574 796 1654 στρατιώταις,
812 1572 955 1656 ἐκήρυξε,
977 1570 1059 1653 πρὸς
1082 1572 1118 1634 ἀὲ
1139 1571 1194 1634 τὸν
1212 1570 1382 1634 Ἰουλιανὸν

262 1676 397 1739 Λεωνᾶν
419 1674 473 1739 τὸν
494 1678 686 1757 κοιαίστωρα
710 1676 849 1757 ἔστειλεν,
885 1676 1053 1744 ἐπιστείλας
1079 1676 1168 1756 αὐτῷ
1195 1674 1249 1737 καὶ
1277 1674 1381 1736 αἰτιώ-

261 1800 357 1860 μενος
380 1778 425 1841 ὅτι
446 1778 492 1860 μὴ
517 1778 656 1861 ἀνέμεινε
678 1778 734 1860 τὴν
756 1779 887 1861 γνώμην
905 1779 1012 1851 αὐτοῦ,
1046 1777 1100 1840 καί
1124 1778 1167 1847 είς
1189 1777 1281 1860 ύβριν
1303 1777 1381 1839 ε’κεί-

262 1902 320 1943 νου
342 1879 463 1962 μᾶλλον
485 1880 613 1962 ἀνάγων
636 1884 655 1963 ἢ
680 1882 793 1944 ἑαυτοῦ
816 1882 852 1943 τὸ
874 1881 919 1963 μὴ
949 1881 1047 1964 κρίσει
1073 1886 1128 1943 τοῦ
1156 1879 1212 1961 τὴν
1238 1879 1382 1952 ἐξουσίαν

263 1983 398 2065 ἔχοντος,
422 1978 487 2044 ἀλλ’
512 1983 636 2065 ἀτάκτῳ
659 1984 797 2066 θορύβῳ
820 1988 1018 2065 στρατιωτῶν
1035 1983 1186 2055 δέξασθαι
1209 1980 1304 2044 αὐτὸν
1326 1981 1382 2063 τὴν
1395 1996 1427 2049 15

231 2089 318 2160 croti
341 2083 528 2167 Αὐγούστου
556 2085 675 2169 κλῆσιν,
710 2086 764 2148 καί
787 2085 1016 2169 συμβουλεύων
1039 2084 1235 2167 ἀποσχέσθαι
1257 2089 1312 2146 τοῦ
1335 2084 1381 2167 μὴ

263 2295 298 2351 15
316 2296 358 2350 οία
376 2296 454 2357 αὖθις
471 2297 585 2369 ἐμήνυσε
603 2306 642 2367 τῷ
657 2298 796 2367 Ἰουλιανῷ
815 2298 831 2352 δ
848 2297 1031 2356 Κωνστάντιος
1050 2296 1098 2352 ΟΕ

317 2507 396 2562 ἳκαί
416 2524 473 2563 om.
493 2507 569 2578 pr
703 2509 766 2563 3τε
784 2507 895 2579 Apr,
924 2524 952 2562 v.
972 2507 1046 2562 XIII
1065 2508 1107 2576 11,
1126 2508 1169 2561 20.
1190 2508 1232 2573 14,
1253 2507 1293 2560 10.
1313 2505 1383 2560 XIV

318 2579 359 2647 12,
379 2580 403 2648 9,
432 2579 462 2634 δὲ
484 2577 527 2634 Di
550 2595 723 2650 perperam,
752 2595 824 2634 nam
851 2581 928 2635 solet
955 2579 1090 2634 Zonaras
1117 2587 1151 2633 ut
1178 2578 1382 2647 Thucydides,

316 2650 463 2721 Polybius
490 2652 541 2706 alii
569 2652 719 2721 particula
746 2673 774 2706 τε
799 2653 958 2706 enuntiata
985 2653 1064 2705 inter
1092 2666 1124 2705 se
1153 2653 1350 2720 coniungere.

315 2722 334 2775 4
353 2724 470 2782 ι’σπανίας
483 2723 518 2791 A,
538 2724 656 2783 [σπανίας
675 2721 815 2794 stpDi,
835 2739 863 2777 v.
874 2722 947 2777 XIII
961 2723 1002 2791 l'I,
1012 2723 1037 2776 9.
1057 2722 1126 2776 XIV
1145 2723 1169 2789 I,
1181 2725 1205 2775 8.
1225 2721 1276 2774 XV
1298 2721 1382 2789 111,

313 2795 430 2919 ibib
448 2794 846 2921 illirllttlltlibml·
871 2795 945 2919 neb
962 2793 1382 2935 luititidllttlt

317 2934 442 3006 prDi,
471 2937 525 2992 sed
544 2953 572 2992 v.
592 2937 740 2991 Ammian.
759 2937 890 2992 Marcell.
909 2937 966 2991 XX
984 2939 1009 3004 8,
1029 2937 1071 2991 13.
1117 2935 1259 2992 Similiter
1278 2936 1383 2989 addita

316 3009 437 3064 suntin
456 3009 540 3063 libris
559 3009 780 3063 recentioribus
799 3007 872 3063 XIII
891 3010 933 3076 20,
952 3011 970 3064 3
992 3017 1038 3062 τοῦ
1060 3010 1134 3067 ἔτους
1152 3009 1254 3061 ἐκείνου
1270 3015 1322 3075 lv.
1342 3007 1382 3059 ad

317 3079 344 3134 h.
364 3078 393 3144 l.)
465 3079 536 3135 ταῦτ’
550 3079 660 3150 Apr,
684 3087 762 3134 ταῦτα
781 3079 854 3133 obl]
929 3081 958 3132 tl
979 3088 1033 3134 τῶν
1052 3089 1122 3134 ante
1140 3087 1247 3148 scuposis
1266 3078 1335 3132 add.
1349 3078 1382 3145 Ε,

318 3166 346 3206 v,
365 3150 439 3205 XIII
459 3152 537 3222 13,4
600 3152 634 3205 12
653 3154 805 3220 κοιαίοτορα
824 3151 909 3221 pr,
930 3167 1006 3206 corr.
1025 3151 1077 3210 Dw
1143 3153 1185 3205 13.
1206 3150 1380 3219 Ἀμολίου,

317 3222 419 3277 ἐκείνου
439 3223 463 3276 Ε
545 3223 579 3277 14
596 3223 703 3292 ἀνάγων
721 3224 737 3292 ἢ
756 3224 850 3277 ἑαυτοῦ
869 3231 915 3277 τοῦ
933 3223 968 3291 Α,
986 3223 1091 3293 ἀνάγων
1109 3224 1126 3292 ἢ
1145 3224 1239 3277 ἑαυτοῦ
1257 3222 1286 3275 τὸ
1304 3219 1381 3289 RDi,

317 3294 334 3364 ἢ
353 3294 448 3348 ἑαυτοῦ
466 3295 571 3364 ἀνάγων
590 3295 618 3348 τά
638 3294 714 3366 pr

219 3515 253 3570 17
264 3502 317 3559 sed
337 3505 394 3559 sub
413 3521 495 3575 rege,
515 3522 534 3559 a
553 3521 613 3576 quo
634 3511 757 3576 possent
770 3506 865 3576 digna
877 3505 1033 3561 laboribus
1046 3506 1144 3576 pretia
1157 3510 1274 3576 petere,
1294 3520 1383 3560 orare

220 3588 254 3642 13
264 3582 298 3631 ut
317 3578 470 3647 acciperet
494 3578 611 3647 imperii
631 3579 873 3632 communionem
892 3579 997 3631 utilem
1015 3580 1150 3631 sutrinam
1169 3579 1293 3644 civitati,
1321 3577 1383 3646 pol-

264 3647 347 3703 liceri
367 3663 399 3703 se
418 3653 448 3704 et
467 3651 605 3718 pernices
625 3665 720 3718 equos
740 3665 779 3703 ex
796 3649 952 3719 Hispania,
971 3655 1005 3702 ut
1024 3665 1097 3713 mos,
1120 3654 1151 3703 et
1170 3650 1281 3703 eleetos
1301 3651 1382 3702 viros

220 3730 303 3784 19ex
323 3720 427 3774 Galliis
447 3723 608 3775 missurum
628 3735 694 3776 esse
714 3723 750 3776 ei.
789 3721 905 3784 Quibus
924 3721 1030 3774 litteris
1049 3722 1168 3790 scriptis
1192 3735 1254 3774 non
1277 3734 1383 3788 regem

264 3807 297 3844 se
316 3793 346 3845 in
366 3791 452 3847 titulo
473 3795 654 3862 ascripserat
677 3793 730 3847 sed
751 3791 919 3859 Caesarem,
948 3805 988 3845 ne
1012 3793 1099 3846 titulo
1124 3793 1220 3845 iratus
1239 3790 1383 3845 Constan-

219 3873 255 3927 ρο
264 3863 324 3916 tius
342 3863 457 3917 litteras
477 3866 649 3919 remitteret.
687 3865 773 3928 Quae
797 3878 865 3917 cum
890 3863 1016 3933 epistola
1039 3864 1105 3932 regi
1125 3861 1301 3917 Constantio
1321 3862 1384 3916 lata

264 3941 343 3988 esset
362 3933 531 3989 Caesareae
554 3937 585 3988 in
609 3937 686 3990 urbe
706 3935 919 4004 Cappadociae
942 3934 1111 4004 degentem,
1140 3935 1190 3988 ille
1212 3933 1285 3987 nibil
1309 3949 1383 4003 prae

219 4016 250 4070 21
264 4006 310 4058 ira
336 4005 500 4074 respondit.
542 4005 603 4062 Sed
631 4006 827 4076 expeditione
850 4005 974 4060 Persica
1003 4005 1147 4059 militibus
1174 4007 1315 4059 nuntiata
1344 4004 1383 4059 ad

263 4075 415 4130 Iulianum
435 4075 568 4132 Leonam
589 4083 780 4147 quaestorem
800 4078 880 4131 misit
899 4091 967 4130 cum
987 4077 1093 4131 litteris
1112 4076 1151 4130 ad
1171 4091 1241 4130 eum
1256 4076 1335 4131 datis
1354 4082 1385 4130 et-

264 4163 420 4214 accusans,
441 4149 523 4218 quod
542 4164 602 4203 non
623 4152 830 4218 exspectasset
842 4150 1023 4203 sententiam
1042 4163 1129 4202 suam
1148 4163 1185 4201 ac
1204 4150 1323 4218 turpius
1342 4149 1384 4202 illi

264 4234 331 4274 esse
350 4220 501 4275 affirmans
520 4236 611 4291 quam
631 4221 696 4288 sibi,
725 4221 808 4291 quod
831 4236 894 4274 uon
918 4220 1043 4274 arbitrio
1067 4220 1133 4274 eius
1152 4221 1205 4289 qui
1223 4221 1384 4290 imperium

264 4291 390 4346 haberet
409 4291 463 4346 sed
483 4293 610 4348 confuso
631 4294 762 4348 tumultu
784 4293 910 4347 militum
935 4292 1103 4362 accepisset
1121 4290 1254 4362 Augusti
1272 4307 1384 4362 nomen

265 4369 294 4418 et
313 4362 454 4434 suadens,
477 4371 511 4420 ut
530 4366 696 4422 abstineret
715 4381 733 4420 a
752 4367 874 4420 nomine
894 4379 956 4418 uon
975 4363 1031 4418 rite
1051 4363 1123 4418 dato
1143 4369 1173 4420 et
1191 4363 1232 4419 ad
1251 4365 1385 4436 priorem
