3050 4775
248 341 298 397 104
533 343 669 400 ZONAR.
690 343 788 398 EPIT.
808 345 879 400 Xlll
900 345 942 412 22,
961 343 1075 401 30-46.

243 524 289 608 μὴ
314 525 504 608 δυνηθέντος
526 527 686 590 συνελθεῖν
709 523 748 590 δι’
773 527 947 608 ἀσθένειαν,
970 527 1007 590 τά
1028 533 1083 590 τοῦ
1099 526 1274 606 Νεστορίου
1290 547 1364 588 και-

200 629 462 711 31εξητάσθησαν
492 629 633 712 δόγματα
660 629 714 692 καί
742 630 969 712 ἀπεβλήθησαν
996 631 1042 700 ὡς
1074 629 1251 703 κακόδοξα·
1285 631 1304 710 ἡ
1331 627 1365 690 δὲ

246 732 317 812 ἁγία
346 732 509 812 παρθένος
534 732 688 803 θεοτόκος
715 733 887 815 ἀπεδείχθη
915 733 969 796 καί
992 733 1177 816 φρονεῖσθαι
1205 731 1258 796 καί
1280 731 1364 812 λέγε-

95 834 330 906 villadudone,
354 835 408 897 καὶ
430 834 449 897 6
472 835 506 907 ἐξ
528 836 626 918 αὐτῆς
648 836 830 916 σαρκωθεὶς
853 835 1020 916 ἀνάνδρως
1043 835 1111 906 υἱὸς
1132 841 1188 900 τοῦ
1212 835 1291 898 θεοῦ
1312 832 1366 896 καὶ

201 942 236 996 32
246 935 322 1006 θεδς
344 936 432 1017 παρὰ
454 941 519 1000 τῶν
541 939 636 1020 ἱερῶν
659 938 787 1001 ἐκείνων
802 940 948 1020 πατέρων
963 939 1148 1021 κεκήρυκτο.
1194 935 1275 1019 πρὸς
1290 958 1363 1017 τρα-
1376 945 1402 1000 D
1414 946 1511 1000 111231

246 1040 376 1120 νοτέραν
400 1039 434 1103 δὲ
456 1047 511 1122 τῆς
532 1040 666 1110 πίστεως
688 1040 859 1123 ὁμολογίαν
881 1041 935 1105 καί
957 1050 1011 1125 τῆς
1034 1043 1214 1125 δυσσεβείας
1228 1045 1284 1104 τοῦ
1299 1038 1364 1102 Νε-

247 1141 372 1222 στορίου
400 1143 592 1224 σαφέστερον
618 1143 744 1226 ἔλεγχον
767 1144 820 1206 καὶ
844 1145 971 1208 δώδεκα
995 1146 1147 1219 συντάξας
1169 1143 1324 1226 κεφάλαια
1347 1141 1366 1204 6

246 1245 414 1325 ἱερώτατος
428 1243 584 1326 Κύριλλος
603 1251 658 1327 τῆς
680 1246 783 1328 ὀρθῆς
806 1247 902 1329 δόξης
924 1248 1135 1330 ὑπομνήματα
1157 1253 1195 1329 τῇ
1219 1245 1366 1328 ἐκκλησίᾳ

202 1355 237 1408 33
246 1346 443 1426 παρέδωκεν.
490 1347 508 1411 6
525 1347 559 1410 δὲ
575 1346 747 1430 Νεστόρισς
769 1349 935 1432 ἀπεβλήθη
959 1349 1012 1412 καί
1032 1355 1088 1412 τοῦ
1103 1354 1167 1412 τῶν
1183 1347 1268 1430 ὀρθά
1284 1370 1364 1430 φρο-

203 1449 388 1513 34νοάνιων
402 1450 575 1532 ἀρχιερέων
590 1451 766 1534 άπεκινὴθη
788 1459 898 1534 χοροῦ.
943 1450 1021 1534 μετὰ
1043 1453 1146 1534 τρίτην
1169 1451 1204 1516 δὲ
1222 1459 1278 1534 τῆς
1293 1474 1365 1514 συν-
1380 1460 1414 1513 10

247 1551 326 1615 όδου
354 1553 476 1634 ἡμέραν
505 1554 679 1635 ἐφίστανται
706 1561 745 1637 τῇ
769 1554 893 1637 Ἐφέσῳ
920 1555 992 1618 ὅτε
1017 1553 1197 1636 Ἀντιοχείας
1221 1553 1367 1634 Ἰωάννης

247 1654 301 1717 καί
324 1655 343 1718 6
365 1657 478 1737 Κύρου
508 1656 678 1726 ἐπίσκοπος
705 1655 914 1740 Θεοδώρητος
944 1657 997 1720 καί
1019 1657 1038 1720 6
1062 1656 1189 1739 Ἐδέσης
1205 1655 1292 1739 Ἴβας
1313 1655 1367 1719 καὶ

203 1759 345 1839 sodoma
367 1759 429 1834 καί,
458 1759 503 1822 ὅτι
525 1759 570 1841 μὴ
594 1759 726 1842 κοίτην
749 1761 855 1824 αὐτῶν
876 1761 1053 1842 παρουσίαν
1075 1760 1239 1842 ἀνέμειναν
1262 1760 1293 1822 οἱ
1314 1765 1368 1841 τῆς

247 1860 393 1933 συνόδου,
428 1861 624 1943 ὀργισθέντες
656 1860 737 1924 κατὰ
771 1867 827 1926 τοῦ
860 1863 999 1945 μεγάλου
1031 1863 1189 1944 Κυρίλλου
1224 1861 1271 1933 ὡς
1304 1867 1368 1926 τῶν

203 1970 237 2023 36
248 1963 352 2026 ἄλλων
375 1963 571 2046 ἐξάρχοντος,
594 1965 651 2047 τήν
672 1988 704 2027 τε
726 1971 781 2028 τοῦ
801 1964 976 2047 Νεστορίου
999 1967 1183 2046 καθαίρεσιν
1204 1965 1368 2048 ᾐτιάσαντο
1379 1973 1413 2027 15

213 2065 302 2128 Βκαὶ
324 2067 434 2148 ἐκείνῳ
456 2066 586 2148 θέμενοι
607 2072 663 2130 τοῦ
685 2090 717 2130 τε
739 2067 829 2131 θείου
853 2067 1011 2149 Κυρίλλου
1039 2067 1092 2130 καί
1116 2066 1286 2149 Μέμνονος
1312 2073 1368 2130 τοῦ

203 2167 382 2250 37Ἐφέσσυ
409 2169 594 2250 καθαίρεσιν
621 2170 825 2252 ἐψηφίσαντο.
871 2170 890 2233 6
917 2168 1127 2253 Θεοδώρητος
1155 2169 1189 2233 δὲ
1212 2167 1368 2232 καὶκατὰ

253 2375 287 2430 10
303 2375 364 2445 περὶ
382 2382 435 2431 τῶν
453 2376 671 2447 ἀπολειφθέντων
687 2385 733 2448 τῆς
751 2379 863 2434 συνόδου
882 2379 1029 2449 ἀρχιερέων
1047 2378 1092 2433 καί
1111 2379 1159 2433 ὅσα
1176 2377 1303 2447 έπσίησαν
1323 2375 1344 2434 C

306 2572 321 2627 1
340 2572 486 2643 συνελθεῖν]
506 2573 536 2628 δὲ
553 2574 640 2629 ἐλθεῖν
659 2572 681 2629 C
762 2576 993 2645 συνεξητάσδησαν
1011 2575 1035 2629 Β
1112 2574 1323 2644 51ερέων(εἰε)
1344 2574 1370 2628 A

340 2645 450 2699 ἐκείνων
470 2662 526 2700 om.
546 2644 574 2698 D
655 2648 821 2715 τρανωτέραν
841 2648 864 2701 Ε
946 2648 979 2701 ll
998 2648 1132 2716 ἐφίσταται
1151 2646 1179 2700 D
1257 2646 1291 2700 12
1310 2648 1370 2701 θεο-

305 2716 417 2783 δώριτος
436 2731 475 2771 ex
493 2717 662 2786 θεσδώρητος
682 2724 778 2772 mutat
798 2718 832 2779 Α,
851 2719 1011 2786 θεσδώριτος
1031 2718 1063 2786 R,
1083 2723 1147 2773 tum
1167 2718 1250 2781 (XIII
1269 2718 1312 2786 22,
1326 2718 1369 2772 37.

305 2787 348 2841 38.
367 2788 411 2842 42.
429 2788 474 2857 24,
493 2788 539 2854 25)
559 2803 663 2843 omnes
682 2790 750 2843 libri
770 2791 945 2858 θεοδώριτσς;
964 2790 1133 2859 θεοδώρητος
1147 2790 1305 2845 revocavit
1319 2792 1370 2843 Wo

341 2859 433 2928 έδέσης
446 2858 556 2929 Apr,
573 2860 699 2928 Ἐδέσσης
712 2858 755 2913 Di
828 2862 871 2915 13.
891 2862 924 2914 14
943 2863 970 2914 ol
986 2870 1031 2930 τῆς
1050 2862 1162 2917 συνόδου
1182 2866 1253 2915 ante
1271 2860 1370 2928 ἀνέμει-

304 2951 352 2984 ναν
366 2929 438 2999 pr
515 2930 547 2985 16
567 2932 646 2985 inter
663 2931 758 2995 ἐκείνῳ
778 2936 808 2986 et
826 2933 932 2999 θέμενοι
948 2934 1034 3002 ponit
1046 2935 1223 2987 asteriscum
1240 2934 1297 2998 We,
1317 2932 1371 2987 sed

306 3006 352 3055 est
370 3002 495 3055 cidamini
510 3023 558 3055 τινι
571 3004 686 3070 favere,
706 3003 863 3073 astipulari
883 3004 948 3069 alei,
968 3020 996 3056 v.
1011 3003 1084 3057 XlIl
1103 3005 1128 3071 6,
1149 3006 1172 3057 1.
1192 3004 1246 3057 XV
1264 3004 1307 3069 22,
1328 3003 1369 3057 15.

305 3072 349 3139 29,
369 3073 412 3128 23.
430 3073 500 3128 XVI
519 3073 544 3142 9,
564 3075 612 3142 32,
634 3076 671 3127 of.
691 3074 792 3144 Steph.
812 3076 885 3129 thes.
905 3074 960 3129 VII
979 3092 1007 3145 p.
1027 3075 1130 3130 21750
1148 3075 1225 3130 med.
1246 3080 1276 3129 et
1289 3074 1370 3144 Wyt-

305 3145 457 3269 tenbchhii
476 3145 537 3199 ind.
556 3147 682 3216 graecit.
702 3146 854 3201 Plutarch.
874 3146 931 3201 vol.
951 3145 979 3199 II
999 3163 1026 3216 p.
1048 3146 1149 3201 1538s.
1273 3147 1306 3200 17
1325 3147 1371 3201 καὶ

306 3232 362 3270 om.

206 3410 239 3463 31
253 3412 398 3481 dogmata
410 3418 441 3467 et
453 3413 567 3467 reiecta
579 3420 613 3467 ut
626 3429 779 3484 perversa.
817 3414 868 3468 Est
882 3419 984 3468 autem
998 3415 1202 3483 constitutum,
1218 3420 1252 3469 ut
1266 3422 1371 3470 sancta

253 3484 341 3554 virgo
355 3490 385 3537 et
397 3483 561 3538 haberetur
574 3492 605 3539 et
618 3486 770 3540 diceretur
790 3485 839 3540 dei
862 3502 916 3539 ara
935 3491 965 3540 et
984 3487 1009 3540 is
1029 3487 1080 3554 qui
1100 3502 1138 3541 ex
1159 3502 1196 3541 ee
1217 3502 1309 3541 carne
1328 3487 1370 3541 in-

253 3555 345 3609 dutus
364 3560 410 3609 est
427 3555 509 3610 nullo
529 3557 604 3622 viro,
623 3556 702 3609 iilius
721 3556 770 3611 dei
790 3562 820 3611 et
837 3502 913 3611 ἀεαε
933 3574 951 3611 a
971 3558 1082 3612 sanctis
1101 3558 1158 3611 illis
1174 3559 1312 3627 patribus
1326 3562 1370 3612 est

207 3624 242 3676 32
252 3628 475 3696 pronuntiatus.
518 3625 578 3681 Sed
603 3628 643 3680 ad
669 3628 835 3697 planiorem
861 3629 930 3683 fidei
954 3629 1174 3683 confessionem
1197 3634 1227 3683 et
1249 3629 1370 3684 eviden-

252 3699 359 3751 tiorem
372 3697 501 3753 Nestorii
517 3699 679 3767 impietatis
698 3700 911 3754 refutationem
931 3700 1136 3755 sanctissimus
1150 3699 1279 3769 Cyrillus
1298 3701 1371 3756 duo·

252 3768 348 3822 decim
369 3769 538 3838 composuit
557 3772 657 3838 capite
681 3772 755 3823 recti
780 3770 931 3840 dogmatis
953 3777 1149 3826 monumenta
1173 3779 1203 3826 et
1226 3772 1372 3827 eeclesiae

206 3838 384 3893 33tradidit.
421 3838 482 3894 Sed
503 3840 661 3895 Nestorius
684 3843 814 3896 reiectus
838 3848 867 3896 et
897 3858 936 3896 ex
967 3847 1057 3898 coetu
1084 3843 1260 3911 pontificum
1289 3848 1371 3898 recte

206 3909 444 3966 discutiendum
469 3918 587 3965 amotus
612 3918 665 3967 est.
702 3912 762 3967 Sed
787 3918 855 3982 post
878 3914 997 3969 tertiam
1019 3914 1138 3968 concilii
1157 3914 1236 3968 diem
1256 3914 1370 3969 adeunt

253 3982 402 4051 Ephesum
423 3983 553 4037 loannes
571 3982 778 4039 Antioclrenus
798 3991 827 4039 et
847 3984 1063 4051 Theodoretus‚
1093 3982 1234 4053 Cyrensis
1257 3987 1370 4055 episco-

206 4052 242 4105 35
252 4070 318 4124 pus,
343 4061 373 4109 et
393 4053 462 4108 ibas
482 4054 638 4109 Edesenus
657 4055 707 4109 elii
726 4056 857 4124 iratique
876 4072 988 4125 magno
1008 4056 1129 4125 cyrillo,
1148 4061 1182 4110 ut
1201 4062 1370 4111 ceterorum

253 4126 389 4195 principi,
419 4126 501 4194 quod
524 4127 545 4179 ii
569 4128 622 4194 qui
644 4126 772 4181 aderant
795 4128 825 4181 in
846 4128 972 4181 concilio
992 4143 1098 4182 eorum
1117 4143 1240 4197 quoque
1259 4129 1371 4183 adven·

207 4196 316 4251 sotum
335 4213 395 4252 non
415 4203 638 4267 exspectarunt,
665 4197 837 4252 Nestorium
861 4203 1008 4253 remotum
1030 4200 1250 4254 incusaverunt
1268 4200 1371 4269 illique

252 4268 407 4337 astipulati
427 4268 562 4322 divinum
577 4268 721 4336 cyrillum
740 4273 771 4323 et
783 4268 971 4325 Memnonem
988 4270 1150 4341 Ephesium
1168 4272 1371 4325 removendos

207 4339 320 4394 diesse
349 4339 558 4394 decreverunt.
596 4340 807 4395 Theodoretus
833 4343 924 4395 etiam
949 4348 979 4397 et
1005 4346 1111 4397 contra
1135 4341 1295 4397 duodecim
1320 4342 1371 4397 illa
