3050 4775
273 449 326 511 894
584 451 721 511 ZONAR.
741 451 838 508 EPIT.
858 449 928 508 XVI
945 451 970 520 3,
989 450 1087 508 3-15.

273 635 341 720 τρία
363 634 447 721 μόνα
472 637 656 723 κεντηνάρια
683 637 830 724 εὑρηκὼς
858 637 895 703 ἐκ
921 643 976 722 τῆς
1003 634 1268 719 ἀπηριθμημένης
1293 632 1391 698 ποσό-

272 764 371 824 τητος.

246 845 264 904 4
365 843 428 926 Τὴν
451 845 564 910 ἑαυτοῦ
588 845 623 910 ἀὲ
644 847 764 930 μητέρα
788 845 808 910 ὅ
830 842 960 928 Μιχαὴλ
981 849 1046 909 τῶν
1068 845 1234 928 βασιλείων
1261 844 1390 926 ὑποχω-

273 947 415 1028 ρήσσοαν
431 947 491 1012 οὐκ
507 949 608 1012 εἴασεν
623 949 758 1032 ἠρεμεῖν,
782 945 848 1012 ἀλλ’
864 948 1045 1031 ὑποθήκαις
1059 953 1116 1012 τοῦ
1131 947 1246 1030 Βάρθα
1261 949 1393 1029 πέμψας

273 1049 432 1132 ἀποκείρει
463 1051 517 1114 καί
548 1049 646 1133 αὐτὴν
676 1050 730 1115 καί
761 1050 817 1122 τὰς
844 1050 985 1134 ἀδελφὰς
1013 1051 1068 1115 καί
1095 1052 1130 1116 ἐν
1156 1058 1203 1134 τῷ
1225 1053 1306 1133 οὔιῳ
1328 1048 1419 1114 τῶν5

247 1149 437 1234 ὂΚαριανοῦ
466 1154 632 1237 περιορίζει
661 1154 715 1218 καί
747 1155 807 1220 ὅσα
838 1161 962 1239 προσῆν
993 1154 1178 1237 ἀφαιρεῖται.
1224 1153 1344 1225 τοθιοις
1371 1153 1391 1236 η

277 1252 433 1336 θεοδώρα
456 1255 605 1339 πληγεῖσα
627 1256 684 1340 τὴν
705 1257 814 1341 ψυχὴν
835 1263 1016 1341 μεταχωρεῖ
1029 1257 1112 1339 πρὸς
1125 1257 1181 1329 τὰς
1196 1258 1317 1322 ἐκεῖθεν
1331 1279 1392 1339 μο-

247 1356 340 1437 6νάς,
373 1357 477 1440 ὀλίγον
507 1367 544 1443 τῇ
572 1368 725 1444 συμφορᾷ
753 1361 936 1444 ἔπιζήοασα.
981 1362 1015 1424 αἱ
1042 1359 1077 1424 ti
1104 1361 1275 1442 θυγατέρες
1297 1360 1393 1443 αάτῆς

273 1458 405 1524 καὶτοῦ
428 1461 582 1544 βασιλέως
608 1463 780 1546 ὁμαίμονες
806 1463 938 1546 ἤντλουν
962 1463 1000 1526 τὰ
1027 1464 1135 1534 αὐτοῖς
1166 1463 1392 1546 ἀπενηνεγμένα

274 1563 369 1645 κακά,
394 1566 431 1636 ἃς
455 1563 654 1630 ὁΜακεδὼν
675 1565 753 1649 μετὰ
776 1571 871 1629 ταῦτα
889 1564 1051 1637 Βασίλειος
1072 1572 1127 1650 τῆς
1149 1565 1305 1648 tuemur
1326 1565 1392 1629 ἀτι-
1404 1570 1440 1624 10

240 1666 449 1750 Βλαβόμενος
477 1667 559 1750 πρὸς
585 1668 641 1752 τὴν
668 1677 722 1753 τῆς
748 1667 829 1750 πρὸς
852 1669 973 1751 μητρὸς
994 1669 1103 1741 αὐτοῖς
1123 1669 1258 1752 μάμμης
1280 1667 1392 1751 μονήν,

248 1771 293 1851 iij
318 1767 351 1832 Γ
346 1772 454 1852 αοτρία
481 1772 626 1852 καλεῖται,
659 1773 811 1856 ἀπήγαγε.
857 1779 912 1855 τῆς
939 1772 974 1837 ἀὲ
1002 1777 1057 1836 τοῦ
1084 1771 1238 1856 βασιλέως
1263 1771 1392 1855 μητρός,

274 1872 321 1943 ὡς
349 1874 473 1956 εἴρηται,
505 1880 569 1939 τῶν
601 1875 788 1958 ἀνακτόρων
816 1877 977 1959 ἐνστάσης,
1009 1878 1138 1959 ηπᾶσα
1161 1882 1217 1959 τῆς
1238 1874 1394 1959 βασιλείας

275 1975 424 2058 ὁιοίκηοις
453 1976 515 2041 ὑπὸ
544 1978 597 2042 τὸν
627 1977 761 2060 Βάράαν
792 1979 920 2061 ἐγένετο,
951 1979 1120 2062 τιμηθέντα
1152 1977 1394 2060 κουροπαλάτην

273 2076 355 2159 πρὸς
377 2083 432 2142 τοῦ
456 2079 597 2162 ἀνεψιοῦ.
1404 2084 1440 2140 15

248 2186 265 2241 8
363 2178 442 2245 Εἶτα
474 2182 666 2266 ἐκοτρατεύει
694 2183 714 2248 ὅ
742 2182 873 2269 Μιχαὴλ
904 2183 983 2248 κατὰ
1015 2189 1079 2248 τῶν
1101 2183 1294 2267 Ἀγαρηνῶν,
1326 2183 1395 2264 ἄρτι

275 2422 310 2477 13
328 2422 365 2477 ὅτι
384 2425 401 2495 ἡ
420 2432 465 2500 τῆς
483 2426 616 2495 βασιλείας
636 2425 765 2493 διοίκησις
785 2432 822 2493 το)
841 2425 935 2494 Βάράα
953 2424 1063 2494 ἀνετέθη
1084 2422 1132 2479 OE
1238 2422 1273 2478 16
1290 2424 1329 2478 ὅτι
1348 2422 1393 2478 ἀκ-

274 2497 429 2561 στρατιύσας
448 2498 464 2550 ὅ
481 2496 592 2567 Μιχαὴλ
615 2496 661 2551 καί
684 2497 840 2564 πολιορκῶν
861 2496 893 2551 τὰ
910 2497 1062 2565 Σαμόσατα,
1089 2502 1183 2556 κακῶς
1207 2495 1342 2565 (πολεμῶν
1363 2494 1395 2550 τὰ

275 2566 408 2633 σαμόοατα
426 2574 529 2637 κακῶς,
549 2566 584 2637 Ε)
603 2568 707 2623 ἐκεῖθεν
724 2568 874 2638 ἀπήλλαξεν
892 2565 940 2624 ΟΕ

328 2792 346 2846 3
363 2790 462 2861 μιχοὴλ
480 2790 541 2858 ΑΟ,
560 2790 681 2863 βασιλεὺς
701 2792 774 2862 Ewp
863 2792 1003 2860 βασιλειῶν
1022 2792 1087 2856 (sic)
1106 2789 1133 2845 Α
1223 2790 1240 2845 5
1259 2790 1304 2845 καί
1323 2796 1394 2845 ante

328 2862 410 2933 αὐτὴν
429 2879 485 2917 oin.
504 2861 529 2916 B
601 2863 658 2918 5.6
676 2870 729 2917 τῶν
748 2865 806 2926 (τοῦ
825 2861 1005 2933 EwapDi)
1024 2868 1153 2930 καριανοῦ
1170 2864 1312 2932 περιορίζει
1333 2860 1393 2929 AR,

327 2938 471 3003 περιορίζει
489 2933 571 3004 αὐτὴν
587 2943 640 2989 τῶν
658 2943 787 3003 καριονσῦ
806 2934 838 3002 Β,
859 2951 886 2987 V.
906 2932 993 2990 Cedr.
1013 2933 1155 3002 (Scyllia.)
1175 2933 1203 2989 II
1223 2950 1251 3004 p.
1272 2935 1331 3001 161,
1352 2935 1365 2987 l

328 3008 345 3060 6
365 3014 435 3061 unte
448 3007 540 3075 ἀφαιρ.
554 3006 622 3061 add.
636 3006 725 3066 αὐτοῖς
739 3006 812 3076 pr
879 3006 895 3059 ’ί
914 3006 999 3059 ἐκεῖσε
1013 3004 1138 3075 Ewap
1202 3006 1220 3060 9
1239 3005 1395 3075 ηΙῆνιλουν

330 3079 394 3143 (siti)
414 3077 448 3146 Α,
468 3080 563 3148 ἥτλονν
583 3077 618 3143 Ι),
639 3094 713 3133 corr.
735 3077 786 3134 Dw
858 3076 1095 3147 ἕπηνενηγμέναΕ
1171 3079 1202 3131 ll
1222 3075 1307 3146 μονὴν
1326 3083 1394 3146 post

329 3150 375 3220 τὴν
395 3150 419 3205 O
539 3150 574 3205 13
592 3148 703 3219 εἴρηται]
722 3149 792 3204 XVI
810 3149 835 3217 2,
854 3149 937 3203 33⁸⁸.
1056 3150 1090 3202 14
1108 3149 1237 3217 διοίκησις
1257 3164 1314 3202 om.
1333 3147 1394 3216 ei),

329 3239 427 3310 suppl.
445 3238 497 3298 Dw
572 3238 605 3294 16
623 3226 791 3307 ε’κστρατιιμῖιι
809 3237 876 3293 κατὰ
894 3238 1035 3307 ἀγαρηνῶν
1048 3236 1084 3306 D,
1104 3252 1181 3292 corr.
1191 3243 1222 3293 et
1234 3237 1331 3308 suppl.
1341 3236 1394 3296 Da·

276 3462 355 3517 illius
374 3462 528 3517 interitum
547 3477 644 3532 regno
664 3463 778 3532 potitus
790 3460 919 3516 Basilius
932 3461 1055 3531 recepit,
1075 3460 1172 3515 tribus
1191 3465 1307 3515 tantum
1327 3475 1394 3514 een-

277 3535 400 3589 tenariis
420 3533 562 3588 detenta
582 3548 699 3588 summa
717 3534 853 3603 repertis.

249 3601 267 3655 4
366 3604 491 3658 lintrem
513 3620 585 3659 vero
605 3620 691 3659 suam
714 3604 842 3658 Michael
861 3605 948 3670 regia
967 3603 1136 3673 digressam
1157 3604 1314 3672 quiescere
1334 3618 1394 3657 non

278 3692 384 3745 pessus
404 3684 456 3742 est,
477 3676 528 3729 sed
544 3676 663 3731 Bardae
681 3677 827 3730 instinctu
846 3682 875 3729 et
894 3677 990 3745 ipsam
1009 3681 1040 3730 et
1058 3690 1178 3729 sorores
1198 3673 1313 3743 capillis
1331 3680 1394 3727 ton·

277 3749 366 3802 eisin
386 3747 514 3801 aedibus
533 3746 654 3803 Cariani
674 3747 809 3812 includit,
838 3747 986 3816 ademptis
1006 3746 1154 3811 ominibus,
1183 3760 1263 3814 quae
1282 3745 1394 3799 habue-

250 3815 354 3873 brant.
391 3819 561 3885 Theodora,
590 3819 635 3873 his
661 3819 752 3872 rebus
772 3820 873 3871 auimo
893 3818 1038 3879 sauciato,
1067 3818 1097 3869 in
1118 3818 1197 3871 illius
1215 3816 1273 3870 loci
1292 3832 1394 3870 mona·

277 3891 401 3945 sterium
422 3890 600 3959 commigrat
619 3905 719 3958 neque
739 3890 791 3944 diu
811 3895 915 3944 tantae
934 3890 1097 3943 calamitati
1116 3892 1269 3957 superstes
1281 3894 1392 3942 manet

250 3960 349 4015 6Eius
369 3978 442 4015 vero
463 3962 550 4028 filiae,
580 3962 661 4029 regis
691 3978 819 4020 sorores.
839 3960 926 4026 niala,
954 3962 984 4013 in
1014 3975 1094 4029 quae
1122 3960 1278 4013 coniectae
1297 3966 1392 4024 eraut,

277 4033 455 4099 tolerabant,
476 4032 573 4086 donee
592 4048 644 4087 aas
658 4031 787 4086 Basilius
800 4031 925 4085 Macedo
945 4047 1045 4085 rerum
1062 4032 1176 4100 potitus
1195 4032 1225 4083 in
1245 4037 1392 4084 monaste-

277 4104 354 4157 rium
375 4105 464 4157 aviae
483 4109 647 4170 maternae,
677 4105 758 4172 quoti
779 4102 968 4157 Gnstrioium
988 4118 1098 4156 nomen
1127 4102 1227 4165 habet,
1257 4100 1392 4155 dedimit.

250 4173 414 4245 TReginae
433 4190 506 4229 vero
527 4182 622 4229 matre
642 4192 658 4228 e
680 4176 767 4244 regia
786 4179 896 4237 amota,
925 4178 960 4227 ut
979 4173 1092 4227 dietum
1111 4178 1165 4239 est,
1193 4174 1285 4227 totins
1304 4173 1393 4241 regni

277 4246 496 4371 {dmilnistratio
516 4246 555 4300 ad
576 4246 705 4300 Bardarn
729 4246 820 4312 venit,
847 4246 895 4298 cui
917 4260 1012 4315 nepos
1031 4244 1229 4315 europalates
1248 4244 1393 4298 honorem

298 4320 392 4373 eluit.

250 4390 267 4444 8
364 4390 437 4445 Post
465 4390 540 4444 haee
568 4389 694 4443 lliehaill
727 4389 825 4457 prima
857 4392 1067 4442 sneerescente
1101 4387 1247 4456 lanugine
1282 4386 1393 4440 bellum

277 4460 428 4534 Agerenis
447 4462 539 4519 insert
558 4476 725 4535 eorumque
744 4460 851 4517 urbem
866 4458 1025 4517 Samosata
1044 4458 1084 4514 ad
1102 4459 1286 4531 Euphratem
1306 4459 1394 4513 sitam
