3050 4775
266 402 386 463 LEONI
403 406 480 463 PER
498 408 742 465 Tflsououvu
760 409 923 467 REGNVM
941 410 1202 469 PRAEDICTVM.
1244 414 1296 473 327

177 585 305 669 γόναιαν
335 591 461 674 εἰρήκει,
495 592 661 675 φωράσας,
695 592 759 675 ίόίρ
793 593 846 657 τόν
880 594 981 676 ἄνδρα
1013 595 1210 679 παραλαβὼν
1242 596 1296 661 καλ

174 690 289 762 πόττεις
304 693 459 765 όεόωκιός
473 718 505 758 τε
519 695 573 759 καλ
593 696 742 778 εἰληφώς,
765 697 940 779 προμηνόει
955 697 1011 779 τὴν
1025 698 1182 779 βασιλείαν
1197 698 1294 781 αὐτῷ,

176 794 224 865 ὡς
245 795 280 869 ἐξ
302 794 463 869 ἐπιπνοίας
483 798 645 880 θειοτέρας
668 799 766 881 αὐτὴν
787 799 931 882 μυηθείς,
963 799 1017 863 καὶ
1045 802 1109 883 ᾔτει
1138 801 1216 883 μετὰ
1239 801 1328 884 abac

175 898 304 981 ἔκβασιν
325 900 487 964 κείσεσθσί
506 902 537 963 οἱ
557 899 676 983 μισθὸν
697 908 752 984 τῆς
769 902 989 985 προρρήσεως.
1037 899 1129 973 οὗτος
1144 904 1163 967 ό
1177 904 1294 986 τρόπος
1305 912 1340 965 10

147 1000 324 1083 δίγνώριοε
346 1002 400 1065 καί
421 1002 564 1084 ᾠκείωσε
585 1010 632 1085 τῷ
654 1003 766 1067 Λέοντι
788 1003 842 1067 τὸν
869 1002 1037 1087 Θεόδοτον,
1063 1006 1117 1069 καὶ
1140 1008 1229 1089 ἔσχεν
1252 1008 1295 1079 εἰς

174 1103 358 1187 ἀντόμειψιν
388 1110 443 1187 τῆς
473 1106 684 1189 προρρήσεως
714 1105 793 1188 μετὰ
824 1105 878 1170 τόν
910 1107 995 1189 ἱερὸν
1023 1107 1214 1191 Νικηφόρον
1242 1108 1295 1172 τόν

172 1205 294 1287 θρόνον
315 1214 370 1290 τῆς
393 1206 766 1278 Κωνοταντινουπόλεως.
813 1206 842 1273 ὦ
865 1210 945 1273 θεοῦ
970 1210 1133 1292 κριμότων
1156 1211 1295 1293 ἄβυσσος

172 1309 402 1393 ἀκατάληπτος·
424 1310 502 1392 μετὰ
524 1311 591 1374 τίνα
613 1312 675 1387 τίς,·

255 1412 340 1496 Ἄρτι
368 1409 396 1475 θ’
421 1414 558 1487 ἀναξίως
584 1420 643 1508 τῆς
675 1415 760 1496 ἱερᾶς
792 1415 956 1497 καθέδρας
983 1414 1093 1499 ἐπιβὰς
1118 1416 1136 1479 ό
1159 1416 1293 1489 ἀνόσιος,
1305 1422 1334 1475 11

130 1520 164 1573 10
173 1514 239 1578 ἐπεὶ
261 1516 425 1598 σύμπνουν
447 1516 501 1579 καὶ
523 1515 577 1580 τόν
594 1522 770 1598 κρατοῦντα
791 1518 947 1601 ἐκέκτητο,
970 1520 1295 1601 πεπαρρησιασμλνως

171 1616 229 1699 τήν
260 1618 341 1681 κατὰ
371 1623 437 1682 τῶν
468 1619 568 1701 όγίων
600 1619 733 1683 εἰκόνων
765 1620 883 1702 τόλμαν
913 1621 1142 1704 μετεχειρίζετο.
1193 1622 1246 1685 καὶ
1275 1622 1338 1685 612

172 1719 268 1785 Λέων
291 1720 326 1785 δὲ
349 1721 396 1792 ὡς
417 1721 533 1804 θηρίον
554 1727 619 1791 τοῖς
641 1721 696 1792 τὰς
718 1722 832 1793 σεπτός
854 1723 1085 1805 στηλογραφίας
1106 1729 1197 1806 τιμᾶν
1221 1725 1292 1787 ἐθέ-

171 1822 259 1887 λουσι
280 1824 501 1907 προσεφέρετο.
547 1824 685 1907 ήγρίαινε
708 1823 769 1907 γὰρ
791 1831 901 1889 τοῦτον
924 1826 1018 1897 αὐτός
1040 1850 1072 1889 τε
1095 1826 1113 1889 ό
1136 1823 1293 1896 Θεόδοτος
1303 1834 1338 1888 13

170 1924 226 1989 καλ
248 1925 267 1990 ό
288 1930 353 1989 τῶν
374 1933 421 2008 τῷ
443 1926 598 2010 βασιλικῷ
619 1931 746 1990 κοιτῶνι
768 1928 1024 2010 κεκληρωμένων
1051 1934 1217 2011 τηνικαῦτα
1245 1930 1330 1992 bul>

127 2028 372 2111 15χορολέκτης,
404 2031 442 2093 ὃν
472 2029 707 2112 πρωτοψόλτην
738 2029 844 2093 καλεῖν
874 2031 1051 2113 παρέλαβεν
1082 2032 1102 2114 ή
1132 2030 1291 2113 συνήθεια.

170 2128 264 2202 οὗτος
286 2131 346 2215 γὰρ
368 2138 423 2216 τής
450 2136 516 2195 τῶν
542 2133 762 2214 εῐιιονομόχων
791 2133 942 2214 αἱρέσεως
969 2133 1025 2216 τήν
1050 2132 1189 2215 θαλερὰν
1215 2133 1291 2195 ἀνα·
1302 2140 1337 2195 14

6 2234 290 2319 Β111385τροπήν
320 2236 365 2307 εἰς
391 2235 491 2318 κόρον
518 2234 602 2299 πιὼν
629 2236 757 2319 ἠρέθιζε
785 2235 839 2300 τόν
865 2235 993 2319 βασιλέα
1015 2236 1215 2319 πανταχόθεν
1236 2234 1292 2305 τὰς

170 2466 205 2521 13
222 2466 283 2534 περὶ
301 2473 347 2520 τοῦ
364 2466 560 2535 πρωτοψόλτου
578 2466 625 2520 κατ’
643 2468 717 2527 ὅπως
735 2467 845 2536 ἠρέθιζε
859 2467 987 2538 (ήρέθησε
1000 2467 1035 2534 Ε)
1049 2466 1093 2521 τόν
1104 2466 1211 2539 βασιλέα
1224 2464 1292 2521 κατὰ

169 2545 223 2591 τῶν
241 2538 325 2607 ἁγίων
343 2538 457 2592 εἰκόνων
475 2536 523 2593 ΟΕ

223 2752 242 2806 4
258 2754 367 2808 κεῖσθαί
382 2752 410 2806 Ι)
535 2753 692 2823 προρήστως
712 2753 777 2818 (sic)
796 2750 823 2806 A
947 2753 963 2808 h
981 2752 1109 2822 ἐγνώρισε
1126 2753 1172 2808 καί
1191 2769 1247 2808 om.
1268 2753 1292 2808 Ε

224 2825 280 2878 ’λὸ
298 2824 322 2879 ὦ
341 2825 375 2888 (ὢ
389 2822 441 2888 Di)
460 2825 526 2878 θεοῦ
544 2825 682 2892 κριμάτων
704 2825 820 2894 ἄβυσσος
838 2824 1020 2892 όκαιάληπτος
1033 2823 1138 2884 AEDw
1163 2825 1213 2880 Wo
1232 2826 1291 2892 tat,

223 2895 248 2950 ὦ
267 2895 301 2963 (ὢ
314 2900 352 2962 w)
371 2896 509 2965 κριμότων
524 2895 648 2965 ἀρρήτων
662 2904 707 2964 τῆς
719 2897 795 2954 θείας
806 2897 930 2964 προνοίας
944 2895 1032 2966 pr3
1053 2913 1079 2950 v.
1094 2897 1134 2950 ud
1148 2913 1175 2966 p.
1195 2896 1256 2962 252,
1275 2897 1292 2950 7

224 2967 241 3022 9
260 2967 290 3021 δέ
308 2967 381 3038 pr
448 2967 482 3021 10
499 2975 634 3034 συμπνοῢν
654 2967 689 3036 p*
707 2968 811 3021 invitis
829 2965 912 3021 ARW
974 2968 1237 3037 πεπαρρησιασμένος
1256 2968 1292 3037 p*

223 3039 327 3093 invitis
344 3037 426 3092 ARw
499 3039 530 3091 11
551 3037 618 3092 κατὰ
638 3054 694 3093 om.
712 3038 749 3106 D,
769 3038 865 3109 suppl.
886 3038 937 3098 Dw
1010 3040 1179 3108 διεχειρίζετο
1198 3039 1226 3092 D

224 3109 259 3162 12
277 3109 480 3179 στηλογραφίας]
499 3110 602 3170 εἰκόνας
622 3109 652 3176 C,
672 3110 726 3165 sed
747 3131 788 3178 γρ.
808 3110 1002 3179 στηλογραφίας
1021 3110 1069 3170 Cm
1136 3111 1170 3164 13
1189 3131 1215 3164 τε
1235 3125 1291 3164 om.

225 3180 296 3251 Ewp
370 3181 403 3236 15
423 3185 491 3250 post
507 3181 668 3251 χορολίκιης
687 3181 757 3235 add.
777 3181 793 3250 ἢ
812 3181 949 3251 χορόρχης
968 3181 1041 3251 pr
1103 3181 1234 3252 παρέλαβε
1245 3203 1292 3236 κα·

223 3253 277 3306 λεῖν
290 3252 364 3322 pr
419 3253 453 3307 16
467 3253 543 3313 οὗτος
554 3251 616 3320 AR,
638 3253 703 3322 qui:
726 3252 777 3307 Wo
798 3252 857 3318 lah,
876 3255 961 3312 οὕτως
975 3253 1017 3306 w*
1042 3250 1082 3306 Di
1140 3251 1196 3322 τῆς]
1209 3251 1292 3322 τήνῦ

259 3323 406 3394 τὴνοω.1)
461 3325 495 3378 17
503 3330 737 3379 aoo'rrmutatum
748 3339 787 3378 ex
796 3330 882 3379 ποιῶν
892 3324 929 3394 D,
940 3340 1016 3379 corr.
1053 3352 1074 3382 w
1128 3322 1291 3379 πόντοθενΟ

171 3555 299 3624 dixerat,
327 3557 440 3626 agnitis
462 3557 580 3612 seducit
604 3558 703 3610 virum
726 3556 848 3626 fideque
874 3556 945 3611 data
964 3561 994 3611 et
1014 3561 1139 3626 accepta
1161 3571 1292 3627 regnum

171 3629 199 3682 ci
222 3628 424 3697 praenuntiat,
452 3627 535 3698 quod
557 3629 660 3683 divino
684 3629 792 3682 afflatu
815 3629 1019 3698 cognovisset,
1047 3629 1182 3697 petitque
1207 3643 1289 3697 prae-

171 3699 311 3753 dictionis
334 3703 403 3769 post
426 3703 568 3753 eventum
594 3700 879 3754 remunerationem.
917 3699 983 3753 Hoc
1007 3711 1096 3769 pacto
1116 3698 1291 3754 Theodotus
1303 3697 1337 3750 10

170 3771 302 3824 innotuit
320 3777 351 3824 et
369 3771 525 3824 familiaris
545 3773 644 3825 tactus
669 3777 715 3826 est
732 3769 830 3825 Leoni
854 3776 884 3826 ct
907 3779 973 3840 post
998 3776 1129 3824 amotum
1154 3774 1291 3824 sanctum

169 3841 372 3912 Nicephorum
395 3842 463 3896 vice
481 3843 733 3897 remunerationis
756 3843 858 3896 sedem
879 3841 1068 3914 Cpolitanam
1092 3842 1229 3895 obtinuit.
1267 3841 1291 3895 Ο

170 3913 351 3968 iudiciorum
371 3914 419 3967 dai
440 3914 584 3982 abyssum
603 3913 950 3983 incomprehensibilem
971 3915 1019 3967 cui
1039 3913 1106 3982 quis
1125 3912 1291 3967 successit?

260 3983 400 4040 ceterum
414 3984 599 4052 Theodotus,
617 3985 706 4039 homo
720 3985 770 4039 ille
782 3986 926 4050 nefarius,
943 4000 1031 4038 sacra
1045 3983 1188 4038 cathedra
1202 3983 1290 4038 modo
1303 3983 1333 4036 11

170 4055 296 4125 indigne
314 4072 480 4111 conscensa
500 4071 568 4111 cum
583 4061 612 4110 et
625 4057 837 4125 imperatorem
851 4055 976 4110 haberet
995 4055 1236 4124 suffragatorem,
1260 4055 1290 4108 in

170 4142 274 4180 sacras
293 4129 443 4197 imagines
462 4127 609 4182 audacter
628 4134 674 4181 est
691 4133 858 4196 grassatus.
895 4126 958 4182 Leo
971 4129 1041 4181 item
1056 4141 1116 4192 eos,
1137 4127 1188 4194 qui
1203 4125 1336 4180 vene-12

169 4197 283 4252 randas
304 4205 422 4253 statuas
445 4199 596 4253 honorare
615 4199 735 4261 vellent,
763 4199 857 4251 instar
881 4197 1002 4252 belluae
1029 4197 1192 4264 tractabam
1220 4212 1289 4250 nam
1303 4197 1336 4250 13

171 4275 202 4324 et
219 4283 238 4322 a
257 4269 415 4325 Theodoto
434 4271 500 4340 ipso
519 4271 762 4340 exasperabatur
786 4277 815 4322 ot
839 4284 857 4322 a
882 4271 1036 4340 praefecto
1061 4268 1132 4321 cleri
1156 4268 1289 4336 palatini,

171 4355 260 4411 quem
280 4343 496 4412 protopsaltem
515 4344 621 4397 vocari
640 4347 795 4410 receptum
817 4346 869 4395 cst.
907 4341 964 4405 Qui
984 4356 1051 4394 cum
1072 4343 1173 4392 sectae
1192 4340 1290 4393 icono·
1301 4338 1336 4391 14

169 4412 347 4469 macharum
365 4414 518 4468 turbidam
531 4414 763 4483 perversitatem
776 4411 817 4466 ad
829 4413 998 4468 satietatem
1010 4411 1167 4478 hausisset,
1186 4425 1291 4481 regem
