3050 4775
507 354 691 412 IOVIANVS
709 354 945 412 IMPERATOR.
1254 356 1286 410 71

165 541 241 617 ρεῖν.
286 536 377 618 μόλις
408 542 485 619 γοῦν
517 538 560 609 είς
590 536 647 621 τὴν
677 543 732 622 τῆς
764 537 882 622 Κοίλης
909 538 1030 620 Συρίας
1054 537 1240 620 Ἀντιόχειαν
1268 538 1313 601 69

160 637 316 720 Ἰοβιονὸς
337 641 533 722 καταντήσας
554 638 627 712 τοὺς
649 645 713 704 τῶν
740 645 925 723 χριοτιανῶν
952 642 1051 722 ίερεῖς,
1085 641 1153 704 ὅσοι
1179 664 1211 704 τε
1239 638 1325 704 ἕπὶῙ)

166 740 388 805 Κωνσταιτίου
411 743 466 806 καί
488 743 557 807 ὅσοι
579 743 629 807 tat
651 749 707 807 τοῦ
729 743 917 827 ποραβάτου
939 747 1003 806 τῶν
1026 743 1201 826 ἐκκλησιῶν
1217 745 1287 826 ἐξη-

166 844 322 925 λάθησαν,
351 846 395 915 είς
419 845 516 916 αύιὰς
538 847 715 930 ἐπανήγαγε
737 845 792 909 καὶ
813 844 877 928 πρὸ
899 850 964 910 τῶν
986 846 1091 910 ἄλλων
1113 845 1167 910 τὸν
1188 847 1289 928 μέγαν

136 946 353 1010 ἶνἈθανάοιον
384 947 434 1012 ἐπὶ
457 948 700 1031 Ἀλεξάνδρειαν.
746 949 781 1022 ἐξ
803 949 988 1031 Ἀντιοχείας
1021 948 1055 1012 δὲ
1087 950 1130 1019 είς
1163 947 1288 1030 Ταρσὸν
1299 949 1334 1003 10

168 1048 307 1131 γεγονὼς
329 1049 440 1114 καὶτὸ
462 1059 572 1134 μνῆμα
595 1053 761 1134 κοσμήσας
790 1057 845 1115 τοῦ
864 1050 1035 1116 ’[ουλιανοῦ
1064 1050 1203 1134 ἐπανῄει·
1235 1051 1289 1114 καί

167 1153 213 1222 τίς
229 1152 387 1234 Ἄγκυραν
408 1159 463 1236 τῆς
482 1153 637 1225 Γαλατίας
660 1154 799 1236 γεγονὼς
821 1155 969 1218 κάκεῖθεν
992 1154 1117 1236 ἀντάρας
1140 1155 1194 1218 καί
1216 1177 1287 1218 οτα-

167 1253 256 1337 θμόν
270 1255 440 1338 προελθὼν
455 1257 499 1327 εἰς
514 1257 700 1321 Δαύάστσνά
723 1281 756 1320 τε
778 1257 955 1328 καταλύσας
978 1256 1133 1340 αἰφνίδιον
1155 1256 1287 1320 τετελεύ-

167 1381 270 1439 τηκεν,
293 1359 340 1428 ὥς
360 1358 420 1438 μὲν
442 1360 516 1423 ἔνιοι
539 1360 787 1442 συνεγράψαντο,
811 1361 969 1442 άρτιφυεῒς
991 1361 1134 1443 μύκητας
1156 1361 1287 1444 θηλητη-
1300 1361 1332 1414 11

121 1464 159 1516 10
167 1461 257 1542 ριόυς
272 1462 386 1542 φαγών
403 1459 456 1543 (ἦν
471 1461 532 1545 γὰρ
547 1462 628 1534 λαός
642 1462 714 1544 περὶ
730 1461 871 1544 δίαιταν),
895 1463 941 1533 ὡς
957 1459 985 1526 θ’
1003 1464 1110 1545 ἕτεροι,
1134 1467 1290 1545 χειμῶνος
1301 1463 1334 1517 12
1353 1463 1390 1517 W
1401 1461 1489 1516 11125

167 1565 259 1634 ὄντος
281 1564 316 1627 ἓν
337 1565 484 1646 οἰκήματι
512 1565 690 1648 κατέύραθε
717 1567 788 1629 νέον
820 1566 1071 1647 ἔμπεπλοσμένῳ
1103 1567 1203 1646 κονίᾳ,
1236 1563 1444 1627 καὶΡΙΙῖθΑ

168 1666 221 1729 διὰ
242 1665 355 1730 τὸτοῦ
377 1667 505 1750 ψύχους
531 1666 612 1731 πολὺ
639 1669 814 1748 ἀνθράκων
842 1668 1052 1750 ἀναφθέντων
1084 1667 1170 1738 ἐντὸς
1201 1666 1290 1748 ἀτμὶς

167 1769 205 1831 ἔκ
227 1775 282 1852 τῆς
304 1769 412 1840 κονίας
433 1770 637 1853 πυρουμένης
659 1770 798 1853 ἇνεάάθη
821 1771 932 1852 πολλή,
956 1770 1009 1834 καὶ
1033 1765 1072 1834 δι’
1097 1771 1192 1854 αὐτῆς
1213 1770 1288 1834 άπε-

166 1872 260 1954 πνίγη
282 1873 485 1955 κοιμώμενος
512 1869 588 1955 μηθ’
618 1873 809 1955 αἰσθόμενος
836 1879 890 1956 τῆς
921 1879 1103 1955 πνιγμονής,
1136 1874 1170 1946 ἐξ
1201 1873 1288 1936 οἴνου

120 1978 158 2032 15
166 1976 380 2058 καρηβαριον
403 1975 513 2057 πολλῷ
536 1975 596 2056 γάρ
619 1976 735 2058 λέγεται
758 1976 934 2058 κεχρῆσθαι
957 1975 1096 2057 ἀκράτῳ.
1141 1975 1195 2038 καὶ
1213 1973 1289 2038 ούθὲ
1300 1976 1333 2030 13

1 2085 34 2138 D
48 2084 91 2138 III
101 2078 188 2158 218⁷)
213 2077 290 2159 γυνή
314 2078 411 2142 αύτοῦ
435 2077 521 2160 ἔφθη
544 2083 655 2142 τοῦτον
676 2077 865 2151 θεάσασθαι,
889 2077 942 2141 καί
965 2085 1060 2142 ταῦτα
1084 2079 1127 2148 εἰς
1148 2075 1289 2160 ὑπαντήν

166 2180 267 2242 αὐτοῦ
288 2180 491 2261 προελθοῦσα
513 2179 591 2262 μετὰ
613 2181 776 2263 βασιλικῆς
797 2187 928 2264 πομπής
951 2180 1007 2245 σύν
1029 2187 1076 2262 τῷ
1103 2181 1165 2262 υἱῷ
1194 2180 1290 2262 αὐτῆς

165 2281 379 2365 Βαρωνιανῴ.

198 2363 201 2366 ⁴
261 2383 420 2456 Θανάνιος
448 2387 553 2468 μέντοι
579 2391 635 2450 τοῦ
653 2383 810 2469 Ἰοβιονοῦ
834 2387 865 2450 οῖ
887 2392 1068 2467 στρατιῶται
1091 2384 1288 2469 σκυθρωπά·
1301 2386 1335 2441 14

118 2490 273 2563 ἓθζοντες
294 2486 350 2570 τὴν
372 2487 510 2551 Νίκαιαν
532 2489 735 2572 κατειλήφασι
757 2488 811 2553 καὶ
835 2490 994 2572 γεγονότες
1017 2490 1084 2553 ἐκεῖ
1102 2488 1173 2570 περὶ
1200 2490 1288 2572 βασι-

164 2682 184 2737 8
202 2682 264 2750 περὶ
281 2689 327 2751 τῆς
344 2683 465 2752 τελευτῆς
480 2682 612 2753 Ἰοβιανοῦ
632 2681 680 2738 GE

221 2880 236 2931 1
258 2877 305 2932 ούν
323 2878 347 2933 Ε
423 2879 442 2931 ‘2
460 2880 537 2946 ίερεῖς
556 2895 613 2933 om.
632 2879 660 2933 D
683 2880 734 2934 Wo
747 2880 799 2933 tat.
875 2880 892 2933 5
911 2878 941 2933 δὲ
956 2877 1018 2947 AR,
1038 2901 1065 2933 re
1082 2879 1159 2947 pr
1231 2900 1290 2948 ταρ-

221 2950 268 3003 σὸν
286 2948 376 3016 ΑΒΝ,
399 2950 506 3017 θαρσύν
524 2948 606 3019 p*Di
695 2951 712 3004 7
731 2952 852 3019 ἄγκυραν
871 2948 948 3017 RDt',
967 2951 1084 3019 ἄγγυραν
1101 2949 1162 3017 AO,
1181 2949 1228 3019 τὴν
1247 2952 1290 3018 ἅγ-

220 3042 305 3089 γυραν
317 3020 353 3083 D,
373 3020 420 3090 τὴν
433 3023 553 3089 ἄγκυραν
566 3038 613 3091 wp
679 3022 795 3091 γεγονὼς
803 3020 838 3090 A,
859 3024 996 3091 γενόμενος
1007 3019 1125 3091 prDt'
1192 3024 1224 3075 ll
1244 3043 1290 3075 κα-

220 3094 335 3159 τὲθαρθε
346 3090 467 3161 prDz'
537 3093 740 3163 ε’μπεπλησμένη
755 3093 792 3161 D,
812 3110 888 3148 corr.
900 3093 952 3151 Dw
1025 3094 1060 3147 13
1077 3092 1290 3162 πυΙπυρουμένης

220 3162 249 3217 Α
312 3164 345 3217 16
363 3164 506 3232 ὑπάντησιν
523 3164 625 3234 wap
699 3165 733 3220 17
750 3174 908 3235 προπομπῆς
928 3165 1002 3235 pr
1074 3165 1154 3219 αὐτοῦ
1173 3162 1291 3233 prDt'

223 3235 258 3290 19
276 3236 518 3304 σκυθρωπάσαντος
536 3236 561 3290 Ε
633 3236 669 3291 20
686 3238 776 3292 νίκαια
796 3238 860 3301 (sic)
880 3235 907 3290 A

166 3432 266 3486 chiam
296 3430 488 3501 Coeleeyriae
516 3435 715 3502 pervenisset,
746 3438 896 3503 quotquot
928 3433 1102 3488 sacerdotes
1129 3432 1290 3487 Christiani

166 3503 227 3557 sub
247 3501 422 3557 Constantio
443 3508 473 3557 et
492 3503 609 3559 Iuliano
629 3506 764 3560 eeclesiis
784 3504 861 3574 pulsi
881 3506 1014 3569 suerunt,
1040 3505 1072 3558 in
1096 3518 1148 3559 eas
1167 3504 1291 3559 reduxit

165 3590 205 3627 ae
230 3588 307 3643 prae
332 3574 439 3628 eeteris
464 3590 610 3645 magnum
635 3575 835 3630 Athanasium
862 3574 1086 3630 Alexandriam.
1129 3573 1290 3629 Antiochia
1301 3569 1335 3623 10

166 3646 300 3699 Tarsum
318 3646 482 3715 proiectus,
502 3652 609 3701 ornato
629 3647 739 3700 Iuliani
757 3647 906 3717 sepulcro,
925 3644 1078 3714 Aneyram
1099 3645 1239 3701 Galatiae
1258 3661 1291 3700 se

168 3716 311 3784 eontulit3
336 3716 407 3771 inde
431 3722 590 3787 postquam
615 3719 689 3772 abiit
708 3723 739 3772 et
756 3720 814 3772 iter
833 3719 924 3772 unius
944 3717 1004 3771 diei
1024 3731 1203 3787 progressus
1222 3733 1290 3771 eon·

167 3790 246 3843 stitit
263 3786 457 3853 Dadastanis,
484 3793 611 3858 repente
630 3788 712 3854 obiit,
741 3804 819 3856 eum,
846 3794 880 3843 ut
905 3789 956 3843 alii
981 3789 1125 3855 scribunt,
1151 3784 1333 3843 recentesll

167 3862 284 3929 fungos
303 3864 470 3913 venenatos
489 3860 670 3915 comedisset
691 3861 754 3924 (vili
775 3860 854 3915 enim
874 3862 957 3913 victu
981 3860 1143 3927 utebatur),
1174 3864 1207 3913 ut
1231 3855 1335 3925 atii,12

167 3932 299 3985 hiberno
317 3936 453 3999 tempore
470 3932 503 3984 in
523 3932 661 3986 conclavi
680 3947 778 4001 nuper
796 3932 870 3986 illito
891 3931 974 3985 ealce
989 3931 1200 3998 obdormisset;
1220 3945 1290 3990 narn

168 4018 240 4056 eum
258 4002 299 4056 ob
317 4002 416 4070 frigus
435 4003 561 4057 multum
580 4004 764 4060 carbonibus
783 4005 864 4058 intus
883 4003 1020 4057 accensis
1038 4017 1169 4069 magnus
1193 4016 1291 4070 vapor

169 4089 186 4128 e
200 4075 303 4128 cinere
316 4088 463 4129 succenso
477 4075 633 4140 extitisset,
654 4076 805 4130 dormiens
819 4076 884 4129 sine
897 4089 989 4129 sensu
1002 4074 1105 4125 mertis
1124 4072 1290 4126 suffocatus

169 4150 215 4199 est
234 4145 307 4197 vino
327 4146 448 4212 gravis:
466 4146 560 4199 mnito
580 4146 659 4200 enirn
680 4148 776 4200 fertur
794 4162 868 4201 usus
884 4161 950 4201 esse
963 4158 1056 4198 mero.
1092 4143 1199 4211 Neque
1211 4157 1290 4195 uxor
1302 4137 1335 4190 13

169 4220 242 4270 ante
261 4215 378 4269 obitum
396 4216 609 4285 imperatorem
628 4215 754 4284 viderat,
776 4219 831 4271 etsi
850 4220 877 4273 ei
898 4216 1019 4272 obviam
1039 4227 1203 4285 progressa
1222 4227 1290 4266 eum

169 4288 258 4357 regio
279 4287 425 4341 comitatu
444 4292 474 4341 et
491 4287 552 4342 filio
572 4304 628 4343 suo
646 4288 846 4343 Varroniano.

261 4357 382 4414 Ioviani
408 4363 507 4413 morte
537 4360 721 4415 consternati
749 4360 857 4415 milites
885 4358 1028 4415 Nicaeam
1060 4360 1222 4427 occupant⁷
1252 4355 1290 4410 de
1302 4351 1336 4405 14
