3050 4775
241 387 296 456 aaa
558 378 696 450 ZONAR.
715 379 814 450 ΕΡΙΤ.
832 380 888 452 iv
905 396 931 467 3,
952 387 1046 451 1-13.

209 582 321 646 Οίασιν
343 581 485 666 Ἑβραῖοι
514 579 573 645 δύο
604 578 640 643 τὸ
668 578 857 661 ἀτιτήόευμα
887 577 1005 662 γόητες,
1039 580 1069 641 ol
1096 574 1138 643 δέ
1158 576 1362 663 ἀστρολογίαν

240 686 347 767 ἔλεγον
368 686 502 769 μετιέναι
524 682 697 748 κάντεῦθεν
719 683 832 746 εἰδέναι
855 683 891 745 τά
918 682 1080 765 μέλλοντα,
1112 682 1167 745 καὶ
1188 690 1234 765 τῴ
1250 682 1362 764 Ἄραβι

240 787 296 870 τὴν
323 788 425 872 ἀρχήν
452 786 676 871 ἐπηγγέλλοντο
702 786 757 849 καί
784 786 840 869 τήν
873 784 960 869 ζωὴν
991 784 1209 868 πολυχρόνιον,
1241 788 1270 848 εί
1298 790 1362 848 τῶν

240 891 416 974 ἐκκλησιῶν
447 896 511 954 τῶν
542 888 772 972 χριοτωνύμων
803 888 840 951 τά
869 894 925 952 τοῦ
948 886 1088 970 Χριστοῦ
1114 888 1168 951 καλ
1190 895 1244 971 τῆς
1266 887 1362 951 αὐτὸν

213 993 391 1075 ἳτεκούσης
414 992 542 1076 ἐκβαλεῖ
560 991 597 1055 τὰ
621 992 842 1073 έκτυπώματα.
889 990 942 1054 καί
965 991 984 1054 ά
1006 991 1171 1074 βάρβαρος
1190 992 1250 1054 οὐκ
1266 990 1389 1073 dieii-b

239 1095 341 1178 λησεν,
373 1091 438 1158 ἀλλ’
463 1096 499 1159 ἐκ
521 1095 650 1159 πάντων
672 1099 737 1158 τῶν
767 1094 800 1157 έν
828 1100 866 1177 τῇ
894 1090 947 1157 ὑπ’
981 1094 1076 1157 αὐτὸν
1107 1092 1237 1175 τελούσῃ
1269 1092 1362 1175 χώρη

214 1202 329 1261 3ναιῖιν
359 1197 414 1268 τάς
446 1196 558 1268 σεπτάς
590 1197 713 1267 εἰκόνας
745 1196 886 1279 ἠφάνισε.
932 1194 986 1260 καί
1009 1198 1028 1279 ἡ
1052 1196 1125 1259 θεία
1153 1196 1223 1279 όίκη
1251 1201 1362 1259 τοῦτον

240 1299 395 1384 μετῆλθεν
423 1300 483 1363 οὐκ
513 1302 555 1370 είς
577 1300 715 1382 μακράν.
759 1301 853 1363 οὔπω
877 1299 937 1381 γάρ
960 1299 1124 1382 παρῆλθεν
1147 1298 1286 1367 ἐνιαυτὸς
1308 1297 1362 1361 καὶ

213 1403 259 1464 46
283 1402 415 1472 όείλαιος
437 1402 493 1486 τήν
516 1402 604 1485 ζωήν
627 1402 792 1486 ἐζημίωτο.
839 1402 857 1463 ό
881 1402 915 1466 ἀὲ
940 1402 1051 1465 τούτου
1079 1408 1152 1471 παῖς
1179 1407 1235 1484 τῆς
1261 1401 1361 1483 ἀρχῆς

241 1505 390 1588 ὁιάύοχος
413 1504 552 1587 γεγονὼς
573 1504 646 1575 τοὺς
673 1505 903 1587 ψευδομάντεις
933 1504 1070 1575 ἐκείνους
1102 1504 1209 1586 ἐζήτει,
1241 1510 1295 1585 τῆς
1318 1505 1361 1574 εἰς
1373 1514 1407 1569 10

239 1606 294 1671 τόν
315 1606 443 1671 τεκόντα
472 1608 592 1691 ἀπάτης
618 1608 762 1671 τίσασθαι
790 1608 1068 1690 προθυμούμενος.
1114 1602 1180 1669 ἀλλ’
1214 1606 1361 1689 ἔφθησαν

166 1718 193 1772 D
213 1711 352 1774 δίκεῖνοι
383 1716 494 1793 φυγεῖν
525 1709 646 1773 ἐκεῖθεν
677 1709 732 1774 καί
763 1712 807 1781 είς
834 1709 991 1792 Ἰσαυρίαν
1022 1710 1226 1792 κατήντησαν.
1280 1708 1359 1772 ἔνθα

239 1813 453 1896 περιτυχόντες
483 1813 587 1895 τούτῳ
617 1820 664 1895 τῷ
692 1813 813 1894 Λέοντι,
846 1812 952 1895 νεανίᾳ
984 1813 1174 1895 τυγχάνοντι,
1206 1810 1360 1894 βαναύσῳ

239 1915 275 1978 τὸ
302 1916 502 1998 ἔπιτήύευμα,
533 1915 590 1997 τήν
621 1920 686 1980 τῶν
705 1915 874 1998 Ῥωμαίων
901 1916 1169 1998 προμαντεύονται
1195 1914 1360 1997 βασιλείαν.

213 2024 295 2083 6τοῦ
319 2018 354 2081 ti
375 2017 457 2099 πρὸς
479 2017 535 2101 τήν
558 2019 675 2081 οἰκείτιν
698 2019 887 2101 ἀφορῶντος
909 2020 1016 2101 τύχην,
1042 2019 1255 2101 ἀφεστηκυῖαν
1277 2017 1398 2079 πάνυΙ)
1412 2025 1521 2081 ΙΙΙΒ40

239 2144 303 2183 που
334 2120 449 2203 πόρρω
480 2120 623 2204 τοιαύτης
655 2122 765 2204 ἀρχῆς,
799 2122 852 2185 καί
879 2126 943 2191 τοῖς
970 2121 1099 2185 ἐκείνων
1129 2122 1362 2189 όιαπιστοῦντος

239 2230 403 2307 χρησμοῖς,
439 2222 550 2287 ἐκεῖνοι
581 2225 802 2306 συμβήσεσθαι
832 2224 889 2306 τὴν
920 2223 1095 2307 πρόρρησιν
1122 2224 1361 2307 ἀπισχυρίζοντο

239 2332 398 2410 κραταιῶς
420 2327 475 2391 καὶ
497 2326 638 2413 ἀπῄτουν
665 2327 761 2392 αὐτὸν
785 2322 823 2392 όί
848 2328 949 2410 ὅρκου
971 2327 1214 2412 πληροφορήσαι
1237 2326 1360 2400 αὐτούς,

214 2430 291 2496 ’ίὸτε
312 2431 400 2513 τύχοι
422 2437 476 2515 τῆς
499 2431 663 2514 βασιλείας,
697 2428 808 2495 δοῦναι
836 2431 940 2514 σφίσιν
963 2432 981 2494 δ
1004 2431 1044 2494 ἀν
1067 2431 1261 2512 αἰτήσωνται.
1307 2429 1361 2492 καί

241 2570 276 2624 19
294 2573 332 2624 ὅτι
350 2573 378 2624 οἱ
394 2570 441 2642 τήν
458 2571 591 2642 βασιλείαν
612 2573 872 2642 προμαντευσάμενοι
888 2573 1008 2643 Ἑβραῖοι
1032 2579 1071 2641 τῷ
1089 2571 1184 2627 Λέοντι
1209 2569 1291 2640 (παρὰ
1315 2577 1360 2626 τοῦ

240 2640 342 2702 λέοντος
361 2642 395 2708 Ε)
415 2641 463 2712 τὴν
481 2649 534 2697 τῶν
552 2643 635 2712 άγίων
653 2645 766 2698 εἰκόνων
786 2644 866 2708 (κατὰ
879 2651 933 2698 τῶν
946 2645 1059 2698 εἰκόνων
1071 2643 1106 2710 Ε)
1124 2644 1281 2712 καθαίρεσιν
1298 2643 1361 2712 ήτη·

240 2733 290 2768 σαν
308 2713 365 2780 ΟΕ,
384 2714 448 2768 ὅθεν
466 2713 483 2784 ή
502 2716 675 2784 είκονομαχία
693 2715 718 2769 Β

294 2839 431 2909 Ιίβραῖοι
450 2837 570 2911 prDt'
652 2841 677 2895 2.
696 2840 714 2894 3
731 2840 778 2895 καὶ
796 2847 833 2910 τῷ
853 2869 886 2880 -
905 2839 1090 2910 ἐπηγγέλλοντο
1109 2855 1167 2894 om.
1187 2837 1209 2895 G
1293 2837 1360 2895 aad

294 2911 445 3004 om,pr
517 2913 615 3004 dom!
628 2911 664 2980 D,
684 2911 753 2966 add.
766 2910 817 3004 pv
890 2911 1020 2981 ἠμέλησεν
1038 2910 1102 2994 All,
1121 2911 1263 3004 {pilique-r
1282 2926 1358 2966 corr.

293 2982 1100 3125 λ.θλλέλλιλὶίῖἰῗθσλέληίλίλῖλθι
1117 2983 1263 3110 tants
1274 2999 1358 3120 tiit:

293 3127 380 3217 euius
399 3126 517 3181 litterae
537 3131 658 3216 praeter
673 3127 755 3211 piria
768 3143 830 3182 non
844 3128 903 3180 iam
917 3131 1044 3218 possunt
1058 3126 1165 3196 dispici
1239 3127 1273 3180 10
1292 3131 1360 3197 post

293 3197 729 3340 ίίάἀοθάἀαάθλπάύάωςιὸΐβε
749 3198 1031 3340 ΑΒέφθασάήελλους
1052 3197 1359 3324 οΠλθΙλκεΐνοίλιύιιῃιΟθ

327 3340 433 3394 ε’κεῖθεν
451 3338 486 3409 Α,
504 3341 627 3396 ἐντεῦθεν
646 3341 727 3410 Ετνρ,
748 3357 805 3396 om.
824 3341 848 3396 Ο
922 3341 1041 3409 ίοαυρίαν
1056 3339 1181 3413 prDi,
1201 3342 1310 3410 σαυρίαν
1323 3338 1359 3408 Α,

293 3409 416 3481 ίσαβρίαν
434 3411 458 3465 Ε
544 3413 577 3466 15
595 3412 776 3482 ἀφεστηκυίαν
795 3413 860 3481 (sic)
879 3411 906 3466 A
988 3412 1024 3466 19
1041 3413 1124 3481 τύχην
1141 3412 1176 3480 D,
1196 3413 1262 3481 τύχη
1282 3411 1359 3472 DveB

239 3551 305 3600 arte
325 3546 583 3617 praestigiatores,
614 3549 666 3616 qui
685 3547 906 3616 profitebantur
925 3561 958 3600 se
977 3545 1164 3615 astrologiae
1182 3547 1296 3616 peritos
1315 3547 1359 3600 lu·

239 3623 310 3672 tura
329 3617 507 3688 praedicere
525 3633 623 3688 posse,
641 3620 801 3688 imperium
821 3624 851 3672 et
870 3619 964 3671 vitam
984 3617 1158 3671 diuturnam
1179 3617 1360 3686 polliceban-

240 3694 297 3757 tur,
326 3690 352 3743 si
372 3688 480 3744 Christi
508 3691 635 3760 cirroque
653 3691 758 3744 matris
777 3691 927 3759 imagines
956 3703 995 3743 ex
1023 3689 1157 3743 ecclesiis
1182 3687 1360 3744 Christiania

212 3761 359 3816 deiceret.
396 3760 503 3830 Neque
532 3766 695 3816 cunctatur
720 3761 871 3816 barbarus
896 3765 926 3815 ot
948 3761 1097 3830 imagines
1116 3760 1310 3815 venerandas
1328 3762 1360 3814 in

211 3833 380 3887 bomnibus
408 3832 526 3904 templis
545 3848 620 3888 suae
647 3833 770 3887 ditionis
789 3833 898 3887 abolet.
936 3830 999 3887 Nec
1017 3831 1110 3886 multo
1131 3835 1200 3903 post
1217 3834 1360 3886 miserum

211 3903 344 3959 idivina
354 3905 489 3959 vindicta
500 3907 704 3975 consequitur,
723 3920 805 3960 anno
824 3903 960 3958 nondum
971 3904 1073 3974 elapso
1086 3908 1247 3958 mortuum.
1266 3902 1360 3958 Cuius

238 3975 318 4029 filius
337 3975 425 4046 regni
445 3991 609 4042 successor,
630 3977 802 4031 cumfalsos
821 3975 886 4030 illos
904 3980 992 4029 vates
1012 3975 1050 4029 ob
1062 3974 1222 4044 deceptum
1243 3978 1360 4044 patrem

238 4047 278 4101 ad
291 4048 472 4118 supplicium
483 4050 676 4117 quaeritaret,
696 4048 737 4102 illi
747 4050 807 4102 iam
818 4046 899 4102 illine
917 4047 948 4100 in
960 4045 1107 4100 Isauriam
1121 4047 1360 4172 transfugerant.

211 4119 284 4173 bibi
303 4135 371 4173 eum
391 4121 422 4174 in
442 4120 522 4172 hunc
540 4118 673 4174 Leonem
693 4125 757 4174 tum
777 4119 999 4173 adolescentem
1019 4117 1157 4188 opificem
1176 4118 1235 4172 inei
1258 4119 1360 4185 issent,

211 4191 367 4260 drcgnum
388 4193 415 4246 ei
434 4189 603 4244 Romanum
629 4190 818 4260 praedicunt.
857 4189 914 4253 Qui
944 4203 1011 4242 cnm
1030 4203 1117 4243 suam
1136 4190 1290 4244 fortunam
1318 4190 1361 4243 in-

237 4266 327 4316 tuens
353 4264 519 4317 seiunctam
539 4263 655 4316 infinito
683 4263 747 4316 fere
766 4262 926 4316 intervallo
946 4275 965 4313 a
983 4264 1069 4314 tanto
1097 4261 1221 4331 imperio
1242 4260 1361 4314 illorum

238 4335 370 4388 oraculis
397 4334 487 4388 fidem
515 4334 688 4404 abrogaret,
720 4332 761 4387 illi
781 4339 962 4388 eventurum
985 4331 1016 4386 id
1036 4331 1119 4402 quod
1138 4332 1362 4404 praedixissent

238 4405 457 4462 asseverabant
476 4409 651 4462 constanter
679 4421 810 4478 eumque
840 4403 1038 4462 iureiurando
1059 4403 1298 4478 obstringebaat,
1327 4409 1362 4462 ut
