3050 4775
216 332 251 390 lo
523 331 659 393 ZONAR.
679 332 781 391 uela
798 332 871 392 XIII
889 332 915 398 8,
933 328 1031 389 5-17.

215 518 433 590 Κωνστάντισς
467 520 510 591 είς
542 517 597 583 τὸν
630 516 709 583 κατά
743 517 939 601 Μαγνεντίσυ
973 516 1156 600 ἀνεχώρησε
1186 514 1333 597 πόλεμον,

188 625 263 690 tito
287 624 322 688 δὲ
343 622 389 707 μὴ
412 624 529 707 μάχαις
552 622 714 705 ἐμφυλίοις
736 622 790 685 καί
813 626 949 703 σφαγαῖς
972 620 1115 703 ἀλλήλων
1138 620 1169 684 οἱ
1184 618 1371 701 ῬωμαῖοιΙ)
1385 620 1505 677 111197

213 729 393 811 γιιαίνσιντο,
417 726 481 790 δεῖν
503 728 622 809 ἔκρινεν
645 727 687 796 είς
710 725 881 807 συμβάσεις
900 723 953 788 τὸν
969 725 1121 805 τύραννον
1135 723 1332 804 προκαλέσα-

43 831 129 887 WllI
139 830 171 885 15
188 830 297 899 7σθαι.
322 830 434 895 στέλλει
449 831 552 894 τοίνυν
566 827 647 911 πρὸς
663 828 759 892 αὐτὸν
775 828 893 910 ἄνδρας
908 832 973 891 τῶν
988 828 1152 910 ἐπιφανῶν
1166 826 1220 890 καί
1231 826 1333 909 γράμ-

213 958 298 1019 ματα
321 932 350 998 δ’
375 932 552 1017 ἕγχαράττει
574 933 671 1015 αὐτῷ,
695 930 887 1014 συγγνώμην
903 928 1010 1000 διδοὺς
1025 928 1075 995 aa
1089 936 1136 1012 τῷ
1152 929 1361 1012 τολμήματι,5

214 1039 243 1102 εί
255 1042 319 1101 τῶν
335 1036 443 1101 ὅπλων
459 1035 638 1119 ἀπόσχοιτο,
655 1033 708 1097 καί
719 1037 927 1116 παραχωρῶν
939 1034 1027 1115 αὐτῷ
1038 1037 1102 1097 τῶν
1119 1031 1150 1095 Γ
1145 1034 1269 1115 αλλιῶν,
1285 1034 1335 1096 ἵνα

188 1139 335 1205 8τούτων
351 1140 433 1222 ἄρχῃ
453 1138 507 1202 καί
528 1139 652 1209 ταύταις
674 1137 891 1219 περιορίζηται.
938 1136 957 1199 ὁ
981 1135 1015 1200 δὲ
1038 1136 1132 1200 οὐδέν
1154 1161 1181 1199 τι
1203 1141 1336 1220 φρονῶν

214 1246 341 1327 μέτριον
363 1244 402 1306 οὗ
424 1243 608 1324 προσήκατο
631 1239 667 1304 τὰ
690 1238 778 1321 παρὰ
801 1244 856 1302 τοῦ
876 1238 1097 1303 Κωνσταντίσυ
1120 1238 1336 1321 ἀπραγμόνως

78 1332 79 1337 ¹
188 1345 303 1429 9αίπῷ
324 1345 536 1428 παρεχόμενα,
565 1343 642 1409 ἀλλὰ
669 1341 724 1406 τὸν
749 1341 890 1424 πόλεμον
917 1342 1023 1405 είλετο·
1053 1341 1106 1405 καί
1133 1342 1253 1424 μᾶλλον
1279 1339 1336 1406 σὺν

178 1446 299 1532 Βτάχει
321 1447 402 1531 πρὸς
424 1452 534 1512 τοῦτον
557 1448 728 1530 ἐχώρησεν,
758 1445 803 1507 ὅτι
825 1444 991 1526 Σιλβανός,
1020 1444 1064 1514 είς
1086 1469 1130 1516 τις
1152 1449 1216 1509 τῶν
1238 1445 1335 1509 αὐτοῦ
1346 1443 1380 1499 1⁰

215 1551 402 1634 ταξιάρχων,
431 1548 509 1633 μετὰ
537 1550 682 1632 πλήθους
705 1548 840 1612 ὁπλιτῶν
862 1548 980 1612 ἐκεῖνον
1003 1548 1103 1611 λιπὼν
1124 1548 1336 1631 Κωνσιαντίῳ

172 1653 207 1708 10
216 1654 378 1737 προσῆλθε
400 1658 448 1736 τῷ
471 1653 685 1735 αὐτοκράτορι.
732 1651 794 1734 ήδη
818 1651 854 1715 δὲ
873 1650 1111 1733 πλησιασάντων
1126 1651 1268 1734 ἀλλήλοις
1283 1652 1337 1716 καί

217 1757 649 1841 άντιστρατοπεὸευσαμένων,
674 1755 739 1818 ὅτε
755 1753 973 1824 Κωνστάντιος
990 1753 1063 1825 τοὺς
1086 1754 1220 1825 σίκείσυς
1242 1778 1336 1838 στρα-

217 1861 328 1931 τιώτας
351 1859 455 1942 λόγοις
478 1860 629 1941 διήγειρεν
649 1858 691 1928 εἷς
707 1856 807 1939 ἀλκὴν
821 1857 875 1919 καί
890 1857 910 1921 ὅ
925 1856 1120 1938 Μαγνέντισς
1134 1855 1207 1928 τοὺς
1222 1858 1335 1921 ἑαυτοῦ

217 1961 386 2045 παρεκάλει
420 1960 539 2041 ἄνδρας
573 1966 709 2043 φανῆναι
741 1959 869 2029 πιστούς
900 1984 931 2023 τε
962 1959 1015 2023 καί
1048 1960 1201 2042 ἀγαθούς,
1235 1958 1336 2024 πολλὰ
1346 1959 1380 2015 15

175 2066 207 2119 ll
219 2066 322 2148 σφίσιν
340 2063 613 2147 ἐπαγγελλόμενος.
659 2062 978 2144 ἇντιιταραταξάμενοι
1001 2062 1036 2125 δὲ
1057 2061 1093 2126 τὸ
1115 2062 1174 2144 μὲν
1195 2062 1337 2127 πλεῖστον

217 2174 271 2250 τῆς
300 2167 423 2250 ἡμέρας
450 2166 680 2248 άπρακτοῦντες
708 2166 867 2247 διήγαγον,
897 2163 1034 2247 μηδενὸς
1062 2172 1108 2247 τῴ
1137 2165 1336 2248 ἀντιπαρατε-

176 2270 363 2353 12ταγμένῳ
378 2271 466 2351 μέρει
482 2268 662 2343 ἐπεξιόντος.
709 2268 728 2331 ὅ
745 2266 779 2331 δὲ
794 2266 988 2349 Μαγνέντιος
1003 2267 1058 2330 καί
1073 2268 1224 2349 γοητείαις
1242 2267 1336 2351 ἐχρή-

219 2389 308 2437 σατο·
338 2370 414 2455 γυνή
440 2371 500 2455 γάρ
522 2395 566 2441 τις
587 2371 691 2454 μάγος
712 2371 876 2454 παρθένον
898 2371 988 2453 αὐτῷ
1010 2371 1180 2454 σφαγιάσαι
1201 2371 1337 2436 ὑπέθετο

273 2580 288 2632 1
307 2579 428 2648 ἐχώρησε
447 2579 521 2648 pr
611 2579 719 2634 hante
738 2578 829 2640 διδοὺς
848 2580 918 2634 add.
936 2579 1009 2648 αὐτῷ
1029 2579 1102 2650 pr
1186 2579 1204 2633 6
1221 2580 1338 2648 γαλλιαλ·

273 2653 328 2705 λῶν
347 2650 383 2717 D,
403 2666 480 2705 corr.
498 2649 551 2708 Dw
641 2651 791 2720 ίταάταις]
810 2652 911 2711 τούτοις
930 2649 1030 2722 chp
1119 2653 1294 2720 περιορίζεται
1314 2650 1338 2705 Ε

272 2723 354 2778 8τσῦ
375 2737 432 2776 om.
451 2722 474 2776 E
547 2722 582 2776 10
599 2722 739 2792 ἐχώρησαν
758 2722 794 2790 D,
814 2739 891 2778 corr.
910 2721 962 2780 Dw
1034 2723 1071 2782 είς
1084 2724 1122 2783 τίς
1135 2721 1197 2790 AR,
1216 2725 1254 2783 τίς
1272 2722 1337 2788 (sic)

273 2795 305 2861 E,
324 2795 361 2852 είς
379 2792 503 2863 B⁸(?]wp
595 2795 626 2847 11
646 2797 799 2864 ταξιαρχῶν
817 2795 841 2848 Ε
932 2795 966 2848 13
985 2793 1068 2854 ι’άίους
1086 2795 1110 2848 Ε
1201 2794 1236 2848 14
1253 2795 1339 2862 λόγοις

274 2881 331 2920 om.
350 2865 374 2919 E
493 2865 526 2917 15
545 2873 660 2934 φανῆναι
679 2867 779 2934 ἄνδρας
799 2866 821 2920 Ε
948 2867 982 2919 16
1000 2865 1217 2935 ἐπαγγειλάμενος
1234 2864 1337 2934 DEwp

274 2937 309 2991 18
327 2937 484 3000 ἒπεξιῶντας
503 2936 535 3004 Β,
555 2936 704 3001 ἕπαξιόντες
723 2936 758 3006 D,
780 2953 856 2992 corr.
875 2935 927 2994 Dw
1013 2937 1047 2991 19
1065 2945 1207 3007 σφαγιάσαι
1227 2939 1292 3002 (sic)
1311 2937 1339 2991 A

194 3127 295 3183 titium
315 3129 459 3184 ascendit.
496 3127 541 3182 Ne
569 3143 642 3183 voro
672 3131 784 3199 pugnis
812 3130 960 3183 intestinis
988 3144 1025 3182 ac
1053 3129 1198 3184 caedibus
1226 3131 1339 3184 mutuis

220 3199 347 3255 Romani
369 3201 584 3270 polluerentur,
613 3203 730 3255 censuit
750 3201 790 3254 ad
813 3202 970 3269 pactiones
994 3206 1158 3269 tyrannum
1182 3217 1248 3256 esse
1272 3216 1339 3270 pro·

171 3269 211 3323 'l
221 3271 402 3326 vocandum.
451 3271 559 3340 Itaque
586 3272 676 3325 mittit
703 3272 742 3326 ad
774 3288 842 3325 eum
871 3273 954 3326 viros
981 3272 1134 3341 principes
1162 3273 1339 3341 litterasque

221 3347 329 3397 exarat
348 3357 380 3396 se
401 3343 522 3396 veniam
542 3357 608 3396 esse
627 3343 769 3397 daturum
793 3343 872 3397 illius
891 3343 1047 3406 audaciae,
1078 3345 1102 3396 si
1121 3344 1213 3397 armis
1231 3342 1339 3398 disces·

222 3414 302 3480 serit,
322 3414 411 3483 eique
431 3428 498 3468 sese
517 3429 582 3468 csse
596 3429 812 3468 concessurum
825 3412 947 3481 Gallias,
965 3418 1000 3467 ut
1020 3414 1068 3468 hic
1085 3417 1214 3484 imperet
1232 3415 1339 3483 hisque

195 3484 332 3538 8finibus
352 3485 552 3538 contineatur.
589 3485 646 3548 Qui
666 3500 734 3540 eum
754 3486 910 3540 moderate
928 3487 1104 3554 neutiquam
1125 3487 1258 3552 sentiret,
1278 3500 1340 3540 non

222 3557 340 3624 accepit
355 3555 549 3610 condiciones
560 3555 725 3610 Constantii
746 3557 828 3610 haud
849 3573 961 3625 graves
981 3557 1033 3611 sed
1052 3557 1164 3612 bellum
1184 3557 1339 3626 praetulit,

195 3625 321 3695 9eoque
341 3628 468 3681 celerius
490 3628 570 3680 hunc
589 3643 754 3697 aggressus
774 3631 826 3694 est,
846 3628 927 3697 quod
947 3627 1096 3696 Silvanus,
1115 3643 1196 3682 unus
1215 3628 1253 3681 de
1272 3629 1339 3682 eius

223 3699 361 3765 tribunis,
389 3713 456 3752 cum
481 3699 581 3752 multis
604 3700 747 3753 militibus
772 3701 877 3768 gravis
896 3705 1069 3753 armaturae
1091 3701 1130 3754 ab
1149 3715 1185 3754 eo
1205 3698 1245 3753 ad
1265 3697 1339 3754 Con·

179 3767 214 3821 10
223 3770 367 3823 stantium
387 3769 548 3824 deiecerat.
593 3771 649 3834 Qui
672 3786 738 3824 cum
760 3772 819 3823 iam
838 3772 964 3840 propius
984 3771 1023 3824 ad
1042 3787 1075 3824 sc
1094 3772 1291 3825 accessissent
1310 3776 1340 3825 ct

223 3845 324 3894 castra
343 3842 522 3910 posuissent,
542 3847 606 3896 tum
626 3841 820 3897 Constantius
837 3843 946 3896 milites
966 3843 1067 3896 verbis
1086 3844 1174 3896 iactis
1193 3842 1341 3896 incitabat

223 3911 263 3965 ad
291 3914 442 3981 virtutem,
471 3918 534 3967 tum
558 3912 752 3983 Magnentius
778 3928 849 3967 suos
878 3914 1106 3981 adhortabatur,
1135 3919 1170 3967 ut
1198 3914 1280 3967 viros
1307 3928 1341 3968 se

180 3983 211 4036 ll
224 3989 416 4052 praestarent
433 3983 510 4038 fidos
530 3984 695 4054 bonosque,
724 3983 818 4036 multa
838 3984 996 4053 pollicitus.
1034 3984 1215 4038 Instructam
1238 3989 1340 4039 autem

224 4069 291 4108 cum
311 4055 459 4110 haberent
478 4056 582 4120 aciem,
610 4057 773 4110 maximam
793 4054 852 4108 diei
873 4060 988 4122 partem
1008 4057 1080 4109 nihil
1104 4061 1243 4125 egerunt,
1272 4070 1341 4110 cum
1396 4077 1400 4087 ·

180 4125 324 4180 ranutius
343 4127 472 4180 hostium
493 4128 587 4180 aciem
602 4127 834 4196 aggrederetur.
871 4125 930 4181 Sed
944 4126 1138 4194 Magnentius
1151 4129 1242 4182 etiam
1255 4141 1340 4196 prae-

224 4198 322 4265 stigiis
341 4212 414 4251 usus
435 4201 493 4266 est;
522 4213 613 4267 maga
632 4199 710 4252 enim
731 4197 882 4265 quaedam
901 4199 1027 4262 monuit,
1056 4201 1089 4252 ut
1115 4199 1264 4267 virginem
1289 4199 1340 4251 im·

223 4269 351 4322 molar-ot
368 4270 495 4336 eiusque
514 4270 694 4338 sanguinem
714 4269 786 4322 vino
806 4269 927 4322 mistum
950 4269 1095 4325 militibus
1114 4269 1340 4336 degustandum

225 4339 318 4402 daret,
339 4340 457 4394 interim
477 4340 516 4396 ab
536 4340 586 4394 illa
605 4340 789 4396 carminibus
804 4341 937 4396 recitatis
950 4341 1132 4412 quibusdam
1146 4340 1340 4396 daemonum·
