3050 4775
376 459 637 517 POLYEVCTVS.
676 459 854 518 AGARENI
874 461 1102 520 CRETENSES.
1247 465 1301 520 481

179 643 288 705 αὐτοῦ·
312 642 366 704 καὶ
388 647 479 706 τοῦτο
502 649 566 712 τοῖς
588 644 851 727 φιλοσκώμμοσιν
874 645 989 727 είίρητο
1011 645 1091 708 κατὰ
1113 653 1169 710 τοῦ
1191 671 1300 727 πατρι-

179 745 281 828 άρχου
297 746 431 828 αἰτίαμα.
477 746 542 809 ἐπεὶ
558 745 587 809 δ’
604 748 839 829 ἐχειροτονήθη,
856 755 902 830 τῷ
916 749 1037 829 βασιλεῖ
1050 747 1189 831 ἐντυχών
1204 755 1328 812 κατα-9
1346 754 1369 808 Β

42 856 69 909 D
84 847 304 930 Νῖθὸρομὴν
332 850 500 931 ἐποιήσατο
527 853 592 912 τῶν
620 854 781 930 συγγενῶν
807 856 863 912 τοῦ
893 852 1039 931 γέροντος
1057 851 1224 934 Ῥωμανοῦ
1247 853 1301 917 καί

179 951 349 1014 ἀναστεῖλαι
381 950 437 1033 τὴν
470 951 590 1014 τούτων
616 951 797 1025 πλεονεξίαν
823 952 964 1036 παρῄνει.
1010 953 1088 1036 ὅπερ
1118 951 1182 1016 οὔτ’
1206 955 1302 1026 αι’σὸς
1314 961 1347 1015 10

151 1053 370 1136 δάνετταχάώς
397 1055 515 1135 ἤκουσε
545 1052 598 1116 καὶ
621 1055 641 1136 ἡ
664 1053 784 1136 βασιλὶς
802 1055 921 1137 Ἑλένη,
953 1054 1042 1136 παρὰ
1070 1062 1126 1119 τοῦ
1153 1057 1301 1139 ἕκτομίου

179 1155 354 1236 Βασιλείαν,
378 1157 415 1225 ὃς
429 1157 588 1237 μετέπειτα
604 1156 896 1239 παρακοιμώμενος
912 1158 1029 1238 γέγονε,
1050 1160 1301 1241 προβιβασθεῖσα

179 1258 306 1339 ἠρέθισε
328 1257 407 1320 κατά
430 1263 486 1320 τοῦ
510 1258 705 1340 πατριάρχου
729 1257 784 1321 τὸν
807 1260 1025 1342 αὐτοκράτορα
1049 1261 1103 1323 καί
1126 1262 1224 1343 ἐζήτει
1246 1264 1301 1326 λα-

178 1361 248 1442 βήν,
281 1354 320 1422 δι’
345 1358 383 1442 ἧς
406 1359 502 1424 αὐτὸν
526 1361 583 1444 τὴν
613 1361 850 1443 ἀρχιερωσύνην
877 1361 1037 1444 ἀφέληται.
1082 1362 1149 1426 τότε
1182 1364 1217 1427 άὲ
1248 1366 1345 1428 καὶΙΙ

178 1463 198 1544 ἠ
221 1463 304 1543 τιμία
328 1462 394 1544 χεὶρ
415 1468 470 1525 τοῦ
487 1461 688 1545 ΙΙροόρόμου
712 1465 755 1533 εἰς
776 1463 833 1545 τὴν
856 1465 1081 1548 ὑπερκειμένην
1099 1467 1300 1550 ἀπεκομίσθη

135 1574 169 1628 10
178 1569 243 1628 τῶν
263 1564 389 1628 πόλεων
410 1565 445 1638 ἐξ
462 1565 648 1648 Ἀντιοχείας
671 1565 721 1629 διά
745 1589 828 1637 τινος
851 1566 1002 1630 άιακόνου
1020 1567 1104 1650 Ἶώβ.

271 1665 342 1732 Τῶν
365 1663 394 1731 δ’
411 1667 444 1730 ἐν
462 1673 500 1751 τῇ
516 1667 626 1750 Κρήτῃ
639 1668 825 1751 Ἀγαρηνῶν
847 1668 885 1733 τὰ
907 1670 1044 1752 παράλια
1067 1677 1122 1753 τῆς
1132 1671 1301 1753 Ῥωμαίων
1314 1677 1346 1730 12

177 1771 346 1852 ἡγεμονίας
360 1771 555 1853 ληιζομένων
571 1769 589 1832 ὁ
605 1770 749 1854 βασιλεὺς
767 1771 878 1835 στόλον
893 1773 1146 1854 ἑτοιμασάμενος,
1165 1775 1203 1837 ὃν
1217 1773 1300 1837 πλεῖ-

177 1895 244 1936 σται
272 1872 423 1937 συνίστων
451 1880 523 1956 νῆες
554 1873 793 1956 πολεμιστήριοι,
825 1871 894 1937 κατ’
927 1875 1057 1938 ἐκείνων
1085 1875 1334 1957 {susannem

177 1970 243 2038 ἀλλ’
268 1974 448 2058 ἐσφάλησαν
470 1974 507 2037 τά
534 1981 590 2038 τοῦ
618 1975 730 2040 στόλου
759 1983 797 2059 τῇ
823 1983 879 2040 τοῦ
912 1984 1147 2059 ναυαρχοῦντος
1178 1979 1301 2061 ἀπειρίᾳ
1312 1986 1345 2038 13

134 2077 389 2160 15κσλάμελείᾳ.
436 2077 547 2141 καὶτὸ
570 2077 629 2158 μὲν
658 2079 764 2142 πλεῖον
792 2085 848 2142 τοῦ
874 2078 1088 2162 πληρώματος
1117 2084 1182 2144 τῶν
1213 2086 1301 2163 νηῶν
1311 2088 1346 2141 14

177 2180 330 2261 ἀπώλετο,
363 2179 398 2244 τὸ
425 2181 484 2261 μὲν
511 2180 664 2262 ἑαλωκός,
697 2180 732 2244 τὸ
761 2182 797 2245 δὲ
823 2183 983 2264 μαχαίρας
1005 2183 1099 2264 ἔργον
1121 2182 1299 2264 γενόμενον,

176 2280 348 2346 πολλοστὸν
372 2282 404 2346 δὲ
430 2282 631 2346 ὁιασέσωστο.
677 2283 731 2346 καί
754 2284 849 2355 αὐτὸς
872 2279 901 2348 δ’
917 2286 957 2346 ἂν
979 2283 1063 2347 ἑάλω
1087 2285 1105 2347 ὁ
1128 2284 1297 2368 ναύαρχος,
1310 2293 1344 2346 15

176 2385 206 2448 εἰ
229 2383 275 2469 μὴ
304 2383 376 2467 περὶ
408 2385 503 2451 αὐτὸν
535 2385 699 2460 συστάντες
727 2389 758 2451 ol
785 2389 882 2451 αὐτοῦ
914 2387 1107 2469 θεράποντες
1139 2387 1193 2452 καί
1224 2412 1297 2453 συν-

176 2618 194 2671 8
211 2616 272 2685 περὶ
289 2624 335 2685 τῆς
351 2618 437 2685 τιμίας
454 2624 501 2672 τοῦ
513 2618 679 2686 Προὸρόμου
696 2619 787 2687 χειρός
806 2621 842 2689 (χ.
862 2626 908 2673 τοῦ
925 2638 969 2687 πρ.
985 2615 1018 2681 C)
1038 2614 1114 2673 Aci]
1187 2618 1220 2672 ll
1239 2619 1299 2688 περὶ

175 2696 229 2743 τῶν
244 2689 395 2758 Ἀγαρηνῶν
414 2687 437 2744 C

230 2897 245 2949 1
265 2894 498 2963 φιλοσκώμμωσιν
517 2893 549 2962 Β,
570 2895 772 2965 φιλοσχώμσσιν
791 2896 824 2961 Ε,
843 2895 1048 2964 φιλοσκώμασιν
1068 2895 1095 2948 D
1186 2895 1252 2950 sbi
1271 2896 1298 2948 Ι)

228 2969 247 3022 3
264 2966 419 3035 ἐποιήσαντο
436 2966 463 3019 Ι)
553 2966 571 3019 4
589 2967 724 3021 άναστεῖλε
742 2968 775 3033 Ε,
795 2984 872 3021 corr.
892 2966 940 3024 Bw
1030 2966 1090 3020 οὔτε
1109 2967 1136 3019 Ι)
1219 2967 1237 3021 5
1256 2968 1296 3022 ἄν·

228 3037 355 3107 επαχάὼς
374 3036 406 3105 Ε,
427 3054 502 3092 corr.
523 3038 579 3105 Eu,
597 3038 722 3108 ἀνεχίλῶς
741 3038 777 3104 Ι),
797 3054 874 3092 corr.
894 3037 946 3095 Dw
1051 3038 1125 3107 ε’λὲνη
1144 3037 1204 3104 ΑΙ),
1223 3039 1297 3107 ἑλένη

230 3108 347 3175 Osti,
368 3125 396 3163 v.
416 3110 456 3163 ad
475 3109 548 3163 Xlll
568 3111 592 3176 1,
611 3108 628 3162 2
736 3110 753 3163 6
771 3110 905 3179 βασιλείου
926 3125 982 3164 om.
1002 3107 1025 3161 B
1134 3110 1151 3163 8
1169 3110 1241 3177 αὐτῷ
1261 3110 1298 3175 Ι),

229 3196 305 3235 corr.
316 3179 367 3239 Dw
440 3180 469 3233 oi
483 3180 575 3235 om.O
647 3180 664 3234 9
682 3180 885 3249 ἀνεκομίσάηΒ
954 3181 979 3233 9.
991 3180 1025 3233 10
1043 3186 1096 3233 τῶν
1107 3181 1167 3233 πόλ.
1180 3180 1296 3234 άτεκ.Ι)

230 3254 271 3305 ll.
284 3252 317 3305 12
335 3260 380 3322 τῆς
396 3252 525 3321 ρωμαίοτν
538 3253 677 3321 ἡγεμονίας
691 3252 800 3321 Aliwp,
819 3259 873 3305 τῶν
885 3250 1052 3318 ῥωμαίωνΟ
1131 3251 1165 3304 12
1182 3252 1297 3304 πλεῖστοι

229 3324 265 3391 Ι),
285 3323 424 3382 corr.Dw
499 3322 532 3377 15
550 3323 670 3377 πλεῖστον
688 3323 790 3393 DEwp
864 3322 905 3377 15.
919 3322 953 3377 16
971 3322 1091 3377 ἀπώλετο
1110 3327 1182 3377 ante
1200 3329 1254 3377 τῶν
1273 3322 1297 3377 O

174 3542 268 3597 nandi
296 3542 499 3611 patriarcham
528 3554 633 3595 ansam
663 3539 920 3594 obtrectatoribus
951 3537 1103 3608 praebuit.
1139 3536 1200 3593 Sed
1228 3536 1324 3591 cumil

174 3614 366 3668 renuntiatus
390 3618 476 3679 esset,
504 3626 609 3680 regem
633 3612 776 3665 convenit
802 3610 1004 3679 cognatisque
1022 3610 1151 3664 senioris
1168 3607 1296 3663 Romani

174 3684 325 3739 accusatis
344 3684 495 3751 monebat,
523 3689 558 3737 nt
583 3697 688 3736 eorum
708 3682 869 3735 avaritiam
888 3686 1051 3735 coerceret.
1090 3680 1178 3744 Quod
1196 3695 1297 3748 neque
1308 3678 1341 3731 10

177 3758 242 3825 ipse
260 3756 326 3809 sine
345 3755 482 3809 molestia
501 3754 619 3809 audivit
635 3758 664 3807 et
677 3754 785 3821 regina
798 3752 923 3818 Helena,
942 3750 1053 3806 Basilio
1067 3751 1203 3821 spadone
1216 3752 1297 3804 insti·

174 3834 275 3896 gente,
296 3827 348 3895 qui
367 3832 435 3895 post
455 3826 646 3895 praepositus
666 3824 798 3877 cubiculi
817 3824 941 3890 exstitit,
962 3824 1175 3892 imperatorem
1190 3826 1297 3876 eontra

174 3898 378 3967 patriarcham
397 3898 542 3965 incitavit,
562 3910 685 3949 causam
700 3896 884 3964 quaeritans,
905 3910 966 3963 qua
980 3894 1187 3963 pontificatum
1201 3893 1228 3947 ei
1242 3894 1297 3946 eri·

174 3976 268 4039 peret.
305 3968 382 4022 Tum
397 3982 519 4037 quoque
537 3966 714 4021 veneranda
727 3981 835 4019 manus
848 3966 1061 4021 Praecursoris
1075 3980 1130 4034 per
1144 3964 1296 4033 quendum
1308 3963 1339 4016 11

175 4040 336 4095 diaconum
355 4039 462 4094 Iobum
480 4038 641 4092 Antiochia
660 4037 776 4106 Cpolim
796 4042 842 4091 est
860 4036 1015 4091 translata.

263 4110 458 4166 Cretensibus
471 4116 571 4165 autem
584 4109 735 4179 Agerenis
748 4110 927 4162 maritimam
941 4107 1058 4177 imperii
1069 4105 1198 4160 Romani
1212 4122 1295 4159 oram
1309 4105 1341 4157 12

174 4183 396 4247 intestantibua
425 4198 480 4236 rex
508 4182 671 4234 maximam
695 4180 872 4235 bellicarum
897 4180 1020 4233 navium
1044 4179 1170 4232 classem
1190 4182 1296 4230 contra

175 4270 226 4309 eos
254 4255 341 4307 misit.
379 4253 490 4307 Verum
513 4267 550 4306 ea
569 4252 715 4305 navarchi
735 4251 886 4319 imperitia
907 4255 937 4304 et
956 4249 1146 4318 negligentia
1164 4249 1195 4301 in
1215 4246 1341 4300 malai3

174 4324 287 4392 incidit,
306 4325 439 4378 maxima
458 4330 545 4394 parte
564 4322 788 4376 classiariorum
807 4322 856 4376 vel
868 4322 1029 4375 interiecta
1043 4321 1090 4374 vel
1105 4324 1203 4389 capta,
1222 4332 1295 4389 pau·
1307 4317 1341 4370 14

175 4398 300 4451 cissimis
314 4396 433 4465 elapsis.
469 4395 570 4463 Atque
588 4395 654 4463 ipse
674 4394 763 4447 etiam
784 4394 956 4445 navarchus
976 4397 1083 4461 eaptus
1103 4391 1218 4457 fnisset,
1238 4390 1295 4443 nisi
1307 4388 1341 4443 15

174 4470 239 4524 eius
258 4468 401 4523 satellites
421 4482 490 4522 eum
510 4465 685 4539 conglobati
705 4465 974 4521 circumstetissent
987 4478 1024 4517 ae
1038 4462 1131 4534 pulsis
1143 4461 1295 4533 Agerenis
