3050 4775
278 400 330 457 190
543 398 680 459 ZONAR.
699 398 798 457 ΕΡΙΤ.
818 398 888 458 XIV
908 399 949 471 12,
968 398 1082 471 49-13,
1102 398 1128 458 i.

243 585 389 667 Οέξήλθε
416 591 470 667 τῆς
493 582 685 658 Βυζαντίδος
707 584 743 646 τὰ
767 583 831 647 ὑπὸ
853 588 918 648 τῶν
939 586 1115 668 βαρβάρων
1137 586 1394 668 κατεστραμμένα

231 688 462 751 δοθεάσασθαι.
508 688 558 750 ὅτε
581 687 635 751 καί
657 686 675 751 6
698 687 786 769 ἥλιος
807 687 970 770 ίσκιάσθη,
993 687 1048 751 καί
1070 688 1147 770 γυνή
1170 711 1214 758 τις
1232 688 1266 751 ἐν
1281 685 1394 769 Θρᾴκῃ

276 790 401 853 παιδίον
424 790 525 853 ἔτεκεν
548 790 619 853 οὔτε
642 788 834 871 ὀφθαλμοὺς
855 790 927 852 οὔτε
948 790 1093 872 βλέφαρα
1114 791 1188 872 ἔχον
1202 790 1275 853 οὔτε
1289 795 1395 872 χεῖρας

277 895 347 957 οὔτε
371 894 552 977 βραχίονας,
585 894 699 976 ίχθύος
722 893 756 957 δὲ
780 895 910 975 οὐραῖον
931 892 1013 975 πρὸς
1035 900 1082 974 τῷ
1104 893 1194 974 ἰσχίῳ
1216 893 1395 975 προβεβλη-

232 998 379 1078 51μὲνον.
425 1001 480 1059 τοῦ
502 996 608 1077 μέντοι
630 994 784 1077 Χαγάνου
806 1003 844 1079 τῇ
869 994 983 1077 Θρᾴκῃ
1006 994 1193 1065 ἐπελθόντος
1214 994 1293 1077 μετὰ
1316 995 1422 1077 πλή-5

276 1098 358 1169 θους
380 1098 520 1179 ἀπείρου,
553 1098 572 1161 6
594 1102 658 1161 τῶν
677 1096 846 1180 Ῥωμαίων
868 1096 1038 1180 στρατηγὸς
1061 1096 1204 1179 Πρίσκος
1227 1098 1331 1167 δείσας
1353 1099 1396 1167 είς

276 1200 311 1263 τὸ
334 1200 490 1283 φρούριον
514 1198 714 1283 Τζαυρουλοῦ
743 1201 935 1265 συνέκλεισεν
957 1199 1076 1263 ἑαυτόν.
1122 1199 1141 1263 6
1170 1198 1205 1262 δὲ
1230 1200 1396 1282 βάρβαρος

232 1306 268 1361 52
276 1302 454 1384 πολιορκεῖν
469 1302 546 1365 αὐτὸ
561 1302 754 1385 ἡτοιμάζετο.
781 1302 850 1366 τότε
863 1303 1147 1384 κατεστρατήγησεν
1163 1302 1282 1365 ἐκείνου
1299 1300 1395 1364 Μαυ-

277 1405 376 1486 ρίκιος
398 1404 508 1487 τρόπῳ
530 1404 675 1486 τοιούτῳ·
701 1404 832 1487 γράμμα
847 1404 929 1485 πρὸς
943 1402 1088 1485 Πρίσκον
1108 1404 1286 1486 συντίθησιν
1308 1404 1395 1467 ἀντέ-

277 1532 341 1590 χειν
364 1507 459 1572 αύτδν
481 1512 669 1590 παραινοῦν·
701 1507 818 1590 μικρὸν
845 1507 906 1589 γὰρ
928 1507 1004 1570 ὅσον
1026 1506 1099 1576 τοὺς
1120 1506 1307 1589 βαρβάρους
1327 1502 1394 1589 μετ’
1407 1521 1442 1574 10

187 1612 215 1668 D
234 1610 427 1693 53αίσχύνής
459 1610 671 1693 ἀναχωρῆσαι.
717 1610 896 1673 στέλλεσθαι
928 1609 988 1692 γὰρ
1016 1610 1109 1673 πλοῖα
1136 1609 1181 1679 είς
1206 1609 1262 1692 τήν
1284 1610 1396 1692 χώραν

279 1713 385 1775 αὐτῶν
413 1712 469 1775 σὺν
501 1711 704 1794 στρατεύματι
730 1712 898 1795 ληίσαοθαι
925 1711 981 1782 τὰς
1007 1712 1107 1782 οἰκίας
1133 1713 1240 1775 αὐτῶν
1265 1710 1397 1782 καὶτὰς

234 1818 428 1897 ῖνλγυυαῖκας
460 1814 513 1878 καί
543 1812 616 1885 τοὺς
647 1815 763 1885 παῖδας
790 1816 896 1878 αὐτῶν
924 1815 1148 1897 δορυαλώτους
1174 1815 1259 1878 ἑλεῖν.
1304 1821 1396 1878 τοῦτο

278 1916 313 1980 τὸ
337 1918 468 2000 γράμμα
492 1916 605 1981 δίδωσί
624 1940 687 1990 τινι,
720 1918 899 2001 ἐπισκήψας
926 1919 1014 2000 αὐτῷ
1035 1923 1209 1999 περιπεσεῖν
1230 1924 1294 1987 τοῖς
1316 1920 1433 2001 βαρ-Ι)
1451 1934 1525 1987 IH‘.

234 2019 389 2101 ίιῡβάροις
412 2019 446 2082 ἐν
463 2027 510 2102 τῷ
523 2019 605 2102 πρὸς
619 2018 764 2102 Πρίσκον
787 2020 886 2102 δῆθεν
908 2020 1109 2102 πορεύεσθαι.
1155 2016 1194 2083 οὗ
1218 2022 1396 2102 γενομένου,
1410 2031 1442 2082 ii»

279 2120 335 2205 τὴν
350 2121 511 2205 ἐπιστολήν
526 2122 545 2185 δ
560 2122 725 2205 βάρβαρος
742 2121 898 2203 ἀναγνοὺς
911 2121 966 2184 καί
981 2122 1085 2193 δείσας
1098 2121 1170 2203 περί
1184 2128 1248 2193 τοῖς
1263 2123 1396 2204 οίκείυις,

280 2334 298 2387 2
316 2334 463 2404 σήμείωσαι
484 2332 534 2387 ΑΕ
606 2333 623 2389 5
642 2334 715 2394 ὅπως
733 2335 749 2387 6
766 2334 918 2404 Μαυρίκιος
935 2333 1129 2404 πολιορκοῦντα
1147 2333 1191 2389 τδν
1209 2334 1334 2404 Χαγάναν
1350 2333 1398 2406 τήν

283 2405 449 2475 Τζουρσυλδν
466 2407 648 2476 παρεσκεύασε
666 2407 711 2460 καί
728 2407 827 2461 ἅκαντα
845 2407 1000 2461 σπείσασθαι
1019 2406 1042 2461 C

335 2613 472 2682 2ήχυνή
493 2631 531 2672 τις
549 2612 585 2680 Ι),
604 2613 669 2682 γυνή
689 2613 872 2682 transposito
891 2633 928 2672 τις
948 2617 1016 2682 post
1037 2613 1131 2682 Θράκῃ
1151 2611 1174 2666 Β
1286 2618 1354 2684 post
1371 2615 1400 2668 ἕν

336 2684 405 2737 add.
424 2693 456 2752 τῇ
475 2682 570 2738 CDDi
664 2684 807 2754 λαθραῖον
824 2681 951 2754 prDi,
970 2685 1072 2753 οὐραίῳ
1091 2685 1118 2738 Α
1202 2693 1240 2752 τῷ
1259 2686 1343 2753 ἰσχύω
1363 2686 1397 2752 Α,

336 2755 364 2808 τδ
383 2755 460 2824 ίαχίω
475 2755 506 2823 Ε,
526 2763 564 2823 τῷ
583 2755 661 2824 ἰσχίῳ
677 2756 711 2822 R,
730 2756 897 2826 Theophyl.
917 2753 1024 2810 Simoc.
1043 2773 1071 2826 p.
1091 2756 1150 2824 941,
1171 2757 1214 2825 22,
1233 2756 1367 2826 Theoph.
1385 2756 1398 2808 I

336 2842 364 2896 p.
384 2827 445 2893 268,
464 2828 508 2888 21,
528 2827 614 2881 Cedr.
635 2826 647 2879 I
667 2844 694 2897 p.
714 2828 776 2894 696,
796 2829 820 2894 1,
839 2827 867 2881 τὸ
885 2828 970 2896 ἰσχίον
988 2827 1065 2897 pr
1138 2837 1207 2898 post
1225 2829 1310 2895 ι’σχίον
1329 2827 1399 2881 add.

335 2897 392 2951 τίνω
411 2898 489 2968 pr
561 2899 578 2952 ὅ
598 2905 644 2952 τοῦ
664 2915 720 2954 om.
742 2899 766 2954 O
838 2899 954 2967 χαχάναυ
972 2899 1060 2965 μέντοι
1080 2898 1104 2953 Ο
1181 2899 1228 2968 τὴν
1246 2900 1353 2967 θράκην
1373 2898 1399 2950 D

337 2969 353 3022 6
366 2971 476 3037 πρίσκας
490 2985 547 3024 om.
559 2968 639 3025 OWo
653 2970 702 3024 lsi.
776 2971 864 3029 δείσας
874 2970 956 3039 ARp,
970 2973 1056 3032 δείξας
1066 2969 1118 3037 w*‚
1132 2973 1268 3024 territus:
1288 2972 1320 3024 W
1319 2987 1336 3023 ο
1348 2970 1398 3023 lat.

335 3039 353 3093 8
371 3041 472 3095 ἐκεῖνον
491 3041 562 3110 Ewp
635 3041 652 3094 9
671 3041 811 3109 γράμματα
822 3040 921 3110 BEwp
992 3040 1131 3109 δνέχιινῦ
1204 3041 1239 3094 10
1255 3050 1401 3109 παραινοῦν

336 3111 635 3182 ι111,ιιαραινῶντν*ρ
724 3113 754 3166 11
774 3113 853 3166 πλοῖα
870 3112 897 3165 Α
916 3111 1082 3182 Theophyl.
1102 3113 1210 3167 Simos.
1230 3130 1257 3180 p.
1276 3112 1337 3180 250,
1359 3114 1400 3179 10,

336 3185 451 3253 τριήρεις
467 3184 541 3253 pr
616 3183 650 3237 12
669 3183 717 3238 σύν
738 3185 906 3252 στρατεύματι
926 3213 959 3222 -
977 3183 1066 3238 αὐτῶν
1085 3200 1141 3239 om.
1153 3184 1179 3236 D
1251 3184 1400 3252 ληῖσαμύιω

337 3255 368 3323 Β,
387 3257 537 3324 ληϊσαμένῳ
557 3253 579 3310 C
652 3256 686 3309 13
705 3255 793 3308 αὐτῶν
811 3255 901 3310 01110
973 3256 1150 3322 δοριαλώτους
1168 3254 1219 3324 Di,
1240 3255 1318 3309 md
1328 3255 1400 3308 XIII

336 3329 362 3394 8,
381 3329 399 3380 3
472 3326 506 3380 14
523 3327 669 3395 ἐπισκέψας
688 3327 710 3379 Ε
783 3327 818 3380 16
836 3333 889 3380 τῶν
905 3328 1012 3380 αίκείων
1031 3327 1113 3396 Ewp,
1132 3343 1160 3382 v.
1179 3327 1247 3381 XIV
1266 3327 1353 3394 14,36
1371 3331 1402 3380 et

336 3399 529 3468 Kruegerum
550 3396 667 3452 Griech.
687 3397 826 3467 Spraclsl.
846 3398 915 3465 568,
928 3397 964 3451 32
976 3397 1011 3452 A.

240 3615 368 3676 bobaris
391 3629 499 3668 aversa
517 3612 713 3737 contemplari
740 3613 845 3668 voluit
883 3613 949 3677 Quo
967 3618 1104 3684 tempore
1131 3619 1161 3668 et
1179 3613 1224 3668 soi
1243 3613 1354 3668 defecit
1372 3619 1403 3668 et

286 3687 392 3741 mulier
412 3685 562 3754 quaedam
582 3685 613 3737 in
660 3685 762 3738 hraeia
772 3699 901 3754 puerum
914 3686 1031 3755 peperit
1050 3686 1115 3740 sine
1135 3686 1238 3752 oculis,
1258 3688 1323 3740 sine
1341 3687 1403 3755 pai·

286 3759 396 3828 pebris,
416 3758 480 3810 siue
499 3756 639 3810 manibus
658 3770 695 3808 ac
714 3756 853 3823 brachiis,
872 3757 972 3809 cauda
994 3757 1109 3826 piscina
1127 3771 1225 3826 usque
1244 3757 1283 3811 ad
1294 3773 1403 3811 coxen—

241 3835 274 3888 51
286 3830 368 3885 dices
388 3833 535 3898 porrecta.
573 3827 684 3882 Verum
705 3826 851 3896 chagano
871 3843 938 3881 cum
963 3828 1081 3882 infinita
1098 3828 1291 3883 multitudine
1309 3828 1402 3881 Thra·

286 3905 363 3956 ciam
383 3901 529 3969 ingresso,
549 3898 677 3965 Priscus,
697 3897 902 3952 Romanorum
922 3898 993 3965 dux,
1012 3901 1135 3952 territus
1153 3901 1184 3952 in
1197 3899 1403 3968 castelloquo·

241 3977 276 4032 52
287 3974 355 4027 dum
366 3970 489 4025 Tzuruli
509 3985 541 4024 se
553 3971 707 4024 conclusit.
745 3969 908 4023 Mauricius
925 3977 1027 4024 autem
1039 3971 1205 4024 barbarum
1215 3970 1402 4025 obsidionem

286 4049 443 4114 parantem
463 4043 515 4094 tali
535 4041 667 4095 sollertia
686 4041 892 4094 circumvenit.
930 4041 1096 4110 Epistulam
1110 4043 1149 4096 ad
1163 4041 1298 4096 Priscum
1315 4042 1404 4095 mittit

285 4119 466 4180 monentem,
485 4119 519 4166 ui
539 4111 724 4166 obsidionem
744 4112 860 4166 toleret.
897 4111 973 4166 Nam
991 4114 1139 4167 barbaros
1157 4115 1237 4166 intra
1256 4114 1403 4182 exiguum

241 4191 276 4245 53
287 4194 405 4256 tempus
419 4200 487 4238 eum
498 4185 665 4253 ignominia
677 4198 864 4252 recessur0s;
883 4185 981 4237 missis
993 4185 1072 4238 enim
1086 4186 1117 4237 in
1127 4186 1285 4253 regionem
1298 4198 1404 4238 eorum

286 4274 353 4313 aum
372 4258 509 4312 exercitu
522 4256 660 4322 navibus,
681 4254 821 4309 domibus
840 4270 944 4309 eorum
965 4255 1090 4325 direptis
1109 4271 1222 4309 uxores
1244 4261 1275 4310 et
1293 4256 1405 4308 liberos

240 4329 425 4399 Mcaptivoa
444 4327 564 4381 abduci.
601 4327 688 4380 Hunc
717 4327 877 4397 epistulam
906 4327 1026 4381 cuidam
1045 4326 1138 4382 tradit
1155 4343 1193 4382 aa
1211 4327 1344 4394 mandat,
1370 4332 1405 4380 ut

241 4403 316 4461 bdiu
337 4402 444 4456 itinere
464 4398 502 4452 ud
517 4398 651 4454 Priscum
671 4398 709 4452 da
729 4397 879 4454 industria
898 4414 930 4453 se
942 4399 1081 4453 barbaris
1100 4399 1223 4468 offerut3
1241 4413 1303 4470 quo
1323 4398 1404 4452 sacto
