3050 4775
273 433 326 489 688
555 428 692 490 ZONAR.
711 430 810 489 uuir.
830 427 929 489 XVIII
948 433 990 501 11,
1010 428 1106 490 1-12.

87 614 435 685 Purtenadttontac
457 615 657 698 ἀποβεβήκει
696 617 716 699 ή
738 614 798 697 μὲν
822 614 882 699 γὰρ
905 616 941 679 ἐκ
965 615 1152 697 κατακρίτου
1176 614 1230 679 καλ
1253 615 1314 699 ήδη
1338 612 1391 679 τὸν

274 718 388 801 δήμιον
411 717 603 801 ἐφεστηκότα
626 718 767 799 δρῶντος
790 719 887 799 αὐτῷ,
911 718 950 781 οὐ
972 718 1073 799 μόνον
1095 716 1243 781 κινδύνου
1264 740 1390 799 προφα-

273 826 348 891 νοῦς
375 820 589 902 ἐξαρπάσασα,
621 819 699 883 ἀλλὰ
722 820 776 884 καί
798 820 981 903 τηλικαύτης
1004 820 1105 903 ἀρχῆς
1128 820 1289 893 ἀξιώσασα
1312 822 1392 901 ᾤετο

274 924 307 986 ἒν
328 928 423 986 πᾶσιν
445 923 524 1006 ἔχειν
546 927 658 985 τοῦτον
679 923 846 986 ὑπείκοντα
869 922 922 985 καί
951 922 1029 1005 αὑτὴ
1058 923 1223 1005 κατάρχειν
1249 929 1305 986 τοῦ
1332 924 1391 1006 βα-

247 1025 456 1096 3οιλεὺοντος.
503 1025 521 1088 ὁ
546 1024 581 1089 δὲ
603 1024 657 1088 καί
684 1024 788 1095 ἄλλως
818 1026 867 1088 ὢν
898 1024 1083 1098 ἀλαζονικὸς
1115 1026 1169 1088 καί
1200 1026 1419 1105 ἀδούλωτος,5

275 1123 322 1191 ἐπ’
347 1128 451 1211 ὀλίγον
472 1126 531 1210 μὲν
552 1128 743 1210 βιασάμενος
764 1126 801 1191 τδ
829 1126 912 1210 ήθος
934 1128 1085 1191 ὑπέπιπτέ
1105 1151 1138 1192 τε
1160 1134 1225 1198 ταῖς
1247 1134 1302 1211 τῆς
1324 1128 1390 1191 Αὐ-

246 1231 407 1313 4γοὺστης
429 1231 574 1313 θελήσεσι
596 1229 650 1294 κατ’
673 1230 854 1311 ὑπεκρίνετο
877 1230 932 1312 τὴν
952 1230 1146 1293 ὑπόπτωσιν·
1170 1229 1232 1293 εἶτα
1255 1229 1300 1311 μή
1326 1231 1391 1293 στέ-

274 1356 342 1416 γων
363 1333 420 1416 τήν
441 1333 514 1416 βίαν
535 1332 614 1415 ταχὺ
636 1331 718 1415 πρὸς
739 1331 794 1395 τδν
818 1333 933 1395 οἰκεῖον
955 1331 1073 1413 τρόπον
1101 1332 1313 1417 ἐπανελήλυθε
1340 1332 1393 1396 καί

273 1435 330 1519 τὴν
352 1434 499 1517 ὑπακοήν
522 1434 720 1516 ἐδυσχέραινε
742 1433 796 1497 καί
812 1434 925 1515 ήθελεν
944 1432 1038 1504 αὐτὸς
1054 1432 1089 1497 τὸ
1104 1436 1221 1516 κράτος
1235 1436 1393 1517 καθαρῶς

274 1536 504 1619 ἀναδήσασθαι.
1404 1541 1438 1595 10

248 1647 265 1701 5
364 1638 485 1709 Κακῶς
517 1638 552 1702 δὲ
583 1644 648 1702 τῶν
679 1638 774 1720 ἑῳων
807 1639 1022 1721 διακειμένων,
1058 1639 1111 1703 καλ
1142 1644 1207 1703 τῶν
1237 1638 1297 1721 μὲν
1330 1640 1392 1723 ήδη

240 1742 540 1823 Βόπεγνιυομένων,
574 1746 639 1804 τῶν
670 1740 705 1804 δὲ
736 1740 819 1823 πρὸς
850 1741 927 1805 αὑτδ
959 1742 1163 1825 χωρούντων,
1198 1743 1394 1823 ἐκστρατείαν

275 1843 418 1926 κηρύττει
441 1841 495 1906 καί
517 1843 651 1925 πήγνυσι
673 1842 729 1925 τήν
758 1842 880 1927 σκηνήν
906 1844 962 1927 τὴν
989 1845 1143 1926 βασίλειον
1171 1844 1250 1908 κατὰ
1277 1845 1314 1908 τὸ
1340 1851 1394 1929 τῆς

248 1947 360 2028 tipus
382 1953 490 2030 τμῆμα
512 1945 548 2009 τδ
570 1952 608 2030 τῇ
627 1946 791 2019 Βυξαντίδι
808 1947 1036 2029 ἀντίττορθμον,
1060 1947 1119 2011 δύο
1134 1954 1229 2011 ταῦτα
1245 1972 1391 2031 πραγμα-

274 2050 452 2131 τευόμενος,
483 2049 672 2132 ἀποτειχίσαι
695 2073 726 2113 τε
748 2056 813 2119 τοῖς
834 2050 1010 2133 βαρβάροις
1032 2049 1089 2132 τήν
1111 2051 1229 2133 ἔφοδον
1251 2051 1305 2115 καὶ
1328 2074 1392 2115 σω·
1405 2053 1437 2106 ¹5

274 2153 384 2235 τηρίαν
406 2153 453 2222 ὡς
476 2151 549 2215 ἓνδν
569 2158 779 2233 πρυτανεῦσαι
801 2160 848 2235 τῷ
871 2152 1007 2235 ὑπηκόῳ
1030 2152 1083 2215 καὶ
1106 2154 1211 2235 ἑαυτῷ
1234 2154 1393 2237 γαυρίαμά

274 2278 301 2317 τι
329 2255 593 2337 περιποιήσασθαι
625 2254 679 2318 καί
708 2254 754 2337 μὴ
787 2256 888 2319 πάντα
917 2255 1052 2318 ὑπείκειν
1080 2261 1118 2338 τῇ
1149 2255 1291 2339 βασιλίδι,
1327 2250 1392 2319 ἀλλ’

249 2356 370 2429 'labrire
385 2358 558 2442 αὑταρχεῖν.
596 2358 677 2442 δρας
700 2355 758 2421 οὑν
782 2358 905 2422 ἐκτῶν
927 2357 1093 2442 βασιλείων
1115 2358 1304 2442 πανοπλίτης
1323 2359 1392 2422 ἑπε-

277 2589 311 2644 18
329 2591 367 2643 ότι
386 2589 582 2659 ἐξεστράτευσεν
598 2590 616 2642 ό
632 2589 757 2659 Διογένης
776 2587 824 2645 OE
842 2589 870 2644 ἒν
889 2597 921 2659 τῇ
938 2589 993 2658 ipio
1011 2589 1057 2644 καί
1075 2591 1123 2646 ὅσα
1141 2590 1263 2660 ἐποίησεν
1282 2589 1305 2645 C

421 2749 434 2790 λ

330 2804 344 2858 1
362 2805 527 2874 lurdnpirov
545 2806 677 2875 (punctis
695 2809 769 2870 not.)
789 2805 816 2860 D
937 2811 1005 2876 post
1023 2806 1075 2875 ήδη
1095 2804 1164 2859 add.
1183 2806 1278 2876 σχεδὸν
1296 2803 1393 2876 BOrrp

330 2877 347 2930 2
364 2884 510 2945 προφανῶς
529 2876 553 2930 Ε
633 2878 651 2931 3
669 2878 835 2940 ἀξιώσασθαι
854 2877 881 2930 D
960 2878 977 2930 6
996 2898 1021 2930 τε
1041 2893 1097 2931 ont.
1117 2875 1235 2948 prDi
1312 2877 1329 2931 9
1347 2877 1393 2931 ὑπ·

329 2948 431 3018 ακσυήν
450 2947 478 3001 D
594 2949 723 3018 καθαρῶς
741 2946 868 3018 Βνρίλί,
887 2947 1007 3017 καθαρὸς
1026 2946 1053 3001 Α
1172 2949 1206 3002 12
1224 2957 1300 3003 τοῦτο
1319 2948 1392 3018 pr

331 3021 365 3074 15
384 3025 456 3146 ange
474 3022 607 3089 σωτηρίαν
625 3019 695 3074 add.
713 3021 785 3074 οὑτω
804 3019 901 3090 Bcwp
988 3021 1021 3072 18
1039 3021 1186 3089 βυζαντίων
1205 3019 1236 3090 C,
1253 3021 1394 3090 βασιλείων

330 3107 407 3148 corr.
450 3119 472 3151 W

249 3297 392 3366 2dociae,
412 3300 488 3352 tanti
508 3298 622 3368 lastigii
641 3299 783 3366 auctoris,
809 3314 823 3353 s
846 3315 893 3353 em
913 3299 1010 3353 elusit.
1047 3298 1133 3363 Quae
1151 3313 1218 3352 cum
1238 3313 1307 3352 eum
1327 3313 1395 3352 con·

277 3371 451 3425 demnatum
471 3374 501 3424 et
519 3375 635 3424 tantum
656 3386 717 3424 non
732 3315 903 3424 cannffeem
922 3372 1037 3424 instare
1056 3369 1208 3424 videntem
1226 3385 1287 3423 non
1305 3369 1395 3423 modo

275 3443 437 3496 manifesto
456 3442 590 3511 periculo
611 3443 779 3511 eripuisset,
799 3441 852 3496 sed
872 3441 912 3495 ad
931 3446 1047 3496 tantum
1061 3442 1220 3511 imperium
1235 3443 1395 3508 erexisset,

277 3513 405 3584 putabat
425 3527 458 3568 se
476 3513 558 3566 illum
578 3513 719 3568 omnibus
737 3515 768 3566 in
788 3515 880 3567 rebus
896 3513 976 3569 dicto
993 3513 1166 3567 audientem
1180 3512 1352 3566 lrabIturam
1365 3518 1396 3566 et

249 3583 372 3655 dipsam
392 3600 425 3638 re
451 3586 457 3598 '
472 3586 688 3653 imperaturam
702 3599 777 3639 esse.
815 3584 854 3640 At
871 3585 927 3653 ille,
947 3600 1007 3655 quo
1022 3589 1087 3639 erat
1100 3585 1224 3654 ingenio
1239 3585 1395 3652 arroganti

277 3664 369 3725 atque
388 3657 420 3709 iu
443 3656 543 3724 omno,
572 3657 611 3710 ad
635 3661 755 3726 tempus
774 3654 902 3711 naturae
922 3671 996 3710 suae
1015 3659 1046 3709 ri
1066 3659 1146 3710 lacta
1166 3655 1326 3724 Augustae
1346 3671 1397 3708 vo·

249 3727 384 3783 dluntati
406 3727 542 3792 cedebat,
570 3727 771 3782 submissIone
791 3728 943 3796 simulatam
971 3728 1025 3782 sed
1047 3741 1115 3781 cum
1139 3741 1205 3781 earn
1230 3727 1290 3780 rirn
1315 3728 1396 3780 serre

277 3814 339 3854 non
362 3804 471 3869 posset,
500 3799 638 3854 celeriter
656 3815 786 3854 excusso
806 3800 880 3869 iugo
900 3799 1046 3854 adsuunt
1071 3799 1226 3868 ingenium
1247 3797 1336 3852 rediit
1354 3803 1397 3852 at·

277 3886 337 3940 que
356 3869 518 3940 repudiata
538 3871 731 3925 oboedientia
750 3871 846 3925 libera
866 3877 1015 3940 potestate
1034 3871 1079 3924 uti
1098 3869 1229 3924 volebat.

250 3939 268 3994 b
367 3941 442 3996 Cum
468 3947 569 3996 autem
594 3957 644 3996 res
670 3943 831 3996 orientales
856 3943 934 3996 male
959 3957 992 3997 se
1016 3943 1171 4007 haberent,
1200 3946 1293 4009 atque
1317 3941 1396 3996 aliae

277 4012 458 4083 desperatae
476 4019 585 4080 essent,
604 4015 683 4067 aliae
701 4013 905 4083 desperationi
919 4015 1117 4084 propinquae,
1138 4012 1333 4082 expeditione
1347 4013 1396 4068 de·

276 4086 417 4138 nuntiata
440 4086 559 4154 regium
583 4085 812 4139 tabernaculum
835 4087 866 4139 in
890 4087 1017 4154 regione
1038 4085 1168 4137 Orientis
1190 4083 1320 4137 obverse
1340 4083 1396 4154 By-

250 4157 378 4210 bzautio
398 4156 464 4224 figit
483 4157 603 4210 duabus
622 4156 661 4210 de
681 4156 789 4222 causis,
814 4159 876 4210 tum
896 4162 930 4210 ut
947 4157 1147 4210 barbarorum
1170 4155 1396 4210 Incursionibus

278 4228 444 4297 prohibitis,
464 4228 678 4294 subiectorum,
698 4226 801 4295 quoad
814 4227 879 4282 fieri
898 4229 1005 4298 potuIt,
1024 4227 1113 4280 saluti
1134 4226 1312 4294 consuleret,
1331 4231 1395 4282 tum

277 4305 312 4354 ut
330 4299 448 4368 gloriae
467 4301 657 4353 occasionem
676 4303 814 4368 captaret
832 4315 888 4353 nee
907 4299 1034 4368 regmae
1046 4299 1238 4367 mancipium,
1258 4298 1312 4352 sed
1330 4300 1396 4368 ipse

251 4371 443 4439 'iimperator
468 4376 555 4425 esset.
593 4369 707 4424 Relicta
731 4371 825 4438 Igitur
848 4372 935 4439 regia
958 4373 989 4424 in
1008 4369 1160 4424 Orientem
1183 4371 1310 4437 traiecIt,
1338 4385 1396 4424 nec

277 4443 357 4497 iusto
377 4444 512 4498 exercitu
533 4442 643 4496 educto
662 4447 692 4496 et
711 4457 748 4496 eo
768 4443 844 4512 Ipso,
863 4457 952 4513 quem
972 4441 1130 4510 educebat,
1149 4447 1179 4495 et
1198 4455 1350 4496 armorum
1364 4446 1395 4497 et
