3050 4775
253 405 308 461 δθδ
542 402 678 460 zellen.
698 404 797 459 EPIT.
817 404 900 459 XVII
921 404 962 471 14,
980 402 1078 459 4-14.

254 589 356 671 βοῦσα
384 588 488 652 τοίνυν
513 586 611 658 εὐθὺς
632 586 686 651 τὸν
710 585 840 669 Μιχαὴλ
862 586 916 649 καί
938 584 1050 668 στολὴν
1073 586 1161 668 αὐτῷ
1182 585 1370 669 περιθεμένη

253 690 409 773 βασίλειον
434 690 488 755 καὶ
511 690 679 773 διαδήματι
700 689 755 772 τὴν
779 690 898 753 ἐκείνου
922 688 1064 773 κεφαλὴν
1086 688 1163 771 αὐτὴ
1188 688 1371 771 ἀναδήσασα

253 793 307 855 καὶ
330 794 379 856 eal
402 794 517 857 θώκου
539 793 702 876 βασιλικοῦ
726 792 948 874 καθιδρύσατο
971 792 1024 857 καί
1048 792 1125 875 αὐτὴ
1148 791 1370 874 παρακαθισα·

217 938 235 967 e
253 898 332 979 μένη
355 901 431 959 πᾶσι
452 902 516 966 τοῖς
537 897 605 959 τότε
626 903 763 977 παροῦσι
785 894 839 959 καί
854 897 1007 978 εὐφημεῖν
1022 895 1076 959 καί
1090 900 1277 977 προσκυνεῖν
1291 918 1371 976 προ-

61 1000 207 1058 russos
227 1000 405 1081 δετρέττετο.
451 1000 482 1063 οἱ
506 998 540 1063 δὲ
563 998 617 1063 καὶ
639 999 707 1063 τότε
729 999 840 1061 αὐτίκα
866 997 978 1068 νυκτὸς
1000 997 1056 1080 τὴν
1078 998 1294 1080 ίεροτελεστίαν
1317 974 1398 1077 τὴν11

255 1102 391 1184 γαμικὴν
411 1097 459 1165 ἐπ’
476 1103 581 1173 αὐτοῖς
597 1102 742 1184 γενέσθαι
757 1101 935 1184 ἱστόρησαν,
958 1106 1013 1165 τοῦ
1029 1100 1223 1183 πατριάρχου
1235 1098 1388 1173 illaesos·-

254 1204 450 1287 ἀφικομένου
473 1203 555 1287 πρὸς
577 1204 614 1267 τό
638 1205 776 1288 βασίλεια
799 1203 853 1267 καὶ
876 1202 929 1267 τὸν
951 1203 1010 1286 μὲν
1029 1201 1193 1285 Ῥωμανδν
1216 1202 1372 1265 τεθνεῶτα

254 1306 496 1390 καταλαβόντος,
519 1307 574 1373 τδν
597 1307 633 1372 δέ
649 1332 682 1390 χε
699 1305 828 1389 Μιχαὴλ
852 1308 893 1369 ἔτι
915 1306 952 1369 τὰ
976 1306 1025 1369 est
1047 1312 1084 1389 τῇ
1106 1304 1245 1388 βασιλείᾳ
1268 1302 1372 1367 τελού-

228 1416 359 1491 ὃμενον.
404 1411 466 1493 ἤδη
491 1410 526 1473 δὲ
549 1410 602 1474 καί
625 1416 688 1480 τοῖς
711 1412 775 1483 ἔξω
800 1409 1003 1479 διαδοθέντος
1030 1414 1085 1473 τοῦ
1115 1408 1287 1490 γεγονότος,
1319 1406 1372 1470 καὶ

254 1518 340 1577 πᾶσα
363 1515 383 1596 ἡ
406 1514 496 1585 πόλις
517 1512 571 1577 τὸν
593 1515 665 1578 νέον
687 1512 878 1595 ἀνηγόρευεν
900 1512 1127 1595 αὐτοκράτορα,
1150 1509 1186 1573 τδ
1208 1510 1266 1593 μὲν
1285 1509 1410 1592 αὗτῴῦ
1429 1515 1472 1571 IV
1490 1518 1521 1569 1:›

255 1615 467 1699 χαριζόμενοι,
499 1615 534 1679 ιδ
562 1612 590 1679 δ’
616 1616 661 1680 ὅτι
690 1615 743 1679 τδν
772 1614 901 1678 ἀπιόντα
930 1615 1177 1697 ἀπεφορτίσαπο
1203 1614 1371 1696 χαίροντες.

229 1725 245 1779 l
257 1720 275 1801 ὴ
302 1720 362 1801 μὲν
390 1718 448 1783 οὖν
476 1720 594 1801 βασιλὶς
621 1721 702 1801 ιβετο
729 1717 963 1801 βουλεύσασθαι
990 1718 1097 1799 ἄριστα
1124 1716 1178 1779 καὶ
1200 1717 1295 1798 ἑαυτῇ
1317 1714 1373 1797 τὴν

255 1827 360 1886 πᾶσαν
382 1824 527 1897 ἐξουσίαν
546 1822 811 1904 περιποιήσασθαι
826 1819 879 1885 καί
895 1820 948 1883 τὸν
964 1819 1093 1903 Μιχαὴλ
1108 1820 1265 1902 ὑπηρέτην
1280 1820 1371 1893 ἕξειν·

230 1924 291 1988 ὃτδ
314 1925 351 1988 δέ
372 1950 398 1989 τι
427 1926 563 2007 ἑτεροῖον
589 1926 780 2007 συμβέβηκε.
825 1924 918 2006 μέχρι
939 1923 998 2006 μὲν
1022 1923 1081 2005 γάρ
1104 1945 1185 1992 τινος
1208 1921 1373 2004 ἐσχηματί-

222 2029 325 2100 Βζετο
352 2033 454 2109 τηρεῖν
480 2026 562 2109 πρδς
590 2026 645 2109 τὴν
667 2026 810 2110 βασιλίδα
835 2026 974 2089 διάθεσιν
996 2026 1050 2089 καὶ
1072 2026 1166 2108 ταύτῃ
1189 2024 1373 2106 χαρίζεσθαι
1386 2024 1422 2079 15

230 2130 310 2191 unat
333 2129 369 2191 τὰ
392 2130 493 2211 ἐκείνη
517 2130 649 2212 θυμήρη
672 2135 783 2191 ποιεῖν·
807 2126 869 2191 εἶτα
893 2128 953 2190 οὔκ
974 2128 1017 2198 εἶς
1031 2126 1158 2211 μακρὸν
1174 2128 1303 2191 ἐκτεῖναι
1317 2126 1374 2208 τὴν

255 2233 462 2314 προσποίησιν
493 2230 709 2313 ἀνασχόμενος
735 2230 985 2313 μεθαρμόττεται
1012 2229 1066 2293 καί
1088 2230 1254 2293 ὑποπτεύει
1276 2228 1374 2311 αὐτὴν

256 2333 310 2397 καὶ
326 2333 430 2405 δείσας
445 2333 516 2416 περὶ
532 2334 636 2416 ἑαυτῷ
650 2334 813 2416 μεθίστησι
835 2333 893 2416 μὲν
915 2337 980 2396 τῶν
1002 2331 1167 2416 βασιλείων
1190 2330 1262 2404 τοὺς
1285 2332 1373 2396 ἔκτο-

255 2439 330 2519 μίας
352 2436 426 2508 τοὺς
448 2437 545 2520 αὐτῆς
565 2435 736 2520 πατρῴους
758 2436 957 2519 θεράποντας
979 2435 1032 2500 καὶ
1048 2435 1102 2508 τὰς
1118 2437 1213 2520 αὐτῆς
1228 2435 1375 2518 συνήθεις

261 2677 292 2730 12
310 2678 375 2737 οίως
393 2677 477 2746 (ὅπως
496 2677 531 2744 Ε)
550 2677 654 2746 διετέθη
673 2677 739 2744 πρδς
757 2675 804 2746 τὴν
822 2677 945 2745 βασιλίδα
963 2677 979 2728 δ
996 2676 1105 2746 Μιχαὴλ
1125 2674 1172 2732 GE

311 2901 376 2970 bol]
390 2903 452 2954 ἔνιοι
465 2900 587 2970 Bcnwp
660 2903 898 2970 Ἰμετακληθέντος
910 2899 958 2955 BC
1030 2901 1105 2955 9καί
1119 2901 1245 2955 alierum
1260 2917 1316 2954 om.
1326 2899 1375 2954 BC

313 2973 346 3027 14
363 2974 525 3043 ἀποβεβήκει
545 2973 593 3028 BC
716 2975 746 3026 15
767 2979 833 3042 post
853 2981 941 3040 τηρεῖν
960 2971 1029 3025 add.
1049 2972 1096 3040 τὴν
1115 2969 1254 3040 wath'
1273 2973 1376 3025 Invitis

311 3044 365 3098 AR
378 3050 408 3099 et
421 3045 507 3099 Psetl.
526 3062 553 3114 p.
566 3045 609 3112 50,
621 3046 655 3098 16
728 3046 761 3098 16
781 3044 888 3112 μακρὰν
901 3041 1054 3113 DuwpDi‚
1076 3059 1103 3097 v.
1123 3043 1163 3097 ad
1175 3043 1273 3098 XVIII
1287 3044 1329 3111 22,
1344 3045 1376 3098 17

312 3118 347 3171 18
365 3117 453 3180 δείξας
468 3116 496 3169 D
568 3139 590 3170 τ.
608 3117 732 3184 ἐκτομίας
752 3115 843 3170 om.O
917 3116 950 3169 19
968 3115 1035 3186 αὐτῇ
1053 3115 1177 3185 συνήθεις
1196 3113 1377 3185 B⁸CEwpDi

230 3336 281 3394 4si
306 3355 368 3408 qna
390 3341 422 3394 iu
447 3341 572 3410 negotio
595 3357 681 3396 more
703 3343 956 3411 interponeretur.
993 3339 1099 3397 StetIm
1124 3341 1219 3409 igitur
1238 3337 1377 3394 Michaeli

258 3416 398 3466 ornatum
417 3414 535 3482 regium
554 3413 762 3467 accommodet
781 3416 874 3482 atque
893 3413 958 3467 elus
978 3416 1070 3482 eaput
1089 3410 1260 3466 diademate
1279 3416 1376 3480 ornat,

258 3489 321 3536 tum
350 3484 378 3536 ei
403 3483 433 3536 in
459 3485 545 3553 regio
570 3484 645 3538 solio
674 3483 821 3540 eolloesto
850 3484 987 3539 assidens
1018 3498 1129 3550 omnes,
1159 3484 1210 3552 qui
1239 3483 1377 3550 ederent,

230 3548 405 3615 ohortatun
425 3560 459 3609 ut
471 3570 540 3609 eum
554 3555 685 3610 salutent
698 3561 728 3610 et
746 3556 883 3610 adorent.
922 3555 1050 3620 Quidem
1070 3560 1210 3609 auctores
1229 3559 1299 3609 sunt
1313 3559 1376 3608 tum

258 3627 358 3679 statim
369 3641 487 3680 suerum
498 3627 634 3694 nuptiale
644 3632 734 3681 noete
740 3632 905 3697 peractum,
916 3627 1090 3696 patriarcha
1099 3624 1207 3682 Alexio
1218 3627 1248 3680 in
1259 3627 1377 3695 regiam

258 3698 412 3763 arcessito,
426 3699 478 3765 qui
491 3702 521 3752 et
534 3697 702 3752 Romanum
716 3705 867 3753 mortuum
882 3705 911 3754 et
924 3697 1098 3753 Michaelem
1110 3698 1227 3769 imperii
1240 3698 1378 3767 auspicia

231 3765 332 3822 diune
350 3775 547 3838 peragentem
569 3770 729 3824 invenerit.
768 3770 883 3832 Quibus
906 3771 999 3824 rebus
1022 3771 1112 3824 etiem
1138 3769 1211 3825 forts
1235 3769 1377 3838 vulgetis,

258 3845 323 3892 tote
342 3841 449 3894 civitas
468 3856 582 3895 novum
601 3842 814 3910 Imperatorem
837 3841 1056 3908 consalutabat,
1083 3843 1191 3909 partim
1216 3841 1287 3894 huie
1310 3857 1378 3910 gra·

232 3909 415 3974 ltifieantee
435 3913 544 3980 partim
558 3912 637 3980 laeti
657 3914 708 3982 qui
722 3913 858 3967 defuncti
872 3912 941 3966 odio
956 3913 1075 3967 liberati
1092 3917 1199 3968 essent.
1229 3911 1377 3980 Reginam

259 3994 360 4036 autem
384 3990 481 4036 retain
505 3999 538 4038 se
560 4000 651 4052 quem
674 3986 840 4038 rectissime
860 3984 916 4038 sibi
941 3984 1133 4054 prospexisse
1162 3983 1305 4052 omnique
1349 3999 1378 4038 o·

259 4059 368 4109 testate
383 4055 414 4108 iu
434 4069 466 4109 se
486 4055 632 4110 translata
645 4055 821 4110 Michaelem
835 4055 1006 4110 habituram
1020 4055 1186 4109 ministrum
1201 4069 1270 4125 spes
1288 4000 1378 4110 vane

231 4125 373 4179 8ieiellit.
410 4125 486 4180 Nam
514 4127 701 4195 aliquamdiu
725 4128 775 4182 ille
804 4126 926 4195 quidem
951 4127 1078 4197 pristino
1107 4143 1210 4182 amore
1238 4126 1378 4180 simulato

260 4197 412 4265 obsequiis
431 4199 587 4252 mulierem
606 4198 797 4252 demulcebat
816 4213 922 4266 eaque,
943 4213 1022 4266 quae
1041 4198 1082 4251 illi
1099 4205 1189 4267 grata
1208 4201 1316 4264 essent,
1336 4199 1378 4250 ia-

231 4266 368 4322 9ciebat.
405 4266 465 4323 Sed
490 4285 559 4324 cum
585 4270 806 4324 simulationem
833 4269 955 4339 longius
980 4267 1150 4338 producere
1175 4285 1236 4324 non
1251 4278 1254 4283 ⁴
1268 4273 1379 4337 posset,

259 4341 382 4393 mutatis
401 4341 535 4394 moribus
555 4356 621 4400 eam
642 4347 813 4409 suspectam
833 4339 924 4395 habet
943 4346 974 4395 et
992 4341 1048 4394 sibi
1068 4346 1205 4396 metuens
1219 4340 1379 4410 prinmrios

259 4411 339 4465 illius
358 4412 510 4468 ministros
529 4417 677 4468 castratos
696 4429 714 4467 e
732 4415 821 4484 regia
840 4413 917 4480 eicit,
944 4413 1059 4467 ancillis
1078 4413 1149 4468 item
1168 4413 1276 4468 amotis
1295 4411 1379 4466 iami-
