3050 4775
246 317 298 375 lac
534 317 670 376 ZONAR.
689 317 789 386 EPIT.
809 315 881 374 XIII
900 315 943 388 25,
962 315 1078 376 93-36.

244 502 399 576 θανόντος
426 501 479 568 καλ
506 509 562 588 τῆς
583 502 783 588 Πουλχερίας
810 503 1043 587 ἕκμετρησόσης
1070 498 1104 566 τὸ
1128 503 1185 586 ζῆν
1208 499 1366 586 ἐκδίκησιν

244 608 400 690 ἑτέρωθεν
421 605 467 690 μὴ
492 607 667 682 ἐλπίζουσα,
692 607 895 690 διαπέμπεται
909 605 991 688 πρὸς
1009 603 1168 689 Γιζέριχον
1182 611 1247 670 τῶν
1261 604 1364 670 otas-

245 711 352 794 όήλων
375 712 457 795 ῥῆγα
474 711 671 794 καλούμενον
687 710 740 774 καί
755 716 811 793 τῆς
825 715 881 774 τοῦ
896 708 1050 791 Μαξίμου
1066 710 1249 791 τυραννίόος
1264 709 1363 772 ἀπαλ-

197 811 375 898 ’έίλαγῆνατ
397 815 566 896 έκλιπαρεῖ·
590 813 643 878 καί
666 816 702 884 ὃς
725 815 821 878 ἔπεισι
842 819 881 896 τῇ
900 812 1008 897 Ῥώμη
1033 811 1089 876 σῦν
1112 812 1213 896 στόλῳ
1236 812 1290 877 καλ
1309 814 1363 877 ‹Iv-

242 917 334 1001 νέμει
364 918 475 1002 πολλῇ.
522 916 576 980 καὶ
604 918 623 982 ὁ
652 916 805 999 Μάξιμος
837 917 959 1000 ἀπέόρα
990 915 1104 999 ταύτης
1135 916 1189 980 καί
1221 917 1392 980 κτείνεταιῦ

198 1018 233 1075 95
242 1018 329 1104 παρὰ
352 1024 417 1084 τῶν
440 1019 599 1085 συνόντων
621 1021 716 1103 αὐτῷ.
763 1021 783 1084 ὁ
799 1019 834 1084 δὲ
849 1018 1011 1103 Γιζέριχος
1028 1019 1158 1091 ἀπόνως
1173 1026 1227 1104 τῆς
1239 1019 1365 1102 Ῥώμης

242 1129 358 1207 κρατεῖ,
391 1124 444 1187 καλ
472 1121 527 1188 τὸν
557 1124 692 1188 πλοῦτον
722 1123 819 1208 αὐτῆς
847 1123 1118 1206 συγκομισάμενος
1146 1123 1278 1204 ἅπαντα,
1311 1121 1403 1186 καὶΙ)
1418 1125 1511 1181 11125

242 1225 279 1290 τὰ
306 1233 371 1292 τῶν
396 1228 496 1291 θείων
523 1230 611 1290 ναῶν
639 1227 830 1310 ἀναθήματα
863 1227 899 1290 ἐκ
933 1231 1053 1309 χρυσοῦ
1084 1227 1279 1309 πεποιημένα
1311 1225 1365 1289 καί

198 1327 234 1384 26
243 1330 343 1401 λίθοις
365 1329 581 1413 κοσμούμενα,
613 1330 670 1393 καί
689 1353 753 1394 τινα
778 1335 843 1394 τῶν
864 1328 951 1412 παρὰ
978 1329 1066 1392 Τίτου
1090 1327 1314 1412 κομισθέντων
1332 1329 1366 1402 ἐξ

239 1432 470 1516 Ἱεροσολύμων
493 1438 618 1497 σκευῶν
638 1439 694 1497 τοῦ
718 1435 817 1497 ἐκεῖσε
839 1439 928 1515 ναοῦ,
953 1433 1139 1515 εἰργασμένα
1163 1433 1216 1496 καί
1233 1430 1312 1496 αὐτὰ
1329 1432 1364 1495 ἐκ
1378 1433 1412 1487 10

243 1541 373 1618 χρυσοῦ,
389 1536 498 1619 λαβὼν
513 1536 567 1600 καλ
581 1535 637 1620 τὴν
649 1535 810 1610 Εῦόοξίαν
825 1534 882 1600 σὺν
896 1541 962 1606 ταῖς
978 1535 1037 1599 δύο
1053 1535 1244 1617 θυγατράσιν
1260 1536 1366 1617 αὐτῆς,

152 1636 179 1692 D
199 1636 234 1691 27
244 1638 421 1722 ἐπανῆλθεν
444 1641 487 1710 εἷς
504 1640 666 1723 Ἂφρικήν.
712 1639 766 1703 καὶ
789 1639 845 1722 τὴν
866 1637 926 1720 μὲν
952 1643 1017 1701 τῶν
1043 1639 1231 1722 θυγατέρων
1260 1639 1366 1722 αὐτῆς,

243 1739 480 1824 τὴνΕὗόοκίαν,
502 1749 549 1825 τῷ
566 1743 771 1826 πρεσβυτέρῳ
790 1746 854 1806 τῶν
870 1741 995 1805 οἰκείων
1010 1742 1089 1804 υἱῶν
1100 1739 1271 1824 Ὀνωρίχῳ
1294 1764 1366 1805 ουν-

245 1844 359 1927 έζευξε,
388 1843 445 1928 τὴν
473 1846 509 1909 δέ
535 1869 570 1928 γε
593 1845 770 1909 Πλακιόίαν
792 1844 912 1927 μαθὼν
940 1843 1031 1926 ἀνδρί
1058 1845 1295 1928 κατηγγυῆοθιιι
1322 1851 1369 1926 τῷ

200 1945 399 2030 ἳὸπατρικίῳ
417 1946 589 2031 Ὀλυβρίῳ,
622 1948 722 2032 ἐτήρει
750 1948 808 2012 σὺν
835 1953 873 2030 τῇ
899 1947 992 2030 μητρί
1015 1945 1170 2028 Εῦόοξίᾳ·
1203 1947 1282 2010 ἔνθα
1310 1946 1369 2010 ὀύο
1382 1949 1415 2004 15
1522 2017 1523 2022 1

249 2050 440 2133 όιαγαγοῦσα
465 2048 623 2120 ἐνιαυτοὺς
645 2051 665 2133 ἡ
689 2050 808 2134 βασιλὶς
823 2049 963 2123 Εὐδοξία
988 2049 1164 2132 ἐπανῆλθεν
1187 2050 1229 2120 εἰς
1251 2048 1287 2112 τὸ
1304 2048 1368 2112 Βυ-

249 2152 370 2227 ζάντιον
392 2151 470 2236 μετὰ
492 2159 547 2237 τῆς
568 2151 729 2234 θυγατρός
751 2153 847 2235 αὐτῆς
863 2150 1048 2232 Πλακιόίας,
1073 2152 1264 2234 Μαρκιανοῦ
1280 2153 1369 2235 βασι-

204 2254 402 2327 ἳθλεόοντος.
448 2256 468 2338 ἡ
492 2254 552 2338 γὰρ
575 2253 719 2319 Εῦόοκία
742 2253 800 2318 σῦν
821 2261 868 2338 τῷ
891 2253 981 2338 ἀνόρλ
1004 2254 1204 2338 κατελείφθη,
1237 2251 1267 2337 ᾦ
1290 2277 1369 2337 συμ-

249 2479 268 2620 3
283 2481 358 2605 μίξας
376 2478 446 2606 {gg
464 2477 535 2549 παρὰ
548 2479 688 2548 Γιζιρίχου
701 2484 748 2533 τοῦ
763 2477 927 2547 Οῦανόήλων
940 2476 1020 2547 ρηγὸς
1036 2478 1068 2540 (τ.
1084 2476 1182 2533 Οῦανῦ.
1196 2476 1254 2547 ῥηγ.
1269 2492 1325 2532 om.
1336 2475 1371 2544 E)

314 2571 376 2620 WI

305 2760 323 2815 2
341 2760 384 2816 τόν
402 2759 430 2814 D
511 2761 529 2816 θ
548 2766 620 2816 ante
636 2759 728 2816 duell.
749 2761 818 2816 add.
838 2760 874 2815 δι’
892 2759 974 2815 αὐτοῦ
993 2759 1066 2829 pr
1146 2758 1163 2815 ὖ
1182 2758 1227 2815 καί
1245 2761 1261 2813 ό
1278 2757 1338 2826 ΑΕ,
1359 2760 1375 2813 o'

305 2831 336 2887 δέ
354 2831 427 2903 pr
517 2833 601 2901 ἀπίόρ
620 2832 685 2899 (sit)
704 2832 728 2887 E
819 2831 851 2886 11
872 2832 918 2886 καί
936 2829 971 2893 Α,
991 2831 1020 2886 δὲ
1039 2832 1113 2902 pr
1205 2832 1240 2886 13
1258 2832 1372 2900 όνορίχω

304 2902 418 2974 Afflw),
441 2905 566 2974 Ονορίχῳ
585 2921 613 2975 p,
629 2905 770 2974 Ὀνωρίχῳ
789 2901 840 2972 Di,
860 2919 937 2958 corr.
954 2904 1035 2959 B·W
1103 2904 1138 2958 14
1156 2902 1214 2973 ῦίγε
1232 2904 1373 2958 πλακιόίαν

305 3046 340 3112 Α,
360 3048 418 3116 θίγε
426 3047 519 3116 λοιπὴν
528 3046 612 3117 pr,
632 3046 662 3101 δὲ
669 3045 764 3115 λοιπὴν
774 3046 801 3099 D
873 3046 906 3101 15
924 2996 1039 3117 όλῦῦρίω
1050 3044 1085 3115 Α,
1104 3047 1221 3115 ὀλυβρίω
1232 3043 1372 3117 R(wth')

307 3119 341 3173 16
359 3120 517 3189 διαγαγοῦσα
536 3116 647 3189 Apr,
666 3118 700 3189 δὴ
717 3119 852 3188 ἀγαγοῦσα
871 3117 894 3171 Β
973 3118 1008 3172 18
1026 3118 1208 3173 καταλέλειπτο
1227 3116 1300 3188 pr

252 3334 383 3390 Iniuriae
401 3334 553 3389 vindicem
571 3350 634 3389 non
647 3337 792 3404 speraret,
812 3334 902 3388 mittlt
914 3334 954 3388 ad
967 3332 1146 3403 Gizericum,
1166 3332 1375 3388 vandalorum

206 3397 242 3454 24
252 3422 366 3476 regem,
395 3420 526 3476 cumque
550 3410 625 3472 oret,
653 3411 689 3460 ut
705 3404 829 3460 Maxtmi
852 3405 1015 3474 tyrannide
1041 3405 1194 3461 liberetur.
1232 3405 1261 3459 Ie
1280 3406 1375 3474 igitur

253 3478 435 3547 aggreditur
451 3476 577 3531 Romam
598 3492 667 3531 cum
689 3477 785 3531 classe
810 3482 840 3531 et
863 3478 958 3546 copiis
981 3479 1114 3546 magnis3
1143 3476 1196 3531 sed
1215 3476 1373 3543 Maximus,

207 3541 322 3603 25cum
342 3564 380 3603 ex
400 3550 477 3603 urbe
497 3549 661 3617 effugisset,
680 3554 808 3603 necatur
827 3564 846 3601 a
865 3549 928 3602 suls
948 3549 1115 3603 comilibus.
1153 3548 1199 3602 Ite
1218 3546 1375 3603 Gizericus

253 3620 350 3675 Roma
367 3620 451 3675 nullo
470 3620 575 3675 labore
594 3624 692 3689 capta,
718 3635 786 3673 cum
805 3618 927 3673 divitias
946 3621 1031 3675 urbis
1050 3634 1179 3689 magnas
1199 3627 1229 3673 et
1248 3619 1374 3674 deorum

208 3684 434 3761 26templorum
458 3691 540 3745 dona
565 3707 660 3745 aurea
683 3690 897 3760 lapidibusque
922 3696 1029 3745 ornata
1048 3697 1078 3745 et
1096 3690 1243 3745 nonnulla
1262 3706 1337 3745 vasa
1357 3706 1375 3743 a

254 3762 322 3817 Tito
342 3763 434 3816 allata
453 3778 470 3816 e
488 3763 600 3832 templo
619 3761 903 3830 Hierosolymitano,
933 3777 1028 3816 aurea
1047 3768 1077 3816 et
1101 3763 1175 3831 Ipsa,
1205 3762 1376 3831 collegisset

253 3848 317 3887 una
346 3849 413 3887 cum
437 3834 579 3888 Eudoxia
606 3835 733 3903 eiusque
762 3833 883 3886 duabus
911 3833 1031 3887 filiabus
1059 3835 1090 3887 in
1115 3832 1250 3887 Africam
1278 3833 1375 3887 rediit.

209 3899 348 3959 licuius
366 3904 458 3958 liliam
476 3905 642 3959 Eudociam
662 3904 836 3958 Honoricho
860 3903 920 3958 fillo
946 3906 1053 3959 maiori
1077 3911 1152 3959 natu
1175 3905 1283 3968 innecii,
1312 3904 1376 3957 Plo·

256 3975 364 4030 cidiam
384 3980 485 4031 autem
505 3993 573 4031 cum
593 3977 788 4045 cognovisset
807 3975 988 4043 desponsam
1008 3991 1074 4031 esse
1098 3976 1223 4045 patricio
1244 3974 1376 4044 Olybrio,

210 4043 318 4101 28uua
343 4062 412 4101 cum
437 4052 535 4102 matre
553 4047 694 4101 Eudoxio
718 4047 869 4102 servabat.
907 4046 965 4101 Ubi
995 4062 1063 4101 cum
1092 4046 1169 4101 duos
1197 4062 1253 4116 per
1281 4062 1378 4101 annos

256 4124 378 4173 versata
406 4124 486 4173 esset
512 4120 621 4188 regina
645 4119 794 4183 Eudoxio,
823 4117 912 4172 rediit
935 4118 1116 4187 Byzantium
1141 4133 1210 4172 eum
1235 4118 1297 4171 lilia
1321 4133 1377 4173 sua

210 4187 399 4258 aspasium,
412 4189 566 4244 Marciano
580 4205 663 4259 rege,
683 4189 819 4243 Eudooia
833 4204 900 4241 oum
914 4192 1022 4246 martto
1035 4190 1148 4255 relicta,
1168 4205 1255 4257 quae,
1275 4204 1378 4257 quam·

256 4262 302 4315 vis
315 4276 384 4315 eum
398 4278 434 4316 co
448 4263 633 4317 convixisset
646 4276 743 4315 annos
756 4258 826 4315 XVI
837 4261 969 4315 etlilium
985 4262 1152 4330 peperIsset
1162 4260 1377 4327 Hi1dericbum,

256 4338 357 4389 tamen
382 4348 476 4407 aegre
501 4334 602 4391 serens
627 4332 876 4391 consuetudinem
900 4334 1000 4389 martti
1024 4332 1207 4389 Asianorum
1232 4332 1377 4403 dogmate
