3050 4775
345 431 521 490 AGARENI
540 433 756 492 ANTIOCHIA
776 433 949 491 REPVLSI.
985 434 1104 492 RVSSI.
1229 435 1283 492 523

161 640 193 680 τε
216 615 269 680 καὶ
292 615 345 680 τὸν
364 616 528 700 Ῥωμανὸν
551 618 654 681 οὐκέτι
677 622 741 682 τῶν
764 619 846 682 οἴκοι
868 618 1051 700 ἐμέμνηντο,
1076 617 1141 682 ἀλλ’
1167 618 1283 701 ήθελον

162 720 259 783 αὐτοῦ
282 743 345 784 που
367 721 470 802 μένειν
488 719 543 803 τήν
558 721 670 803 χώραν
685 720 874 804 κατέχοντες.
919 718 1001 800 πρὸς
1016 725 1106 783 τοῦτο
1123 714 1152 782 δ’
1168 718 1283 790 αὐτοὺς
1294 732 1328 789 18

161 822 215 886 καὶ
226 822 245 886 ὁ
258 822 447 906 Καλοκυρὸς
459 824 657 907 ἀνηρέθιζεν·
675 822 727 886 “el
736 822 797 906 γὰρ
808 821 953 905 βασιλεὺς
964 821 1132 904 Ῥωμαίων
1143 822 1282 905 ἀναρρη-

161 925 303 1008 θήσομαι
330 921 406 1008 παρ’
430 927 560 1009 ὕμῶν”,
592 926 676 1009 ἔλεγε
703 925 781 1010 “τής
808 949 840 988 τε
866 929 930 990 τῶν
953 923 1151 1007 Βουλγάρων
1172 925 1283 1008 χώρας

135 1029 391 1111 ὑπαραχαιρήσαι
416 1029 489 1110 ὑμῖν
511 1029 565 1092 καὶ
589 1030 783 1113 διαθήσομαι
804 1027 886 1109 πρὸς
905 1029 989 1108 ὑμᾶς
1004 1028 1130 1111 εἰρήνην
1146 1027 1281 1090 όιαιωνί-

163 1132 280 1204 ζουσαν
311 1131 365 1194 καὶ
396 1131 433 1194 τὰ
462 1131 661 1215 ὑπεσχημένα
689 1133 820 1215 παρέξω
849 1129 929 1194 κατὰ
957 1129 993 1194 τὸ
1020 1129 1283 1194 πολλαπλάσιον.”

162 1233 193 1296 οἱ
216 1232 249 1296 δὲ
273 1240 309 1316 τῇ
331 1259 363 1298 τε
385 1240 449 1298 τῶν
472 1240 591 1318 χωρῶν
614 1235 708 1318 ἀρετῇ
731 1235 916 1317 θελχθέντας
938 1234 1079 1304 καὶτοῖς
1101 1233 1204 1315 λόγοις
1227 1237 1281 1296 τοῦ
1294 1240 1327 1294 19

25 1337 52 1391 Ι)
65 1334 354 1419 ΙνθλΚαλοκυροῦ
382 1338 600 1420 χαυνωθέντες
629 1339 700 1402 οὔτε
723 1345 769 1420 τῷ
791 1337 913 1421 βασιλεῖ
931 1337 1032 1400 πάντα
1054 1336 1194 1419 ποιήσειν
1217 1336 1281 1399 ἔπι-

161 1438 231 1522 τελή
258 1438 295 1501 τά
322 1439 409 1522 παρὰ
439 1446 494 1505 τοῦ
523 1439 716 1524 Νικηφόρον
750 1441 856 1524 σφίσιν
886 1441 1086 1522 ὑπεσχημένα
1120 1438 1283 1502 ἐπείθοντο

118 1543 152 1598 10
161 1541 312 1623 γράφοντι
334 1542 388 1606 καὶ
410 1548 473 1613 τοῖς
491 1544 656 1627 πρέσβεσιν
678 1541 841 1626 ὡμίλησαν
856 1541 1134 1624 ἀλαζονικώτερον.
1181 1541 1328 1604 ἐμεῦ-20

160 1645 219 1708 θεν
241 1645 381 1727 ἅρασθαι
404 1641 471 1708 κατ’
497 1647 602 1710 αιἰτιῖιν
625 1646 706 1709 ὅπλα
731 1646 909 1729 ήνάγκαστο
932 1644 987 1708 καὶ
1008 1649 1075 1714 ταῖς
1092 1643 1442 1726 ῬωμαὶκαῖςΡΙΙῖιοΑ

161 1747 328 1830 δυνάμεσιν
362 1749 527 1832 ἐπιστήσας
565 1749 771 1832 στρατάρχην,
808 1749 846 1811 ὃν
879 1747 1089 1832 στρατηλάτην
1122 1745 1282 1828 ὠνόμασε,

159 1849 292 1932 Βάρόαν
314 1851 485 1934 μάγιστρον
503 1850 557 1916 τὸν
573 1851 731 1935 Σκληρόν,
755 1857 810 1934 τῆς
833 1851 894 1934 ήὸη
920 1849 1082 1934 θανούσης
1104 1850 1201 1914 αὐτοῦ
1226 1872 1281 1931 γα-

159 1959 254 2036 μετῆς
276 1953 473 2038 αὐτάδελφον
496 1955 581 2036 ὄντα,
605 1954 746 2038 ὁρμῆσαί
767 1953 899 2018 οἱκατὰ
922 1959 986 2018 τῶν
1005 1953 1085 2024 ‘Por
1107 1952 1280 2017 ἐνετείλατο.

118 2055 213 2120 mxci
229 2055 247 2120 ὁ
262 2055 321 2138 μὲν
336 2055 442 2140 ἀπῄει·
466 2059 497 2120 ολ
510 2057 669 2142 βάρβαροι
691 2058 725 2122 δὲ
748 2063 840 2122 τοῦτο
862 2057 1020 2140 μαθόντες
1042 2057 1096 2120 καὶ
1119 2057 1138 2120 ὁ
1161 2056 1282 2120 τούτων
1291 2063 1324 2117 21

163 2159 298 2243 ἔξαρχος
320 2159 635 2245 όΣφενὸοσθλάβος,
657 2161 731 2231 τοός
752 2185 785 2224 τε
799 2159 1006 2243 Βουλγάρους
1029 2160 1208 2230 ὁπλίσαντες
1229 2158 1283 2222 καλ

163 2261 352 2346 συμμάχους
366 2263 609 2346 προσειληφότες
624 2262 770 2338 Σκύθας,
793 2265 827 2326 οἳ
841 2261 1031 2337 Πατζινάκαι
1054 2262 1281 2345 κικλήσκονται,

161 2363 215 2429 καὶ
237 2362 310 2437 τοὺς
334 2363 390 2449 τήν
412 2363 575 2431 Παιονίαν
604 2365 769 2438 οἰκοῦντας
794 2365 957 2449 Τούρκους
983 2364 1037 2431 καὶ
1064 2363 1208 2448 στρατιάν
1238 2364 1282 2438 εἷς

162 2586 197 2641 10
214 2589 253 2641 ότι
270 2588 287 2641 ό
303 2586 428 2657 Salonis
445 2588 554 2657 Βάρόας
572 2587 666 2659 ἐστάλη
685 2586 753 2644 κατὰ
771 2594 825 2643 τῶν
837 2589 906 2649 'Por
925 2588 992 2658 (ρ’ὼς
1010 2587 1070 2658 ΟΕ)
1089 2587 1137 2645 ΟΕ

216 2802 229 2856 1
251 2824 277 2857 τε
297 2818 353 2858 om.
373 2804 445 2874 Ewp
538 2804 717 2873 2κατέχσντα
736 2804 772 2873 D,
792 2820 869 2861 corr.
889 2804 940 2863 D„
1039 2804 1116 2864 αὐτὸς
1134 2803 1166 2871 O,
1185 2803 1281 2865 αὐτοὺς

215 2890 291 2929 corr.
306 2874 351 2932 Οτι
423 2876 441 2930 3
459 2876 584 2945 ἠρέθιζεν
601 2878 618 2931 ό
634 2876 785 2944 καλοκυρός
803 2878 965 2945 (καλόκυρσς
983 2876 1022 2944 D)
1042 2876 1066 2931 Ο
1138 2876 1156 2929 5
1175 2876 1238 2943 ἡμῖν
1253 2876 1280 2931 D

250 2948 319 3015 ήμιῖς
338 2947 365 3000 D
438 2947 455 3002 6
473 2947 519 3001 καὶ
538 2947 578 3017 τὰ]
599 2947 653 3002 εἶτα
671 2948 717 3002 καλ
735 2948 762 3001 Ι)
835 2948 860 3002 7.
880 2948 898 3002 8
915 2949 961 3003 καὶ
979 2956 1033 3008 τοῖς
1045 2948 1131 3017 λόχοις
1144 2954 1189 3001 τοῦ
1202 2949 1280 3001 καλο-

214 3025 300 3087 ιιυροῦ
324 3018 488 3087 (καλοκύρου
506 3018 545 3088 D)
572 3020 754 3089 χαυνωθέντες
773 3017 892 3089 prDt'
915 3024 954 3082 (V.
978 3018 1066 3075 Codr.
1089 3018 1232 3089 (Scylitz.)
1252 3018 1280 3073 ΙΙ

216 3106 243 3159 ρ.
262 3089 323 3153 384,
345 3091 379 3157 l),
402 3105 459 3145 0111.
478 3088 505 3144 A
603 3090 638 3145 10
655 3090 892 3158 άλαζωνικώτερον
910 3090 943 3159 Β,
961 3091 1187 3157 άλαζωνικότερον
1205 3088 1279 3159 w*p,

215 3160 466 3229 άλλαζωνικώτερον
484 3161 512 3214 Ι)
595 3162 628 3216 12
647 3162 812 3231 στρατάρχης
831 3160 858 3214 D
932 3162 965 3215 14
984 3162 1046 3230 τῶν]
1066 3161 1110 3215 τὸν
1129 3160 1153 3214 Β
1224 3160 1280 3229 ρὼς

215 3230 361 3302 DEwpDi
445 3233 485 3288 15.
506 3234 540 3288 16
557 3234 604 3289 καὶ
622 3235 638 3288 ό
655 3234 754 3288 τούτων
772 3234 883 3301 ἔξαρχος
901 3233 1034 3301 (ἐξάρχων
1052 3232 1109 3300 ΒΟ,
1130 3232 1223 3301 ἅρχων
1242 3231 1279 3297 1))

214 3304 316 3370 ό(οῐῐι.
337 3303 372 3372 0)
391 3304 609 3375 σφενθοσθλάβος
628 3304 858 3374 (σφενόόσθλαβσς
876 3303 961 3374 Ewp)
984 3304 1043 3365 τοός
1066 3324 1092 3357 τε
1115 3304 1280 3373 βουλγάρους

214 3374 364 3435 όπλλσαντες
382 3373 509 3445 prDt'‚
529 3391 586 3431 oni.
605 3375 631 3430 A
707 3378 739 3431 17
758 3375 950 3445 κικλήσκονται
969 3374 994 3429 Β
1067 3376 1102 3430 18
1118 3374 1145 3428 τ’
1186 3374 1280 3431 om.C
1363 3408 1367 3413 -

248 3448 374 3503 πανονίιιν
382 3444 444 3515 ΑΟ,
453 3450 593 3503 παννονλαν
604 3446 729 3519 Ευρῦἰ,
741 3448 876 3517 Παννονλρ
887 3446 975 3503 Cedr.
988 3445 1131 3518 (scylitz.)
1156 3446 1279 3517 1p384,

214 3516 260 3587 153
279 3534 308 3574 v.
327 3518 456 3575 Hierocl.
475 3518 536 3585 657,
552 3521 569 3575 ’λ
588 3518 781 3574 Burekhardt

160 3734 236 3803 perii
255 3732 357 3788 sedem
378 3735 561 3789 constituero
581 3734 751 3802 voluerunt,
778 3734 915 3804 Calocyri
935 3734 1121 3805 potissimum
1140 3734 1279 3804 impulsu,
1291 3728 1326 3784 18

161 3805 221 3874 qul,
250 3806 274 3859 sl
294 3805 333 3859 ab
352 3806 388 3859 iis
407 3804 612 3861 Romanorum
631 3822 686 3861 rex
706 3806 919 3877 appellaretur,
947 3820 981 3861 so
1003 3812 1034 3861 et
1052 3805 1198 3876 Bulgaria
1220 3820 1280 3860 ces

160 3890 264 3931 surum
284 3881 314 3931 et
333 3892 438 3947 pacem
458 3882 638 3947 perpetuam
657 3879 807 3932 lecturum
828 3883 859 3931 et
877 3878 971 3933 multo
990 3877 1087 3947 plura,
1107 3892 1198 3947 quom
1213 3891 1280 3946 pro·

160 3948 251 4003 missa
280 3954 381 4003 essent
405 3950 620 4018 praestiturum
649 3955 694 4004 est
725 3949 885 4021 pollicitus.
922 3948 967 4002 Illi
996 3953 1027 4004 et
1055 3948 1280 4018 provinciarum
1290 3944 1325 3998 19

160 4018 298 4073 bonitate
311 4020 400 4075 illecti
414 4024 444 4074 et
459 4018 597 4089 Calocyri
611 4021 712 4075 verbis
724 4021 820 4075 inflati
835 4035 935 4089 neque
950 4020 1056 4075 litteris
1075 4020 1157 4089 regis
1171 4019 1280 4087 omnia,

161 4106 241 4159 quae
255 4089 442 4161 Nicephorus
455 4092 648 4161 promisisset,
668 4108 701 4147 se
715 4094 923 4147 confecturum
938 4091 1113 4146 affirmantis
1131 4088 1281 4144 ausculta·

161 4168 232 4215 runt
251 4168 282 4217 et
304 4161 421 4233 legatos
445 4162 623 4219 insolentius
648 4168 826 4218 tractarunt.
863 4163 979 4227 Quibus
1008 4163 1046 4218 de
1074 4162 1174 4217 causis
1201 4159 1326 4216 baliolo

161 4247 214 4287 eos
242 4238 346 4303 petere
374 4238 499 4289 coactus
525 4234 677 4289 Romanas
706 4234 843 4305 legiones
869 4234 971 4289 Bardo
999 4232 1102 4289 Sclero
1133 4233 1279 4303 magistro

162 4304 249 4373 duee,
274 4305 369 4360 tratre
387 4306 493 4361 uxoris
512 4321 610 4376 nuper
629 4305 804 4373 deiunctae,
832 4312 938 4361 eontra
956 4305 1070 4361 Russos
1088 4306 1176 4360 misit.
1213 4304 1279 4369 Quo
1289 4302 1324 4357 21

160 4376 361 4431 barbarorum
382 4376 443 4431 dux
465 4376 744 4447 Sphendosthlabus
763 4377 923 4444 intellecto,
946 4377 1087 4447 Bulgoris
1107 4378 1231 4430 armatis
1250 4380 1281 4430 et

161 4445 288 4518 Scythis,
306 4449 357 4517 qui
371 4448 552 4503 Patninacae
566 4448 717 4519 dicuntur,
731 4454 759 4505 et
773 4448 889 4517 Tur-cis,
903 4450 954 4521 qui
968 4448 1155 4505 Pannoniam
1167 4452 1279 4516 tenent,
