3050 4775
252 379 306 440 ιτο
552 380 689 440 nonna.
708 381 807 438 arra.
826 380 895 438 τινι
915 381 958 450 1a,
978 379 1072 436 1-12.

251 564 384 646 κοίτην
406 565 522 629 οἰκείαν
544 563 703 648 ὀμευνέτιν
725 563 782 647 τὴν
807 562 983 646 Θεοδώρου
1005 567 1123 645 ταινωῖ,
1155 562 1218 627 εἶτα
1241 560 1296 626 καί
1317 561 1371 626 τὸν

251 667 321 730 υίὸν
336 665 569 750 Χριστσφδρον,
592 667 772 750 προαιρέσει
792 665 852 749 μὲν
866 673 913 749 τῷ
929 667 1034 730 δοκεῖν
1048 672 1105 730 τοῦ
1120 665 1371 738 Κωνστατπίνου,

250 775 288 853 τῇ
312 769 341 832 δ’
365 769 497 853 ἀληθείᾳ
523 770 714 853 βιαζομένου
742 768 951 852 ἀσχάλλοντδς
978 793 1011 833 τε
1040 768 1124 850 πρὸς
1155 771 1211 839 οὓς
1243 767 1372 850 ἐθάρρει

252 869 305 934 καί
328 872 362 936 ἒν
385 878 537 954 συμφορᾷ
559 871 725 954 τιθεμένου
748 870 784 933 τὰ
807 870 1015 953 πραττόμενα,
1042 870 1088 954 μὴ
1113 869 1313 953 θαρροῦντος
1336 869 1372 934 δὲ

225 973 396 1056 Ξάντερεῖν.
443 973 609 1057 ἐπιβουλῆς
638 973 672 1038 δὲ
700 972 779 1036 κατὰ
807 978 862 1036 τοῦ
882 971 1049 1056 Ῥωμανοδ
1077 973 1257 1056 γενομένης,
1291 969 1329 1055 ἧς
1351 972 1398 1036 65

217 1076 453 1160 Βσακελλάριος
474 1075 682 1159 πρωτουργδς
704 1075 743 1160 ἦν
761 1076 971 1159 Ἂναστάσιος,
1003 1076 1050 1147 ὡς
1072 1081 1119 1159 τῷ
1141 1073 1370 1158 Κωνσταντίνῳ

252 1178 351 1263 δῆθεν
373 1179 515 1262 ἀμύνων,
539 1179 686 1262 ἐγνώσθη
710 1177 746 1240 τὰ
770 1173 838 1242 κατ’
863 1177 971 1262 αὐτήν,
993 1177 1047 1241 καί
1066 1179 1097 1242 οί
1109 1177 1169 1260 μὲν
1183 1177 1369 1261 συνίστορες,

251 1281 298 1352 ὡς
320 1281 410 1356 ἔδοξε
431 1288 478 1364 τῷ
496 1280 662 1364 Ῥωμανῴ,
694 1279 925 1364 ἐκολάσθησαν,
958 1279 1035 1344 δδὲ
1063 1279 1266 1363 σακελλάριος
1293 1280 1369 1344 ἀπε-

224 1383 344 1467 3κιίρη.
389 1385 428 1466 ἢν
451 1383 486 1448 δὲ
507 1383 668 1466 πρόφασιν
690 1383 779 1466 ἔσχεν
801 1381 1004 1466 ὁῬωμιινδς
1025 1387 1081 1446 τοῦ
1104 1383 1295 1466 δποβιβάσαι
1316 1380 1370 1446 τὸν

255 1485 489 1552 Κωνσταντῖνον
511 1488 634 1570 ἑαυτοῦ,
657 1487 750 1570 μέχρι
770 1485 838 1550 τότε
852 1490 982 1569 πρῶτον
996 1486 1241 1570 εὖφημούμενον
1256 1485 1290 1550 ἕν
1304 1489 1370 1556 ταῖς
1382 1491 1417 1546 10

251 1589 467 1671 ἀναρρήσεσιν.

224 1699 242 1754 4
335 1690 377 1755 ‘0
398 1691 538 1774 Συμεὼν
561 1691 596 1756 δὲ
622 1690 703 1756 κατὰ
729 1697 785 1776 τῆς
811 1691 937 1762 πόλεως
964 1691 1115 1775 ἐκπέμπει
1143 1691 1288 1774 στρατόν·
1320 1693 1370 1755 ἵνα

252 1793 287 1858 δὲ
314 1792 359 1877 μὴ
388 1794 532 1866 ἐλθόντες
559 1794 613 1866 τὰς
640 1794 703 1878 πρδ
730 1801 786 1878 τῆς
815 1795 940 1865 πόλεως
971 1793 1199 1876 διαφθείρωσιν
1230 1791 1369 1876 ἀγλαίας,

224 1897 374 1979 ὃέπεμψε
396 1897 449 1960 καί
472 1896 673 1980 δῬωμανδς
694 1896 767 1968 τοὺς
789 1897 1047 1979 ἀντιταξομένους
1069 1897 1184 1968 αὐτοῖς.
1228 1895 1284 1960 καί
1306 1899 1370 1960 τῶν

252 1997 449 2082 Βουλγάρων
465 1999 663 2064 ἐπελθόντων
684 2001 790 2070 αὐτοῖς
810 2001 955 2064 πίπτουσι
975 1998 1036 2082 μὲν
1057 1997 1111 2062 καί
1125 2003 1190 2062 τῶν
1205 1998 1407 2082 δρχόντωνΙ)
1422 2002 1463 2058 lv
1474 2005 1508 2059 59

250 2100 368 2181 πολλοί,
400 2106 465 2166 τῶν
494 2102 530 2166 δέ
557 2125 591 2184 γε
619 2106 817 2184 στρατιωτῶν
845 2102 875 2166 σί
896 2101 955 2185 μὲν
978 2101 1098 2173 εἰςτὰς
1119 2101 1253 2185 τριήρεις
1274 2101 1369 2164 σπεύ-

252 2202 357 2275 δοντες
384 2204 517 2288 ἐμβῆναι
544 2204 788 2286 παραπλεούσας
814 2205 858 2275 εἰς
880 2204 936 2287 τὴν
958 2204 1122 2268 θάλασσαν
1145 2203 1370 2278 ἕξωλιλτθατνον

218 2305 304 2372 enat
330 2304 394 2370 ὑπὸ
421 2307 573 2391 κυμάτων
605 2306 766 2391 ἐφέροντο,
799 2308 831 2370 σί
852 2306 888 2371 δὲ
910 2306 974 2370 ὓπδ
996 2311 1061 2371 τῶν
1086 2306 1247 2391 πολεμίων
1276 2306 1368 2371 διώλ-

223 2409 352 2492 6λυντο,
376 2410 406 2473 οἱ
429 2410 463 2474 δὲ
485 2410 538 2474 καί
561 2412 675 2485 ζῶντες
698 2411 977 2494 συνελαμβάνοντο.
1023 2410 1107 2475 οὕτω
1127 2409 1162 2474 δὲ
1178 2409 1370 2493 διατεθείσης

249 2519 304 2597 τῆς
318 2512 497 2596 Ῥωμαϊκῆς
519 2518 661 2596 στρατιᾶς
683 2513 762 2578 κατὰ
778 2512 833 2585 τὰς
847 2512 972 2597 Πηγάς,
994 2514 1032 2576 τά
1054 2536 1086 2577 τε
1108 2512 1176 2577 ἐκεῖ
1194 2512 1270 2577 ὄντα
1292 2512 1415 2576 ἀνά-20

250 2642 348 2702 κτορα
372 2618 402 2682 οἱ
418 2616 598 2700 Βούλγαροι
620 2616 842 2700 ἐπυρπόλησαν
864 2617 918 2681 καί
932 2614 1026 2680 τᾶλλα
1042 2616 1102 2680 ὅσα
1118 2616 1151 2679 ἐν
1169 2621 1216 2699 τῷ
1237 2616 1370 2699 αἰγιαλῷ

305 2831 319 2885 l
340 2834 412 2885 ante
430 2838 524 2884 ταινιοΐ
539 2829 608 2883 add.
628 2830 770 2899 διαδήματι
790 2829 817 2882 Ι)
925 2828 943 2883 3
960 2828 1120 2897 ἅσχάλοντος
1139 2826 1201 2893 ΕΙ),
1221 2842 1298 2883 corr.
1317 2827 1369 2887 Dw

304 2903 322 2958 5
340 2902 457 2970 ἀντερεῖν
475 2900 558 2971 pr,
577 2900 705 2955 ἀπεπτεῖν
723 2899 760 2966 Ι),
780 2901 908 2969 δνταιρεῖν
926 2901 962 2965 A,
981 2900 1064 2955 unde
1082 2900 1213 2967 ἀνταίρειν
1231 2896 1275 2954 Di

306 2969 522 3040 leutranno,
541 2972 620 3028 αὗτδν
640 2970 671 3041 Ε,
690 2972 762 3041 αὐτῷ
782 2972 826 3026 w*
920 2972 953 3027 17
971 2972 1136 3042 λμβληθῆναι
1154 2970 1182 3025 D
1253 2972 1368 3039 παραπλ.

303 3042 452 3116 ε’μβῆναιῦ
523 3044 713 3108 έξωλίσθαινον
729 3048 801 3098 ante
812 2988 850 3103 ιθ
864 3043 936 3113 Ewp
1009 3044 1044 3097 18
1062 3049 1133 3098 ante
1151 3041 1280 3110 κυμάτων
1299 3042 1369 3097 add.

304 3124 357 3171 τῶν
375 3115 426 3173 CD
500 3116 533 3171 19
552 3114 582 3171 δὲ
601 3116 729 3171 alterum
749 3130 807 3171 om.
829 3114 853 3169 Ε
924 3113 967 3170 20.
987 3114 1021 3169 21
1041 3116 1102 3169 tna
1120 3119 1192 3170 ante
1210 3114 1238 3168 oi
1254 3112 1277 3171 C

250 3320 319 3384 post
337 3328 465 3370 uxorem
485 3326 608 3386 quoque
625 3328 712 3368 suam
731 3310 923 3367 Theodoram
943 3310 1115 3366 diademate
1133 3316 1230 3379 ornat,
1259 3310 1370 3367 deinde

251 3392 280 3440 et
293 3385 386 3441 filium
400 3385 648 3458 christophorum
666 3382 833 3451 voluntate,
851 3388 887 3438 ut
905 3382 1001 3438 videri
1021 3382 1152 3450 volebat,
1171 3380 1369 3450 Constantini,

250 3456 303 3511 sed
323 3472 357 3512 re
376 3472 451 3512 vera
469 3459 564 3513 invito
584 3456 634 3513 illo
656 3460 686 3510 et
705 3459 912 3524 conquerente
931 3453 1014 3525 apud
1032 3469 1094 3522 eos,
1117 3453 1229 3523 quibus
1247 3453 1368 3521 fidebat,

223 3526 280 3583 iet
298 3536 368 3584 acta
387 3530 437 3583 illa
453 3530 655 3596 abominante,
675 3527 815 3596 quamvis
827 3526 979 3595 refragari
993 3541 1053 3580 non
1067 3523 1202 3579 auderet
1239 3523 1368 3592 Insidiis,

250 3616 326 3669 quas
344 3600 481 3655 Romano
500 3598 680 3655 Anastasius
698 3597 882 3665 sacellarius,
907 3597 1049 3667 princeps
1068 3596 1294 3664 coniurationis,
1313 3612 1368 3666 pro

250 3672 427 3727 defensione
458 3672 564 3742 utique
594 3669 784 3729 Constantini
814 3673 986 3739 paraverat,
1018 3667 1222 3737 deprehensis,
1255 3668 1369 3723 conscii

222 3742 398 3798 tlarbitratu
411 3742 538 3798 Romani
555 3744 652 3815 puniti
671 3746 749 3807 sunt,
769 3740 944 3795 sacellarius
963 3745 1076 3795 tonsus.
1112 3738 1218 3809 anue
1231 3738 1367 3794 Romano

250 3816 369 3869 occasio
388 3815 446 3869 init
465 3814 652 3869 Constantini
672 3813 752 3870 inira
770 3826 803 3866 se
822 3811 998 3879 collocandi,
1027 3826 1096 3865 cum
1119 3810 1145 3864 is
1169 3810 1315 3865 hactenus
1337 3811 1367 3864 in

250 3884 538 3953 proclamationibus
557 3892 587 3941 et
605 3884 841 3942 salutationibus
858 3883 990 3953 priorem
1008 3882 1109 3939 locum
1127 3881 1305 3937 tennuisset.

222 3954 240 4009 4
339 3955 413 4012 Cum
436 3955 567 4026 Symeon
590 3958 758 4013 exereitum
782 3961 889 4009 contra
914 3954 1020 4008 urbem
1048 3952 1184 4020 misisset,
1212 3951 1368 4008 Romanus

250 4041 372 4097 quoque
390 4027 497 4083 milites
517 4028 653 4083 hostibus
673 4026 823 4100 opposuit,
842 4040 881 4081 ne
899 4023 1096 4079 suburbanae
1115 4023 1313 4079 amoenitates
1327 4024 1367 4078 ab

221 4096 285 4154 tiis
304 4102 506 4154 vastarentur.
543 4098 625 4164 Quos
645 4114 713 4154 cum
732 4097 858 4170 Bulgari
875 4096 1014 4167 aggressi
1034 4102 1143 4163 essem,
1168 4095 1254 4150 multi
1276 4096 1367 4150 etiarn

250 4185 287 4224 ex
307 4170 495 4241 principibus
515 4171 698 4239 ceciderunt,
721 4173 829 4227 milites
849 4168 958 4239 partim
976 4167 1017 4221 ad
1035 4171 1265 4237 praetereuntes
1283 4166 1367 4222 trire-

250 4256 312 4296 mes
331 4241 509 4297 iestinantes
528 4244 559 4297 in
578 4258 663 4298 mare
681 4244 814 4314 prolapsi
833 4239 975 4298 fluctibus
993 4240 1180 4306 ferebantur,
1198 4239 1308 4309 partim
1327 4239 1367 4294 ab
1383 4246 1387 4249 ’

222 4312 385 4368 bhostibus
409 4315 581 4381 interibant,
610 4315 718 4385 partim
741 4316 805 4369 vivi
828 4311 1037 4385 capiebantur.
1073 4310 1210 4366 Romano
1230 4312 1367 4383 exercitu

250 4384 289 4439 ad
307 4384 407 4457 Pegas
433 4386 477 4441 sic
504 4392 639 4458 accepto,
667 4385 794 4459 Bulgari
816 4388 933 4459 regiam
956 4383 1035 4439 illins
1058 4383 1117 4439 loci
1141 4388 1315 4440 cremarunt
1336 4388 1367 4438 et
