3050 4775
354 467 509 526 BASILIO
529 467 861 525 PRAENVNTIATVR
880 467 1079 525 IMPERIVM.
1221 467 1275 524 409

155 657 209 736 τῆς
232 651 267 716 ὑὲ
288 649 370 735 πρὸς
392 650 428 716 τό
451 653 544 734 ἔργον
572 651 763 736 χωρησάσης
791 651 885 724 αὖθις
908 653 927 715 ὑ
949 651 1039 723 ἀετὸς
1066 650 1198 735 προσῄει
1228 658 1301 734 τῷ)

153 755 264 837 βρέφει
296 756 500 837 κοιμωμένῳ,
534 754 681 818 ἐπιτελῶν
713 755 747 819 τὸ
779 756 995 838 λειτούργημα,
1041 755 1094 818 καί
1122 756 1142 838 ή
1169 755 1301 838 μήτ-ηρ8

154 858 246 920 πάλιν
277 881 309 920 τε
339 857 534 941 τεθορύβητο
562 858 615 921 καί
643 858 738 921 αὑτὸν
767 859 953 922 άπεόίωκεν.
999 857 1046 928 ὡς
1070 857 1104 921 όέ
1126 857 1302 927 πολλόκιςθ

155 965 246 1023 τοῦτο
278 959 407 1040 ἐγένετο,
440 961 483 1030 είς
510 959 712 1044 συναίσθησιν
741 959 799 1044 ήκε
826 961 880 1024 καί
908 959 1044 1044 χρηστὸν
1066 960 1217 1042 ὑπείληφε
1239 959 1274 1022 τὸ

129 1067 285 1144 ὑπρᾶγμα
309 1063 471 1144 οἰώνισμα.
517 1062 578 1144 ήόη
604 1062 638 1126 ὑὲ
661 1064 757 1126 αὑτοῦ
781 1061 1036 1146 ὑπερβεβηκότος
1057 1062 1111 1125 τὸν
1127 1047 1320 1144 μείρακα,Ῑὺ

156 1164 300 1247 ὁπατὴρ
323 1165 381 1247 μέν
404 1165 551 1228 κατέλυσε
573 1165 629 1248 τήν
656 1167 752 1248 ζωήν,
786 1168 805 1249 ή
831 1165 865 1229 ὑί
886 1166 991 1248 μήτηρ
1014 1165 1112 1228 αὑτοῦ
1134 1163 1215 1246 πρὸς
1237 1169 1275 1247 τῇ

155 1269 244 1348 πενίᾳ
276 1268 328 1330 καί
356 1273 420 1338 τοῖς
445 1273 500 1350 τῆς
526 1269 653 1350 γηρείας
679 1275 792 1338 κακοῖς
818 1269 962 1341 ἐπιέζετο.
1009 1268 1028 1330 ό
1051 1267 1086 1331 ὑὲ
1108 1272 1172 1329 τῶν
1193 1265 1317 1348 πρὸςλλ

155 1369 190 1432 τὸ
214 1371 271 1453 ζῆν
294 1369 475 1452 ἀναγκαίων
497 1369 541 1453 μή
566 1371 723 1452 εὐπορῶν,
757 1372 839 1452 ἔγνω
868 1371 978 1453 μισθῷ
999 1369 1081 1451 πρὸς
1103 1369 1275 1451 ὑπηρεσίαν

156 1470 268 1535 ἑαυτὸν
290 1472 440 1535 ἔκόοῦναί
459 1490 525 1535 τινι·
553 1472 607 1536 καί
629 1474 710 1554 ἄρας
732 1475 851 1556 ἔρχεται
874 1471 956 1555 πρός
978 1471 1033 1553 τήν
1055 1469 1274 1553 μεγαλόπολιν.

115 1573 252 1655 ΙΟόιγίας
275 1574 310 1638 ὑὲ
331 1573 387 1657 τήν
409 1581 463 1657 τῆς
485 1574 608 1646 πόλεως
631 1576 782 1639 εἰσελθὼν
800 1576 910 1658 πύλην,
935 1577 954 1657 ἣ
971 1574 1106 1638 καλεῖται
1121 1571 1273 1654 Χρυσείο,
1287 1583 1319 1635 12

155 1676 242 1758 παρὰ
265 1684 312 1759 τῴ
334 1684 403 1759 ναῷ
425 1683 480 1740 τοῦ
504 1679 594 1759 ἁγίου
611 1678 792 1761 Διομήδους
814 1678 979 1741 κατέλυσεν
1000 1679 1093 1741 οὔπω
1108 1681 1193 1758 μονῇ
1207 1674 1274 1738 τότε
1285 1684 1341 1738 ΡΙΙ
1351 1682 1434 1738 164Α

154 1781 345 1862 τυγχάνοντι·
378 1779 431 1842 καί
458 1780 565 1844 πεσὼν
592 1783 655 1854 ἔξω
682 1786 737 1844 τοῦ
760 1781 908 1863 τεμένους
930 1779 1117 1861 κατέόαρθε.
1163 1776 1275 1847 νυκτὸς
1286 1785 1319 1839 13

156 1881 190 1944 ὑὲ
212 1889 258 1963 τῷ
284 1889 340 1945 τοὺ
367 1889 446 1946 ναοῦ
474 1882 628 1964 νεωκόρῳ
656 1883 735 1964 ὄναρ
758 1884 778 1945 ὁ
800 1884 921 1965 μάρτυς
948 1883 1105 1965 ἐφίσταται
1136 1880 1190 1943 καί
1220 1879 1275 1942 τόν

156 1984 282 2066 βασιλέα
315 1983 401 2055 ἐντὸς
429 1986 601 2067 εἰσαγαγεῖν
630 1985 828 2067 έγκελεὺεται.
874 1985 893 2048 ὁ
917 1985 951 2048 ὑὲ
980 1984 1119 2058 ἐξελθὼν
1145 1983 1199 2046 καί
1221 1982 1275 2046 τὸν
1285 1991 1318 2044 14

32 2107 54 2130 0
113 2085 319 2150 ΙὸΒσσίλειον
342 2087 446 2168 εὑρὼν
469 2087 517 2152 ἐπὶ
533 2087 628 2170 ψιλοῦ
643 2094 699 2152 τοῦ
716 2089 856 2171 ἐδάφους
872 2088 1081 2168 ὑπνώττοντα,
1104 2086 1273 2170 φάντασμα

158 2297 192 2351 12
208 2297 268 2366 περί
287 2307 331 2352 τσῦ
350 2298 454 2368 ὀνείρου
473 2308 517 2354 τοῦ
537 2301 664 2368 φανέντος
683 2309 720 2368 τῷ
733 2302 863 2370 νεωκόρῳ
882 2307 927 2354 τοῦ
945 2307 1010 2354 ναοῦ
1028 2299 1059 2353 ἕκ
1073 2302 1141 2364 (om.
1152 2297 1214 2365 AC)
1228 2306 1273 2352 τοῦ

155 2369 231 2439 ἁγίου
250 2370 399 2442 Διομήδους
419 2372 590 2443 (νικομήόους
610 2371 645 2441 Ε)
664 2369 740 2429 Aci:

210 2564 223 2616 l
243 2572 295 2623 τοῖς
309 2563 344 2633 D,
358 2572 402 2634 τῆς
416 2580 492 2619 corr.
506 2564 557 2623 Dw
620 2564 663 2619 τόν
680 2564 715 2632 D,
728 2564 757 2619 τό
770 2580 846 2620 corr.
857 2564 908 2622 Dw
967 2564 1075 2635 προςήει
1090 2569 1166 2619 extr.
1180 2579 1273 2619 versu

209 2650 265 2688 om.
279 2634 315 2702 D,
334 2636 433 2706 suppl.
446 2636 497 2695 Dw
570 2636 634 2689 216
654 2676 734 2691 .....
744 2656 818 2705 σημα
832 2636 868 2701 Ι),
888 2636 917 2689 τό
935 2636 1111 2704 λειτούργημα
1130 2651 1207 2690 corr.
1220 2634 1272 2693 Dw

208 2706 263 2759 23
280 2707 389 2775 μήτηρ)
407 2747 536 2761 ........
555 2708 632 2761 πόλιν
646 2707 672 2762 D
687 2709 841 2772 (omissum
855 2713 900 2762 est
914 2706 1087 2776 τεθορύβητο)
1159 2707 1272 2761 3πόλιν

208 2798 234 2830 τε
252 2778 414 2850 τεθορύβητο
433 2777 543 2849 AEwp,
571 2780 733 2850 τεθορύβητο
751 2780 830 2833 πάλιν
852 2778 908 2845 BC,
933 2778 1012 2831 πάλιν
1034 2780 1197 2847 τεθορύβητο
1220 2778 1272 2837 Dw

208 2847 225 2901 4
242 2850 341 2916 ἐγένετο
361 2866 417 2903 om.
438 2849 460 2905 C
564 2850 626 2918 παρ’
643 2850 720 2904 ἀετοῦ
738 2852 865 2918 αἴσθησιν
884 2850 919 2918 D,
939 2851 976 2909 εἷς
994 2850 1165 2917 συναίσθησιν
1184 2848 1236 2907 Dw

242 2921 371 2989 ἀνείληφε
391 2922 415 2975 Ε
523 2921 540 2976 5
560 2923 771 2992 ὑπερβεβυκότσς
789 2921 825 2988 Ι),
845 2937 922 2975 corr.
942 2920 1001 2988 Dw,
1021 2922 1220 2990 ὑπερββηκότος
1239 2921 1271 2985 E,

208 3007 282 3045 corr.
303 2992 350 3050 Ew
449 2994 493 3047 τόν
511 2994 626 3061 μείρακα
645 2994 676 3047 in
695 2993 749 3047 lac.
769 2992 827 3046 XII
846 2993 934 3047 litter.
954 2992 1023 3046 add.
1044 2992 1094 3049 Dw
1191 2992 1272 3046 6καί

207 3078 244 3116 ex
257 3063 295 3133 μὴ
310 3069 381 3118 mut.
394 3064 430 3131 D,
448 3064 497 3133 μὲν
516 3080 592 3118 corr.
605 3062 656 3121 Dw
728 3064 867 3118 κατέλυσεν
880 3063 916 3129 D,
937 3080 1012 3118 corr.
1026 3064 1077 3121 Dw
1149 3062 1165 3115 ‘i
1184 3063 1271 3123 αὐτοῖς

205 3136 300 3202 χηρίας
321 3134 354 3201 Ι),
375 3144 419 3206 τῆς
436 3138 545 3205 χηρείας
564 3151 640 3189 corr.
660 3134 711 3191 Dw
810 3136 828 3190 8
846 3135 892 3189 καί
910 3136 1019 3202 ἀπόρων
1037 3135 1073 3201 D,
1092 3134 1129 3203 μή
1149 3134 1272 3201 εὐπορῶν

207 3222 282 3260 corr.
301 3205 354 3263 Dw
435 3206 562 3261 θέσμιόν
580 3204 705 3277 prDz',
725 3206 810 3260 ἓαυτῶ
829 3206 856 3259 Α
936 3206 971 3259 10
988 3206 1012 3259 ὥ
1032 3206 1068 3272 D,
1087 3208 1103 3275 ἢ
1123 3222 1199 3259 corr.
1219 3205 1272 3263 Dw

241 3278 340 3345 χρυσέα
360 3276 386 3331 D
485 3279 526 3331 11.
548 3278 581 3331 12
600 3278 740 3331 κατέλυσεν
758 3278 1020 3346 οὔπω-τυγχάνοντι
1039 3277 1127 3344 AEW,
1146 3277 1271 3331 καιίλυαε

206 3348 356 3413 (κατέλυσεν
376 3348 423 3419 p*)
443 3351 551 3404 ceteris
571 3350 687 3403 omissis
707 3349 808 3418 OpWo
821 3349 871 3402 lat.
1004 3349 1037 3403 13
1057 3354 1124 3418 post
1142 3349 1271 3417 νεωκόρῳ

206 3420 275 3473 add.
294 3419 370 3473 ούπω
390 3419 439 3488 γὰρ
458 3421 491 3489 ἦν
509 3422 647 3489 γενόμενος
665 3428 805 3488 μοναοτῶν
825 3420 962 3489 (μοναγῶν
981 3420 1019 3489 D)
1037 3420 1201 3489 ἀακητήριον
1220 3420 1271 3482 (mi-

205 3491 314 3617 ιὸτήριοη
332 3491 363 3560 p)
383 3491 484 3561 OpWo
504 3492 554 3546 lat.
573 3496 604 3563 (p
624 3492 689 3546 siue
708 3491 802 3547 dubio
822 3508 861 3546 ex
882 3507 942 3547 uno
961 3492 997 3560 P)
1152 3490 1185 3545 15
1204 3490 1271 3546 ἰδὼν

269 3578 285 3615 ο
316 3568 354 3616 at.

151 3753 189 3807 ad
211 3768 288 3823 opus
307 3770 439 3820 reversa,
468 3754 574 3808 eadem
604 3754 706 3824 aquila
730 3754 809 3808 idem
830 3756 957 3809 odicium
983 3755 1091 3809 iut‘auti
1111 3754 1271 3808 dormienti

152 3829 310 3894 praestans
329 3826 428 3893 adest,
448 3832 544 3880 mater
563 3827 723 3895 perterrita
743 3826 844 3880 denuo
865 3827 944 3879 iiiam
958 3827 1063 3894 abigit.
1101 3826 1189 3888 Quod
1202 3826 1306 3877 eumd.
1325 3824 1343 3877 9

151 3910 242 3966 saepe
267 3898 359 3963 tieret,
387 3912 420 3950 re
449 3898 583 3964 cogitata
603 3898 714 3951 bonum
735 3898 899 3965 augurium
919 3912 984 3951 esse
1003 3896 1157 3950 iudicavit.
1196 3896 1269 3950 Cum
1284 3894 1317 3948 10

151 3968 209 4020 iam
224 3969 248 4021 is
262 3968 453 4033 adolevisset,
474 3974 560 4037 patre
574 3975 692 4022 mortue
708 3973 805 4021 mater
819 3975 940 4038 praeter
953 3968 1142 4038 paupertatis
1161 3969 1272 4022 iucem·

151 4038 240 4093 meda
260 4040 350 4093 etiam
371 4039 527 4093 viduitatis
546 4039 630 4093 maiis
650 4040 858 4109 premebatur3
886 4041 959 4108 ipse,
984 4040 1035 4108 qui
1056 4054 1117 4092 uon
1137 4039 1271 4104 haberet,
1286 4038 1315 4089 ii

152 4110 234 4164 uude
253 4112 379 4176 viveret,
400 4126 523 4180 operam
543 4125 629 4163 suam
643 4110 732 4165 uiieui
747 4111 886 4164 mercede
905 4111 1008 4164 locare
1021 4110 1164 4164 decrevit.
1201 4110 1271 4163 Pro·

153 4181 250 4235 suetus
269 4182 363 4250 igitur
382 4183 411 4235 in
433 4197 574 4251 maguam
603 4182 708 4235 urbem
730 4188 759 4235 et
779 4182 898 4251 vesperi
918 4198 973 4251 per
991 4181 1124 4235 Auream
1154 4187 1271 4252 portam
1286 4180 1316 4233 iz)

152 4252 308 4321 ingressus
327 4254 413 4306 iuxta
432 4252 538 4307 aedem
558 4251 587 4308 S.
600 4251 754 4307 Diomedis
768 4254 913 4319 (nondum
933 4253 1013 4307 euim
1026 4253 1067 4306 ibi
1087 4260 1152 4307 erat
1170 4268 1271 4307 meua·

152 4324 288 4391 sterium)
316 4330 404 4378 extra
432 4339 551 4380 sacrum
581 4330 750 4393 prostratus
781 4325 972 4379 obdormivit.
1021 4322 1120 4377 Noetu
1147 4323 1270 4378 aedituo
1284 4322 1317 4375 13

151 4400 266 4463 martyr
294 4410 349 4465 per
377 4410 513 4449 amrinum
543 4404 671 4464 aptaret
700 4401 728 4449 et
756 4411 860 4465 regern
894 4395 1044 4449 introduci
1072 4395 1165 4450 iubet.
1213 4395 1272 4459 Qui
1283 4393 1316 4447 14

151 4480 294 4535 egressus
323 4482 390 4521 eum
415 4466 558 4521 Basiliam
585 4412 668 4521 λτααιί
697 4466 894 4522 dormientem
921 4468 1095 4535 invenisset,
1122 4468 1271 4523 somnium
