3050 4775
586 512 749 569 Praefatio.
1148 511 1223 567 XIII

103 695 227 773 Ιαεττττε,
251 697 391 780 quaein
415 694 539 762 dnobus
562 696 792 761 recentioribus
814 694 905 761 libris
927 694 987 760 DE
1011 694 1108 760 XVII
1130 695 1163 778 2,
1175 694 1219 759 32

105 805 133 881 (ὃ
158 804 254 886 γνοὺς
277 804 296 869 ὁ
315 804 467 887 Ἰωάννης
567 804 660 888 ἀπῄει
682 803 763 887 πρὸς
778 802 819 867 τὸ
835 803 1028 887 ὀχύρωμα,
1051 803 1224 866 κάντεῦθεν

104 912 168 975 ἐκεῖ
180 912 333 975 συνέθεον
348 912 490 983 ἅπαντες·
513 912 568 975 καὶ
582 912 651 994 ἥλω
667 911 825 975 κάκείνων
840 911 966 994 σπονδῇ
981 910 1021 973 τὸ
1039 910 1222 993 ὀχύρωμα

105 1020 170 1098 ...)
186 1016 264 1083 iude
281 1024 353 1083 orta
368 1024 447 1101 erat,
472 1017 559 1101 quod
575 1018 682 1085 scriba
698 1016 820 1083 codicis
839 1016 1020 1102 archetypi,
1045 1036 1116 1081 cum
1141 1017 1223 1082 oculi

103 1146 122 1189 a
145 1124 254 1210 priore
281 1126 437 1209 ὀχύρωμα
462 1126 666 1191 aberrassent
693 1121 735 1189 acl
758 1126 929 1207 insequens
952 1122 1030 1188 illud
1055 1124 1223 1207 ὀχύρωμα,

105 1234 256 1297 omiserat
278 1233 450 1297 κάντεῦθεν
472 1269 516 1279 -
539 1234 706 1316 ὀχύρωμα,
741 1230 951 1297 coniectura¹
975 1230 1036 1297 viri
1059 1229 1224 1297 cniusdam

104 1338 191 1405 docti
208 1340 243 1403 in
259 1338 349 1405 libris
365 1338 419 1404 BC
435 1339 584 1425 suppleta
600 1346 649 1405 est
666 1339 731 1405 his:
758 1340 813 1403 nal
836 1341 921 1404 οὕτω
944 1340 1130 1411 καταιδέσας
1152 1338 1225 1409 τοὺς

107 1448 296 1530 στρατιώτας
311 1449 400 1531 ἔσχεν
416 1448 590 1531 ἑπομένως
614 1448 701 1531 αὐτῷ
723 1447 778 1511 καὶ
800 1447 868 1530 ἥλω
891 1447 927 1511 τὸ
950 1448 1115 1530 φρούρων.
1161 1446 1225 1513 Ne-

105 1573 165 1636 que
182 1573 260 1619 vero
277 1552 339 1619 bac
354 1552 424 1619 sola
439 1554 563 1619 ratione
579 1552 718 1620 editores
734 1554 915 1637 ByzautIni‚
937 1560 973 1618 nt
988 1552 1051 1619 hoc
1067 1552 1224 1618 vocabulo

105 1668 186 1744 utar,
202 1660 349 1726 Zonarae
360 1660 461 1726 verba
473 1659 662 1745 depravare,
687 1666 893 1743 commutare,
909 1660 1080 1746 supplere¹
1097 1666 1225 1726 conten·

106 1767 235 1850 debant,
258 1766 317 1833 sed
340 1768 467 1833 omnino
484 1766 633 1833 videntur
649 1766 789 1852 quodam
804 1766 911 1833 studio
927 1769 1044 1833 arsisse
1060 1767 1225 1852 scriptoris

106 1894 205 1957 genna
240 1872 370 1939 dicendi
399 1894 477 1939 sanc
509 1874 631 1940 varium
665 1873 707 1940 ad
731 1874 875 1957 meliora,
907 1894 991 1958 qnae
1019 1853 1224 1959 putabantur,

107 1981 254 2067 exempla
276 1980 418 2065 tingendi
431 1984 454 2047 ³.
501 1981 668 2065 Quocirca,
693 1982 755 2047 etsi
778 1983 811 2046 in
834 1981 1003 2066 propatulo
1027 1989 1079 2047 est
1096 2002 1226 2049 concur-

107 2109 174 2153 sum
191 2088 364 2154 earundem
380 2090 506 2155 articuli
523 2088 693 2155 formarum
717 2110 781 2155 non
805 2090 939 2154 vitatum
964 2109 1034 2155 esse
1056 2110 1078 2154 a
1098 2090 1226 2155 Zonara

107 2200 149 2277 (τ.
175 2195 217 2260 ad
240 2197 319 2261 XIV
346 2199 396 2279 ll,
408 2198 452 2278 9),
477 2203 583 2262 tamen
608 2196 749 2263 eiusdem
774 2197 884 2278 (XVII
907 2196 1006 2280 5,43)
1034 2197 1070 2262 τὸ
1093 2196 1151 2269 ούς
1172 2199 1224 2263 ἐκ-

106 2310 206 2387 τεμεῖν
228 2310 283 2367 τοῦ
306 2306 403 2369 ἴττνταυ
425 2312 489 2369 τοῦ
512 2312 579 2390 τοῦ
599 2306 702 2369 Φωκᾶ
717 2306 750 2369 iu
767 2304 949 2387 quindecim
965 2304 1054 2370 libris
1072 2306 1227 2371 recentio-

108 2413 194 2478 ribus
210 2431 250 2476 ex
266 2411 390 2494 codem,
415 2417 502 2498 puto,
526 2412 679 2478 derivatis
695 2412 786 2478 fonte
806 2418 1001 2478 commutata
1020 2432 1091 2477 esse
1113 2414 1147 2478 in
1169 2419 1225 2477 τοῦ

107 2522 203 2582 ἵππου
226 2526 281 2584 τοῦ
309 2520 413 2584 Φωκᾶ
440 2519 476 2584 τὸ
505 2519 561 2591 orig
591 2522 728 2603 ἐκτεμεῖν
751 2541 772 2585 a
794 2520 886 2585 nobis
910 2519 944 2584 in
967 2519 1079 2585 diariis
1102 2520 1226 2605 Byzan·

109 2626 233 2692 tinisa.
267 2627 351 2692 1892
380 2628 421 2707 (Ι)
451 2647 482 2712 p.
506 2627 570 2692 221
596 2627 650 2691 lin.
681 2628 742 2693 lot
768 2629 948 2712 expositum
971 2633 1030 2692 est.
1078 2626 1226 2694 Ceterum

107 2736 189 2800 sient
212 2733 324 2816 negari
347 2754 410 2799 ττοττ
435 2740 540 2818 potest
563 2734 662 2799 verba
685 2735 823 2819 repetita
846 2734 982 2819 Polybio
1006 2733 1134 2818 quidem
1161 2754 1225 2800 non

109 2841 204 2906 luisse
227 2840 395 2906 offensioni
419 2845 462 2922 (v.
487 2841 648 2907 Hultschii
672 2841 748 2906 edit.
772 2842 887 2925 Polyb.
911 2849 933 2906 t
958 2842 974 2906 I
997 2863 1030 2927 p.
1046 2841 1125 2906 XLI
1140 2862 1166 2909 s.
1191 2847 1223 2908 et

108 2955 233 3013 nostrae
258 2954 280 3014 t.
304 2947 338 3013 II
361 2969 393 3033 p.
416 2949 543 3013 LXVII
567 2970 639 3014 nnn.
667 2951 708 3030 1),
738 2949 785 3014 ita
812 2968 870 3034 per·
897 2969 932 3014 se
955 2955 1047 3034 patet
1071 2949 1155 3014 hanc
1178 2948 1226 3013 di·

108 3055 200 3120 cenrli
224 3057 292 3122 sive
315 3055 544 3140 negligentiam
573 3057 641 3121 sive
670 3056 869 3121 ieiunitatem
898 3055 1107 3122 libentissime
1130 3076 1225 3142 posse

108 3161 241 3228 concedi
258 3163 413 3229 Zonarae.
460 3162 525 3229 Sed
545 3183 616 3228 cum
638 3182 768 3248 prorsus
790 3163 883 3228 aliter
906 3163 969 3229 bac
991 3162 1034 3229 de
1057 3164 1224 3229 verborum

108 3269 296 3354 repetitione
325 3271 481 3336 sentirent
508 3269 632 3336 iudices
661 3271 766 3336 critici
788 3270 960 3355 Byzantini
989 3269 1155 3336 1·atitalia
1184 3271 1225 3336 ab

108 3396 165 3442 usn
188 3377 353 3463 scriptoris
376 3377 533 3463 elegantis
556 3378 737 3461 abhorrere,
761 3397 825 3443 nou
849 3375 1041 3444 dubitabant
1063 3378 1225 3463 plerisque

108 3482 187 3550 locis
215 3483 302 3550 istud
331 3483 416 3568 quod
447 3485 604 3570 putabant
632 3484 746 3551 vitium
774 3485 946 3570 expellere.
993 3485 1107 3568 ltaque
1130 3483 1226 3550 XVII

196 3676 376 3743 ¹Qnocirca
402 3678 485 3734 hand
509 3681 552 3732 ita
578 3680 726 3734 carebunt
751 3678 1022 3734 verisimilitudinis
1050 3678 1153 3747 specie
1180 3693 1225 3744 ea,

109 3781 188 3837 quac
207 3783 262 3824 nos
286 3770 318 3822 iu
338 3768 441 3822 diariis
460 3767 635 3838 Byzantinis
655 3783 682 3822 a.
702 3768 773 3824 1892
792 3767 828 3836 (Ι)
849 3784 877 3838 p.
896 3769 949 3823 597
969 3767 1007 3822 de
1025 3767 1136 3821 lacuna
1155 3782 1227 3835 qua·

110 3857 176 3911 darn
196 3859 226 3912 in
247 3857 313 3912 cod.
331 3856 493 3912 Mutinensi
512 3856 541 3910 ll
559 3856 581 3910 F
602 3857 636 3911 12
655 3857 795 3927 suppleta
814 3858 959 3926 suspicati
978 3870 1090 3923 sumus,
1110 3855 1227 3925 quade

110 3950 284 4002 coniectura
302 3963 364 4001 non
384 3951 466 4001 reete
484 3947 636 4000 iudinasse
656 3946 778 4001 videtur
796 3945 1023 4001 Boissevainius
1044 3945 1129 4015 (Byz.
1150 3943 1227 3998 Zeit-

106 4036 185 4091 scbr.
204 4053 231 4091 a.
253 4037 322 4091 1893
339 4035 401 4104 (IV)
421 4053 448 4106 p.
459 4035 513 4090 263
532 4051 600 4090 ann.
611 4036 647 4102 2).
680 4035 845 4090 Praeterea
863 4051 891 4088 v.
911 4034 951 4088 ad
969 4033 1024 4089 XV
1042 4034 1131 4101 24,18
1149 4039 1225 4088 extr.

196 4123 209 4162 ⁹
226 4125 260 4180 V.
280 4125 320 4180 ad
339 4125 408 4180 XIV
428 4125 470 4193 10,
480 4125 523 4180 33.
552 4125 607 4180 XV
626 4126 703 4194 19,1.
723 4124 820 4193 29,19.
848 4123 918 4178 XVI
936 4125 962 4192 4,
972 4123 1015 4178 29.
1036 4123 1078 4190 15,
1089 4124 1114 4178 7.
1141 4121 1226 4176 XVII

106 4215 131 4282 9,
141 4215 185 4270 34.
204 4214 303 4280 2821.
322 4213 423 4270 XVIII
441 4214 502 4282 7,ύ.
521 4214 600 4282 8,13.
622 4214 664 4268 14.

195 4302 207 4341 ³
226 4304 383 4369 Quomodo
403 4305 434 4358 hi
452 4305 511 4358 viri
536 4303 617 4359 docti
641 4303 807 4372 pleonasmi
830 4303 969 4373 figuram,
998 4316 1060 4371 que
1078 4300 1226 4356 Zonaram

107 4399 227 4450 constat
246 4394 353 4450 eadm
373 4395 493 4448 ratione
511 4408 578 4448 esse
597 4407 686 4448 usum
705 4398 800 4464 atque
812 4392 972 4463 Polybium
991 4389 1226 4459 (v.Kaelkerum

106 4490 222 4552 quaest.
238 4484 276 4540 de
289 4484 362 4540 eloe.
375 4483 482 4554 Polyb.
501 4482 582 4553 Llps.
597 4483 668 4538 1880
685 4499 714 4553 p.
724 4482 798 4551 272),
816 4481 1000 4548 sustulerint,
1020 4495 1077 4534 nos
1090 4479 1130 4532 ad
1141 4477 1227 4533 XVII

103 4573 144 4644 26,
155 4575 191 4628 21
213 4575 381 4629 docuimus.
